2212 2835
442 208 521 249 234
949 190 1347 228 ORATio

443 292 622 334 barbaris,
644 291 769 327 civem
790 301 832 325 ac
852 287 1068 340 supplicem
1088 286 1253 324 vestrum
1274 285 1459 324 dederetis
1476 303 1487 330 ;
1512 299 1559 323 ne
1578 285 1829 338 periculosam

442 357 699 394 imitationem
719 354 890 407 exempli
910 353 1068 405 reliquis
1090 353 1129 390 in
1150 352 1343 405 posterum
1368 352 1589 404 proderetis.
1622 353 1706 396 Sed,
1737 365 1829 388 cum

443 423 491 459 L.
516 422 645 459 Flacci
666 434 722 458 res
743 429 889 472 agatur,
919 420 1028 470 cujus
1049 432 1096 456 ex
1116 417 1263 456 familia
1289 419 1357 469 qui
1383 418 1532 470 primus
1559 417 1691 456 consul
1710 415 1833 454 factus

443 487 508 531 est,
541 488 688 540 primus
720 486 760 523 in
791 484 863 523 hac
892 485 1047 522 civitate
1079 483 1212 522 consul
1243 483 1332 528 fuit,
1369 484 1477 535 cujus
1510 483 1650 521 virtute
1680 482 1837 535 regibus

443 553 722 596 exterminatis,
754 551 905 589 libertas
927 551 967 588 in
987 550 1184 602 republica
1203 549 1407 587 constituta
1426 550 1506 594 est;
1539 563 1622 601 quae
1649 549 1766 601 usque
1789 547 1835 586 ad

444 619 520 657 hoc
552 629 704 671 tempus
733 618 959 662 honoribus,
990 617 1170 669 imperio,
1202 630 1328 654 rerum
1356 616 1544 668 gestarum
1573 615 1707 668 gloria,
1739 629 1833 653 con-

445 686 591 723 tinuata
611 684 839 737 permansit:
871 696 1041 734 cumque
1062 683 1107 720 ab
1128 681 1199 720 hac
1220 683 1377 734 perenni
1396 682 1676 734 contestataque
1697 681 1836 718 virtute

446 752 638 802 majorum
666 764 743 787 non
770 748 887 787 modo
914 761 991 785 non
1017 748 1252 799 degenerarit
1278 748 1328 785 L.
1351 748 1526 792 Flaccus,
1558 747 1634 791 sed,
1667 747 1705 784 id
1730 745 1837 798 quod

447 817 617 855 maxime
643 815 775 853 florere
803 815 844 852 in
869 813 1015 866 generis
1042 813 1099 850 sui
1124 813 1245 864 gloria
1270 813 1428 856 viderat,
1459 813 1613 850 laudem
1642 813 1770 865 patriae
1796 812 1837 849 in

448 883 665 920 libertatem
687 880 923 918 vindicanda:
942 888 1080 932 praetor
1099 878 1282 916 adamarit
1300 892 1308 915 ε
1335 878 1376 915 in
1396 876 1471 915 hoc
1492 891 1563 930 ego
1584 891 1647 915 reo
1667 891 1714 915 ne
1733 877 1839 929 quod

448 947 706 1001 perniciosum
733 946 961 999 exemplum
993 945 1187 997 prodatur,
1218 943 1498 997 pertimescam,
1530 944 1570 980 in
1598 956 1690 995 quo,
1721 943 1839 980 etiam

449 1016 474 1052 si
508 1014 601 1066 quid
632 1012 793 1058 errasset,
824 1025 958 1050 omnes
992 1011 1086 1049 boni
1116 1010 1405 1048 connivendum
1434 1009 1506 1047 effe
1536 1009 1838 1047 arbitrarentur?

449 1081 568 1132 (Qod
589 1080 749 1132 quidem
769 1093 841 1132 ego
860 1092 940 1117 non
959 1078 1077 1116 modo
1103 1091 1181 1116 non
1208 1077 1372 1130 postulo,
1404 1077 1465 1114 sed
1492 1086 1638 1121 contra,
1670 1076 1839 1128 JudiceS,

449 1161 515 1185 vos
546 1161 614 1185 oro
644 1155 683 1184 et
711 1146 891 1189 obtestor,
923 1153 967 1182 ut
997 1152 1119 1182 totam
1149 1143 1300 1181 causam
1331 1157 1448 1195 quam
1480 1144 1651 1181 maxime
1682 1142 1840 1181 intentis

449 1213 587 1258 oculis,
610 1221 653 1250 ut
672 1212 793 1255 aiunt,
819 1210 1001 1248 acerrime
1021 1209 1355 1262 contemplemini.
1388 1208 1503 1246 Nihil
1524 1208 1708 1261 religione
1729 1209 1842 1246 testa-

451 1289 552 1323 tum,
571 1277 669 1316 nihil
687 1278 843 1315 veritate
863 1275 1084 1321 fundatum,
1107 1274 1206 1313 nihil
1227 1275 1356 1313 dolore
1375 1275 1609 1327 expressum,
1634 1284 1843 1327 contraque

453 1346 584 1383 onmia
614 1353 793 1396 corrupta
822 1342 1009 1388 libidine,
1040 1342 1261 1387 iracundia,
1291 1342 1441 1386 studio,
1471 1342 1620 1395 pretio,
1650 1341 1843 1394 perjurio,

452 1411 700 1464 reperientur.

509 1478 602 1515 XII.
635 1476 792 1513 Etenim
808 1475 906 1526 jam,
937 1473 1109 1512 universa
1126 1473 1287 1511 istorum
1308 1473 1463 1525 cognita
1482 1473 1706 1526 cupiditate,
1731 1485 1844 1510 acce-

453 1544 543 1581 dam
574 1543 620 1580 ad
651 1541 813 1594 singulas
845 1540 1013 1592 querelas
1044 1539 1408 1591 criminationesque
1439 1541 1678 1578 Graecorum.
1712 1538 1846 1577 Claffis

453 1610 613 1648 nomine
640 1608 842 1661 pecuniam
869 1607 1090 1645 civitatibus
1116 1607 1345 1659 imperatam
1377 1616 1603 1658 queruntur.
1635 1605 1753 1654 Qod
1776 1618 1847 1643 nos

454 1675 614 1719 factum,
646 1675 817 1726 Judices,
849 1673 1108 1711 confitemur:
1141 1673 1217 1717 sed,
1248 1673 1273 1710 s1
1294 1671 1368 1710 hoc
1388 1674 1535 1710 crimen
1554 1672 1621 1717 est,
1652 1681 1716 1710 aut
1735 1672 1776 1710 in
1801 1684 1848 1709 eo

455 1743 521 1787 est,
553 1742 658 1794 quod
679 1755 755 1779 non
776 1740 929 1778 licuerit
948 1740 1160 1792 imperare;
1191 1747 1256 1776 aut
1276 1739 1316 1776 in
1337 1752 1396 1783 eo,
1419 1739 1524 1789 quod
1544 1752 1621 1776 non
1641 1750 1737 1789 opus
1758 1736 1846 1774 fue-

457 1809 506 1845 rit
527 1808 709 1859 navibus;
741 1815 807 1844 aut
826 1807 865 1843 in
886 1819 945 1850 eo,
976 1804 1081 1857 quod
1101 1803 1221 1848 nulla,
1252 1802 1327 1841 hoc
1348 1812 1518 1856 praetore,
1550 1802 1669 1841 claffis
1689 1803 1846 1855 naviga-

458 1875 522 1911 rit.
554 1872 720 1911 Licuiffe
741 1881 784 1910 ut
804 1871 1009 1924 intelligas,
1039 1870 1240 1923 cognosce,
1271 1870 1379 1922 quid,
1411 1883 1474 1907 me
1500 1869 1668 1914 consule,
1699 1869 1848 1907 senatus

458 1939 682 1983 decreverit,
701 1952 792 1976 cum
814 1937 973 1989 quidem
995 1936 1094 1975 nihil
1115 1950 1136 1974 a
1154 1936 1410 1989 superioribus
1431 1936 1704 1974 continuorum
1725 1948 1848 1973 anno-

460 2019 548 2043 rum
575 2005 735 2042 decretis
763 2003 966 2041 decesserit.
999 2004 1510 2041 SENATUSCONSULTUM.
1544 2003 1773 2040 Proximum
1797 2000 1851 2039 est

460 2085 564 2124 ergo,
601 2080 658 2115 ut,
692 2083 788 2123 opus
818 2069 934 2107 fuerit
964 2069 1088 2115 claffe,
1125 2082 1257 2114 necne,
1294 2082 1522 2121 quaeramus.
1555 2070 1700 2106 Utrum
1733 2068 1852 2120 igitur
1907 2107 1911 2109 ,

461 2137 535 2175 hoc
557 2137 684 2174 Graeci
706 2136 882 2179 statuent,
905 2144 969 2172 aut
991 2134 1078 2173 ullae
1097 2143 1233 2172 exterae
1254 2136 1437 2179 nationes,
1458 2148 1504 2172 an
1525 2134 1635 2171 vestri
1656 2143 1848 2186 praetores,

462 2203 572 2240 vestri
593 2202 722 2247 duces,
743 2201 853 2239 vestri
873 2201 1149 2253 imperatores?
1171 2201 1367 2254 Equidem
1388 2200 1578 2245 existimo,
1602 2201 1641 2237 in
1656 2199 1851 2252 ejusmodi

464 2270 618 2322 regione
648 2278 761 2321 atque
792 2268 1001 2320 provincia,
1037 2282 1122 2320 quae
1154 2268 1250 2305 mari
1281 2268 1417 2312 cincta,
1455 2268 1628 2319 portibus
1662 2266 1852 2310 distincta,

465 2335 595 2373 insulis
616 2334 852 2372 circumdata
872 2333 973 2378 effet,
1004 2348 1081 2372 non
1103 2333 1227 2371 solum
1258 2333 1431 2386 praefidii,
1464 2333 1524 2371 sed
1550 2334 1665 2371 etiam
1692 2331 1851 2370 ornandi

467 2402 633 2453 imperii,
664 2400 772 2439 causa
802 2400 1059 2452 navigandum
1091 2398 1212 2438 fuiffe.
1247 2401 1343 2438 Haec
1375 2400 1479 2438 enirn
1508 2400 1601 2438 ratio
1628 2412 1669 2437 ac
1699 2397 1852 2450 magni-

468 2468 561 2505 tudo
591 2468 811 2506 animorum
838 2467 879 2505 in
909 2467 1118 2520 majoribus
1140 2466 1274 2506 nostris
1302 2465 1391 2512 fuit,
1425 2475 1480 2512 ut,
1509 2479 1603 2505 cum
1629 2465 1670 2504 in
1698 2462 1852 2516 privatis
