2212 2835
464 209 539 235 222
967 189 1366 227 ORATIO

463 290 680 343 provincia3
712 286 877 341 perfecta
896 286 943 324 ab
963 285 1132 325 Lucullo
1150 284 1231 324 haec
1253 286 1340 324 sunt
1359 285 1504 330 omnia,
1526 294 1569 324 ut
1590 287 1679 324 urbs
1700 287 1840 325 fidelis-

461 357 643 394 fimorum
665 355 852 392 sociorum
873 352 1154 397 defenderetur,
1176 362 1219 390 ut
1240 366 1372 391 omnes
1393 353 1512 406 copiae
1531 353 1628 405 regis
1649 353 1842 391 diuturni-

461 431 537 460 tate
566 421 771 460 obsidionis
802 419 1130 459 consumerentur.
1163 419 1302 470 Qid?
1334 419 1441 457 illam
1471 433 1641 472 pugnam
1673 419 1844 457 navalem

460 488 506 525 ad
527 487 744 532 Tenedum,
774 499 868 524 cum
895 494 1078 524 contento
1100 484 1225 529 cursu,
1256 486 1447 523 acerrimis
1468 485 1646 529 ducibus,
1674 483 1843 523 hostium

462 553 581 591 claffis
610 553 761 591 Italiam
787 552 850 604 spe
877 560 990 603 atque
1016 551 1154 589 animis
1180 550 1310 588 inflata
1327 560 1485 604 peteret,
1518 551 1703 589 mediocri
1723 559 1844 588 certa-

462 619 581 663 mine,
611 628 648 656 et
667 632 779 671 parva
796 617 1057 662 dimicatione,
1088 616 1329 654 commissam
1349 617 1539 655 arbitraris
1559 617 1570 653 ?
1604 617 1728 655 Mitto
1747 629 1843 669 prae-

462 685 538 723 lia:
571 694 749 737 praetereo
779 683 1082 736 oppugnationes
1114 682 1361 734 oppidorum.
1393 682 1585 735 Expulsus
1617 696 1734 735 regno
1761 691 1846 719 tan-

463 751 551 787 dem
573 749 790 801 aliquando,
820 756 972 785 tantum
993 756 1121 784 tamen
1143 747 1301 785 confilio
1327 756 1439 799 atque
1465 749 1685 786 au&oritate
1711 747 1844 791 valuit,

465 825 506 853 ut
537 815 584 859 se,
616 828 702 866 rege
732 813 1010 852 Armeniorum
1039 812 1233 864 adjuncto,
1264 813 1371 850 novis
1401 813 1539 865 opibus
1571 812 1766 866 copiisque
1786 825 1845 850 re-

464 890 622 920 novarit.

518 948 630 985 XVI.
664 948 736 990 Ac,
768 946 794 984 fi
823 944 923 984 mihi
948 957 1052 982 nunc
1079 943 1125 981 de
1153 943 1264 981 rebus
1285 943 1395 996 gestis
1416 942 1504 982 effet
1525 943 1640 981 nostri
1659 943 1846 981 exercitus

462 1012 777 1065 imperatorisque
794 1011 1016 1054 dicendum,
1036 1009 1202 1062 plurima
1218 1018 1256 1046 et
1272 1010 1440 1048 maxima
1460 1010 1588 1062 praelia
1602 1023 1847 1047 commemo-

464 1092 540 1117 rare
560 1079 726 1132 poffem:
759 1077 820 1116 sed
847 1091 925 1116 non
951 1077 991 1114 id
1017 1076 1182 1128 agimuS.
1214 1076 1306 1113 Hoc
1335 1076 1422 1113 dico
1443 1090 1451 1113 ε
1483 1076 1509 1113 fi
1534 1076 1681 1113 bellum
1701 1074 1792 1120 hoc,
1822 1074 1849 1112 fi

465 1145 529 1184 hic
549 1144 681 1189 hostis,
712 1145 738 1182 fi
763 1144 830 1182 ille
855 1157 935 1187 rex,
966 1141 1272 1180 contemnendus
1300 1141 1454 1185 fuiffet;
1486 1155 1611 1194 neque
1637 1151 1740 1180 tanta
1759 1153 1849 1179 cura

464 1212 610 1249 senatus
642 1219 679 1248 et
710 1209 873 1262 populus
901 1209 1099 1246 Romanus
1128 1207 1410 1259 suscipiendum
1436 1207 1609 1259 putasset,
1639 1220 1764 1259 neque
1792 1214 1851 1245 tot

465 1291 583 1316 annos
609 1276 781 1329 geffiffet,
813 1288 936 1327 neque
963 1283 1066 1313 tanta
1090 1274 1211 1326 gloria
1238 1274 1285 1311 L.
1308 1273 1482 1318 Luculli,
1513 1287 1637 1325 neque
1662 1286 1749 1311 vero
1769 1274 1850 1324 ejus

466 1344 557 1382 belli
585 1341 815 1380 conficiendi
842 1354 971 1379 curam
998 1349 1104 1378 tanto
1130 1339 1254 1377 studio
1281 1340 1446 1392 populus
1473 1341 1672 1377 Romanus
1698 1339 1745 1376 ad
1772 1340 1850 1377 Cn.

467 1409 699 1461 Pompeium
719 1406 931 1446 detulisset:
963 1406 1072 1458 cujus
1103 1419 1150 1443 ex
1176 1405 1359 1443 omnibus
1380 1405 1534 1458 pugnis,
1567 1419 1652 1456 quae
1679 1404 1767 1442 sunt
1785 1404 1849 1442 in-

467 1474 736 1518 numerabiles,
753 1473 812 1511 vel
832 1473 1015 1510 acerrima
1034 1469 1134 1508 mihi
1155 1470 1303 1508 videtur
1322 1470 1399 1516 illa,
1417 1484 1501 1523 quae
1521 1484 1613 1508 cum
1635 1483 1721 1523 rege
1738 1483 1851 1508 com-

467 1540 572 1579 miffa
597 1540 662 1584 est,
693 1548 731 1576 et
759 1539 910 1577 summa
936 1536 1184 1576 contentione
1211 1546 1390 1588 pugnata.
1424 1538 1512 1588 Qa
1536 1550 1583 1574 ex
1609 1549 1738 1589 pugna
1761 1548 1854 1573 cum

467 1607 502 1645 se
528 1607 594 1644 ille
619 1605 822 1658 eripuiffet,
853 1614 890 1643 et
918 1604 1132 1656 Bosporum
1159 1601 1400 1655 confugisset,
1432 1616 1510 1655 quo
1535 1603 1724 1641 exercitus
1751 1601 1853 1640 adire

467 1687 544 1711 non
579 1672 724 1725 poffet3
756 1672 872 1709 etiam
902 1671 942 1708 in
976 1679 1146 1708 extrema
1175 1668 1330 1706 fortuna
1358 1678 1396 1706 et
1427 1668 1518 1722 fuga
1550 1682 1693 1707 nomen
1723 1677 1852 1706 tamen

467 1739 625 1776 retinuit
646 1738 810 1790 regium.
842 1737 975 1787 Itaque
994 1734 1072 1786 ipse
1093 1734 1315 1786 Pompeiu8‚
1346 1747 1462 1785 regno
1490 1733 1657 1786 pofi'effo,
1687 1747 1734 1771 ex
1762 1746 1851 1770 om-

469 1804 582 1842 nibus
602 1804 676 1842 oris
697 1816 738 1840 ac
760 1802 860 1840 notis
880 1801 1028 1839 sedibus
1057 1798 1163 1838 hoste
1192 1798 1314 1851 pulso,
1346 1808 1473 1836 tamen
1501 1807 1650 1837 tantum
1677 1799 1715 1836 in
1738 1798 1851 1836 unius

468 1858 594 1906 anima
614 1868 752 1921 posuit,
784 1877 840 1912 ut,
871 1881 962 1904 cum
989 1866 1134 1910 omnia,
1165 1879 1248 1916 quae
1276 1865 1341 1902 ille
1368 1873 1552 1908 tenuerat,
1584 1864 1736 1909 adierat,
1767 1864 1851 1916 spc-

468 1944 577 1978 rarat,
609 1934 764 1971 victoria
784 1932 995 1985 possideret,
1027 1940 1153 1969 tamen
1176 1944 1251 1968 non
1272 1939 1370 1975 ante,
1402 1944 1517 1982 quam
1546 1930 1661 1968 illum
1687 1930 1762 1968 vita
1781 1943 1850 1968 ex-

468 2001 582 2054 pulit,
605 2000 752 2038 bellum
773 1998 993 2037 confectum
1007 1997 1202 2049 judicarit.
1235 1997 1356 2035 Hunc
1376 2006 1416 2034 tu
1436 1995 1600 2041 hostem,
1624 1998 1735 2040 Cato,
1757 2009 1853 2034 con-

469 2067 625 2111 temnis,
657 2080 735 2118 quo
765 2078 857 2103 cum
888 2078 954 2117 per
986 2072 1044 2102 tot
1075 2076 1207 2107 annos,
1243 2072 1299 2100 tot
1330 2063 1482 2116 praelii5‚
1520 2071 1577 2100 tot
1608 2063 1852 2114 imperatores
1899 2109 1902 2111 Δ

471 2133 570 2173 bella
594 2132 812 2184 gefferunt?
843 2133 951 2183 cujus
980 2130 1124 2184 expulsi
1153 2140 1190 2167 et
1215 2130 1323 2181 ejecti
1352 2130 1427 2167 vita
1457 2129 1552 2166 tanti
1579 2129 1758 2167 aestimata
1784 2128 1852 2173 est,

470 2210 527 2245 ut,
559 2208 681 2238 morte
708 2200 788 2251 ejus
816 2198 1000 2242 nuntiata,
1033 2207 1117 2236 tum
1145 2197 1310 2248 denique
1337 2196 1485 2234 bellum
1509 2194 1728 2233 confestum
1750 2195 1852 2233 arbi-

470 2266 661 2304 traretur?
693 2267 783 2304 Hoc
811 2265 929 2317 igitur
955 2265 994 2301 in
1022 2264 1123 2302 bello
1151 2264 1198 2301 L.
1230 2263 1437 2301 Murenam
1466 2262 1636 2314 legatum
1661 2261 1854 2299 fortiffimi

470 2333 604 2376 animi,
636 2331 776 2369 summi
797 2329 958 2375 confilii,
988 2329 1150 2367 maximi
1170 2329 1323 2372 laboris,
1355 2329 1556 2381 cognitum
1582 2327 1651 2365 effe
1676 2326 1852 2365 defendi—

471 2411 557 2435 mus
575 2416 585 2442 ;
617 2407 654 2435 et
675 2397 772 2435 hanc
793 2398 873 2449 ejus
893 2409 1045 2448 operam
1068 2409 1143 2434 non
1166 2395 1294 2433 minus
1316 2395 1360 2432 ad
1381 2394 1622 2433 consulatum
1642 2392 1850 2445 adipiscen-

471 2463 580 2508 dum,
594 2477 710 2516 quam
723 2462 822 2501 hanc
836 2463 998 2502 nostram
1011 2460 1199 2500 forensem
1211 2460 1450 2507 industriam,
1463 2459 1658 2513 dignitatis
1671 2456 1852 2496 habuisse.
