2212 2835
468 174 544 226 316
975 165 1376 205 ORATIO

522 275 573 312 ΙΙ.
607 272 691 317 Sed,
709 284 755 309 ne
777 269 840 308 cui
861 268 1027 307 vestrum
1049 268 1195 307 mirum
1216 266 1288 305 effe
1308 266 1493 312 videatur,
1512 280 1574 305 me
1595 266 1635 306 in
1652 268 1858 320 quaestione

464 340 638 392 legitima
652 367 662 383 ‚
694 346 731 376 et
752 337 792 374 in
806 336 957 388 judicio
976 335 1134 388 publico
1147 363 1158 380 ‚
1190 348 1283 372 cum
1311 347 1367 372 res
1389 342 1519 386 agatur
1537 333 1638 386 apud
1656 343 1858 387 praetorem

464 404 599 458 populi
621 404 790 442 Romani
808 432 818 448 ,
850 402 1097 440 leetiffimum
1117 401 1245 439 virum
1262 430 1273 446 ,
1305 409 1342 438 et
1365 400 1466 453 apud
1487 399 1734 438 severiffimos
1750 401 1862 452 judi·

463 485 525 510 ces
545 501 556 517 ‚
588 480 695 509 tanto
715 478 908 508 conventu
928 467 1137 507 hominum
1156 497 1167 512 ‚
1199 481 1241 505 ac
1262 466 1478 519 frequentia
1495 496 1507 511 ,
1537 465 1614 505 hoc
1643 467 1699 505 uti
1723 480 1860 520 genere

465 538 645 582 dicendi,
676 536 782 589 quod
813 549 891 574 non
923 535 1040 573 modo
1074 548 1094 572 a
1124 532 1399 572 consuetudine
1424 532 1692 585 judiciorum,
1724 546 1860 571 verum

464 605 580 643 etiam
612 618 632 641 a
658 603 794 641 forenfi
821 601 1007 647 sermone,
1038 599 1265 645 abhorreat3
1298 599 1425 652 quaeso
1451 613 1471 636 a
1498 599 1620 643 vobis,
1652 608 1695 638 ut
1721 599 1762 637 in
1789 598 1860 637 hac

466 671 574 710 causa
594 669 695 709 mihi
715 669 811 707 detis
833 667 932 706 hanc
954 667 1119 713 veniam,
1150 666 1484 705 accommodatam
1505 664 1598 704 huic
1626 679 1703 711 reo,
1736 666 1860 711 vobis,

464 735 799 791 quemadmodum
820 734 939 786 spero,
964 747 1041 771 non
1063 732 1263 771 molestam
1276 751 1288 777 ς
1313 741 1356 770 ut
1376 745 1452 777 me,
1484 745 1554 784 pro
1575 731 1728 770 summo
1749 741 1861 785 poeta

464 813 580 856 atque
609 800 863 840 eruditiffimo
892 798 1055 837 homine
1085 798 1296 842 dicentem,
1327 796 1403 835 hoc
1433 798 1621 835 concursu
1650 797 1861 837 hominum

465 869 827 912 literatiffimorum‚
858 865 929 904 hae
961 865 1077 903 vestra
1106 864 1367 908 humanitate,
1399 862 1474 902 hoc
1504 863 1670 916 denique
1702 874 1861 917 praetore

465 935 875 988 exercentejudicium
890 963 900 978 ,
932 932 1135 986 patiamini
1162 932 1208 970 de
1234 931 1367 970 studiis
1394 929 1647 969 humanitatis
1668 944 1711 969 ac
1730 930 1860 969 litera-

466 1017 553 1042 rum
576 1002 690 1056 paulo
712 1001 820 1053 loqui
841 1001 999 1038 liberius
1018 1014 1027 1038 z
1060 1009 1098 1038 et
1118 1000 1156 1037 iu
1178 998 1367 1051 ejusmodi
1386 997 1543 1051 persona
1560 1026 1571 1042 ,
1602 1011 1687 1050 quae
1706 1007 1863 1051 propter

464 1071 590 1109 otium
622 1083 665 1107 ac
693 1068 863 1106 studium
891 1067 1054 1105 minime
1082 1067 1121 1104 in
1142 1066 1301 1118 judiciis
1331 1064 1587 1118 periculisque
1615 1066 1769 1103 traetata
1796 1065 1862 1110 est,

464 1138 523 1176 uti
553 1150 671 1190 prope
703 1149 801 1174 novo
832 1134 1001 1187 quodam
1032 1142 1070 1171 et
1101 1132 1281 1171 inufitato
1311 1145 1447 1184 genere
1477 1131 1645 1169 dicendi.
1687 1131 1806 1184 Qod
1837 1124 1863 1170 fi

465 1202 566 1243 mihi
586 1217 607 1241 a
628 1202 735 1241 vobis
757 1201 876 1239 tribui
895 1200 1133 1252 concedique
1153 1198 1313 1236 sentiam
1330 1216 1342 1242 3
1375 1196 1574 1250 perficiam
1593 1196 1786 1250 profecto,
1818 1208 1862 1237 ut

465 1271 573 1309 hunc
595 1271 646 1308 A.
670 1268 871 1307 Licinium
896 1280 974 1305 non
996 1265 1113 1304 modo
1135 1279 1211 1303 non
1233 1263 1531 1317 segregandum,
1563 1277 1655 1302 cum
1677 1264 1721 1302 fit
1742 1264 1860 1309 civis,

465 1351 487 1375 a
506 1349 669 1375 numero
689 1335 836 1373 civium
851 1362 862 1378 ‚
893 1346 1029 1371 verum
1050 1331 1167 1370 etiam
1181 1360 1192 1377 ‚
1224 1330 1249 1368 fi
1269 1343 1347 1368 non
1368 1329 1456 1368 effet
1470 1358 1481 1375 ,
1509 1329 1653 1383 putetis
1674 1328 1859 1368 asciscen-

465 1403 560 1442 dum
583 1401 707 1441 fuiffe.

522 1471 596 1510 ΙΙΙ.
628 1470 734 1509 Nam
753 1498 763 1515 ,
797 1478 839 1507 ut
860 1468 1035 1522 primum
1062 1481 1108 1505 ex
1128 1466 1255 1519 pueris
1275 1465 1428 1504 exceffit
1457 1464 1619 1504 Archias
1636 1493 1647 1510 ‚
1679 1473 1794 1517 atque
1813 1463 1861 1503 ab

466 1536 512 1576 iis
533 1537 692 1581 artibus,
713 1536 856 1589 quibus
877 1543 963 1573 aetas
984 1533 1142 1586 puerilis
1161 1532 1208 1571 ad
1228 1531 1511 1570 humanitatem
1531 1530 1732 1569 informari
1753 1529 1861 1575 solet,

467 1604 501 1643 se
520 1605 567 1642 ad
587 1603 774 1642 scribendi
795 1602 965 1641 studium
986 1600 1153 1639 contulit
1172 1614 1181 1638 ε
1214 1600 1388 1653 primum
1408 1597 1629 1638 Antiochiae
1661 1598 1780 1650 (nam
1806 1597 1863 1635 ibi

466 1680 576 1710 natus
596 1671 667 1716 est,
698 1671 786 1709 loco
806 1669 956 1714 nobili,
987 1667 1128 1706 celebri
1148 1666 1345 1719 quondam
1367 1665 1461 1704 urbe
1482 1674 1520 1704 et
1540 1664 1690 1718 copiosa
1703 1694 1715 1710 ‚
1746 1673 1862 1716 atque

467 1737 728 1776 eruditiffimis
748 1735 977 1774 hominibus
998 1731 1345 1783 liberaliffimisque
1366 1730 1498 1768 studiis
1526 1729 1731 1781 affluenti)
1759 1729 1860 1767 cele-

466 1805 557 1842 riter
577 1803 802 1841 antecellere
822 1801 1005 1839 omnibus
1026 1798 1173 1851 ingenii
1196 1797 1317 1850 gloria
1343 1796 1535 1848 contigit:
1567 1795 1650 1849 post
1676 1796 1717 1833 in
1745 1804 1859 1839 caete-

466 1870 516 1909 ris
538 1865 638 1908 Afiae‘
654 1868 840 1921 partibus,
872 1867 1096 1917 cunctaeque
1117 1864 1289 1908 Graeciae,
1313 1863 1362 1901 fic
1383 1863 1463 1914 ejus
1485 1863 1667 1900 adventus
1689 1861 1860 1900 celebra-

464 1935 602 1979 batur,
643 1942 686 1971 ut
719 1932 863 1970 famam
897 1931 1045 1983 ingenii
1077 1929 1290 1982 expectatio
1324 1927 1520 1973 hominis,
1554 1927 1860 1980 expectationem

466 2001 580 2054 ipfius
602 2000 800 2044 adventus,
832 1997 1124 2049 admiratioque,
1155 1995 1358 2048 superaret.
1391 1995 1484 2032 Erat
1505 1993 1615 2032 Italia
1633 2003 1725 2032 tunc
1752 1993 1863 2046 plena

466 2070 689 2107 Graecarum
712 2066 852 2103 artium
873 2078 914 2102 ac
936 2064 1224 2117 disciplinarum
1244 2077 1252 2100 :
1285 2061 1483 2114 studiaque
1506 2059 1588 2099 haec
1614 2069 1653 2098 et
1678 2061 1719 2098 in
1747 2060 1863 2099 Latio

464 2133 732 2172 vehementius
755 2141 840 2170 tum
861 2131 1100 2175 colebantur,
1132 2143 1250 2182 quam
1271 2142 1374 2166 nunc
1395 2127 1528 2165 iisdem
1549 2127 1589 2165 in
1609 2126 1761 2179 oppidis
1780 2144 1792 2170 ς
1823 2135 1862 2164 et

464 2199 529 2238 hic
551 2200 703 2243 Romae,
735 2206 889 2250 propter
909 2195 1230 2248 tranquillitatem
1252 2193 1486 2247 reipublicae,
1509 2207 1587 2231 non
1608 2192 1859 2245 negligeban-

464 2278 539 2305 tur.
572 2267 707 2318 Itaque
735 2263 841 2302 hunc
874 2273 912 2302 et
942 2262 1170 2306 Tarentini,
1202 2270 1240 2299 et
1274 2260 1471 2314 Rhegini,
1509 2270 1546 2298 et
1581 2259 1858 2312 Neapolitani,

462 2334 616 2371 civitate
650 2331 868 2384 caeterisque
902 2330 1068 2383 praerniis
1104 2328 1322 2373 donarunt;
1354 2337 1391 2366 et
1420 2340 1579 2371 omnes,
1611 2326 1680 2379 qui
1710 2325 1859 2378 aliquid

462 2400 508 2436 de
529 2399 691 2450 ingeniis
713 2406 886 2450 poterant
901 2396 1089 2450 judicare,
1120 2394 1343 2448 cognitione
1363 2404 1477 2447 atque
1498 2392 1666 2447 hospitio
1692 2392 1857 2446 dignum

462 2463 739 2503 existimarunt.
