2212 2835
486 169 560 221 336
847 167 883 203 o
930 167 965 202 R
1008 167 1045 202 A
1077 166 1113 203 T
1156 166 1172 202 1
1216 166 1252 202 o
1331 166 1362 203 1.
1441 166 1516 203 ecc.

484 268 679 306 Postremo
697 295 706 311 ,
739 266 807 318 qui
832 266 871 303 in
900 265 1119 304 ulciscendo
1141 265 1326 303 remiffior
1346 264 1422 303 fuit
1440 295 1450 310 ,
1483 279 1577 304 mox
1597 275 1724 319 aperte
1744 268 1875 306 lauda-

480 346 542 370 tur
561 349 568 371 :
601 343 638 370 at
658 333 872 385 graviffime
894 333 1131 385 vituperatur
1149 361 1160 376 ‚
1192 332 1259 384 qui
1282 332 1320 370 in
1344 333 1458 370 tantis
1480 331 1677 370 beneficiis
1692 362 1702 378 ,
1735 343 1878 385 quanta

482 412 546 435 vos
570 399 609 436 in
631 412 693 436 me
715 398 945 443 contulistis,
963 398 1249 436 remunerandis
1271 399 1322 435 est
1346 398 1506 442 tax-dion
1525 411 1649 450 neque
1670 398 1794 437 solum
1815 399 1877 436 in-

462 456 609 516 ¹gratus
625 494 634 509 ,
667 465 772 517 quod
794 464 920 517 ipsum
941 478 1052 517 grave
1074 465 1145 509 est,
1177 478 1309 502 verum
1331 466 1448 503 etiam
1469 466 1633 517 impius,
1664 464 1879 519 appelletur

483 531 625 570 necefi'e
645 532 710 570 est.
743 533 875 584 Atque
904 532 943 569 in
970 531 1100 569 officio
1127 531 1375 584 persolvendo
1402 531 1593 570 diffimilis
1621 532 1673 569 est
1694 532 1788 570 ratio
1808 546 1877 585 pe-

482 599 604 636 cuniae
627 598 790 637 debitae:
824 607 1022 651 propterea
1047 598 1164 650 quod,
1196 600 1399 651 pecuniam
1429 599 1496 651 qui
1518 599 1670 644 retinet,
1702 613 1779 637 non
1801 599 1877 637 dis-

480 666 621 710 solvit3
655 665 723 717 qui
745 665 923 709 reddidit,
947 678 1025 703 non
1044 663 1161 702 habet
1180 679 1187 702 :
1220 665 1398 717 gratiam,
1421 674 1458 703 et
1479 665 1547 717 qui
1568 665 1712 710 retulit,
1736 664 1876 710 habet;

477 742 518 770 et
538 733 606 785 qui
625 731 755 776 habet,
783 730 964 769 dissolvit.

538 799 590 836 X.
623 798 869 850 Quapropter
889 796 1120 835 memoriam
1142 796 1251 834 vestri
1273 797 1452 835 beneficii
1472 798 1597 835 colam
1617 798 1882 837 benevolentia

482 864 724 917 sempiterna,
756 877 834 901 non
852 862 977 901 solum
998 862 1095 900 dum
1114 863 1242 901 anima
1262 862 1412 915 spirabo
1433 876 1530 907 mea,
1562 863 1624 901 sed
1650 864 1767 902 etiam
1787 878 1879 903 cum

482 941 635 969 mortuo
655 939 912 968 monumenta
932 929 1043 968 vestri
1062 930 1104 967 in
1124 943 1188 968 me
1211 930 1389 968 beneficii
1415 930 1713 983 permanebunt.
1746 931 1792 969 In
1819 944 1880 968 re-

480 997 638 1036 ferenda
657 1007 786 1036 autern
806 998 926 1050 gratia
946 996 1021 1036 hoc
1041 997 1152 1035 vobis
1168 998 1412 1050 repromitto,
1431 997 1656 1051 semperque
1675 998 1878 1051 praestabo3

481 1063 582 1102 mihi
616 1077 742 1116 neque
777 1063 817 1101 in
851 1063 1018 1102 confiliis
1054 1063 1101 1102 de
1139 1063 1339 1116 republica
1375 1064 1569 1116 capiendis
1608 1063 1849 1117 diligentiam
1869 1093 1880 1110 ,

482 1144 608 1183 neque
642 1131 683 1168 in
718 1130 899 1182 periculis
933 1143 953 1167 a
987 1129 1184 1182 republica
1218 1130 1481 1183 propulsandis
1517 1130 1694 1169 animum
1709 1160 1720 1176 ,
1757 1144 1882 1183 neque

481 1198 522 1235 in
556 1197 743 1235 sententia
776 1196 1002 1248 fimpliciter
1037 1195 1231 1234 referenda
1262 1195 1406 1241 fidem,
1444 1210 1568 1249 neque
1597 1198 1638 1234 in
1669 1196 1880 1236 hominurn

482 1263 747 1301 voluntatibus
779 1276 849 1315 pro
880 1262 1078 1315 republica
1108 1262 1288 1300 laedendis
1321 1263 1553 1307 libertatem,
1585 1277 1654 1300 nec
1685 1264 1726 1301 in
1753 1263 1881 1316 perfe-

482 1330 601 1368 rendo
634 1329 761 1366 labore
795 1328 1019 1366 industriam
1038 1358 1049 1373 ,
1089 1342 1160 1366 nec
1196 1329 1236 1366 in
1276 1329 1403 1366 vestris
1439 1329 1658 1366 commodis
1697 1330 1879 1382 augendis

480 1405 630 1448 gratam
651 1394 771 1432 animi
793 1395 1115 1438 benevolentiam,
1139 1393 1375 1432 defuturam.
1396 1396 1528 1446 Atque
1547 1393 1629 1432 haec
1650 1408 1754 1440 cura,
1777 1396 1881 1444 Qi-

482 1463 586 1506 rites,
614 1461 686 1499 erit
707 1460 825 1499 infixa
844 1461 975 1499 animo
995 1473 1083 1498 meo
1102 1460 1344 1513 sempiterna,
1368 1469 1410 1499 ut
1431 1474 1523 1498 cum
1543 1461 1667 1506 vobis,
1690 1461 1759 1513 qui
1779 1462 1881 1514 apud

482 1542 547 1567 me
568 1529 744 1567 Deorum
765 1527 1050 1566 immortalium
1071 1527 1151 1565 vim
1173 1536 1211 1565 et
1241 1540 1385 1565 numen
1414 1527 1551 1565 tenetis
1569 1556 1580 1573 ,
1611 1536 1697 1565 tum
1724 1527 1882 1580 posteris

482 1595 627 1640 vestris,
659 1594 882 1647 cunctisque
901 1595 1099 1647 gentibus,
1131 1594 1373 1647 digniffimus
1391 1607 1432 1632 ea
1452 1594 1605 1633 civitate
1625 1594 1765 1640 videar,
1797 1608 1883 1648 quae

483 1662 588 1700 suam
610 1661 840 1714 dignitatem
861 1674 939 1700 non
959 1660 1060 1714 poffe
1080 1669 1209 1700 tenere
1228 1661 1278 1708 se,
1301 1661 1370 1700 nifi
1391 1675 1455 1700 me
1475 1661 1738 1715 recuperaffet,
1759 1675 1882 1701 cunc-

479 1729 530 1768 tis
550 1727 737 1780 suffragiis
750 1727 956 1780 judicavit.
