2212 2835
653 126 792 165 PRO
852 125 1068 164 DOMO
1128 126 1274 165 suA.
1611 141 1660 181 73

267 229 452 268 sceleratis
485 228 737 267 concionibus
770 227 1022 273 sublevarent,
1054 227 1202 266 senatus
1230 227 1495 266 auctoritatem
1524 229 1661 267 irride-

266 305 365 341 rent,
396 295 592 349 equitibus
614 294 801 333 Romanis
823 304 991 332 mortem
1011 293 1411 347 proscriptionemque
1432 295 1659 333 minitaren-

266 371 355 407 tur3
388 375 452 400 me
473 370 653 401 terrerent
674 361 819 406 mini53
853 360 952 398 mihi
972 360 1116 398 caedem
1137 368 1175 397 et
1192 360 1484 399 dimicationem
1507 362 1658 400 denun-

267 428 404 466 tiarent
419 446 432 473 ς
463 441 591 466 meam
611 427 775 464 domum
792 454 804 471 ,
836 425 1015 463 refertam
1037 425 1127 463 viris
1150 425 1260 463 bonis
1277 453 1289 469 ,
1321 438 1387 477 per
1407 427 1552 464 amicos
1574 427 1658 466 suos

265 495 535 547 complerent;
567 493 854 546 proscriptionis
880 501 988 530 metu
1016 505 1079 529 me
1105 490 1322 543 frequentia
1347 492 1535 530 nudarent
1556 495 1658 532 viro-

263 573 351 598 rum
383 560 590 603 bonorum,
621 571 684 596 me
714 557 886 611 praefidio
917 557 1121 610 spoliarent
1138 575 1149 602 ;
1182 557 1356 595 senatu-m
1387 572 1458 610 pro
1488 572 1551 596 me
1581 573 1664 598 non-

261 624 379 663 modo
398 637 581 677 pugnare,
612 622 892 676 ampliffimum
912 622 1104 668 ordinem,
1125 622 1189 660 sed
1207 623 1324 661 etiam
1346 623 1491 676 plorare
1511 634 1548 662 et
1568 624 1660 677 sup-

261 690 416 744 plicare,
448 699 595 728 mutata
615 689 727 735 veste,
759 688 1010 742 prohiberent
1028 704 1036 728 :
1069 702 1118 727 ne
1140 698 1225 727 tum
1246 689 1407 741 quidem
1428 690 1483 728 vis
1506 700 1583 728 erat
1602 691 1615 727 ?

316 755 450 794 XXII.
484 755 593 808 Qid
614 755 733 808 igitur
752 768 823 808 ego
843 754 946 808 gesti,
978 763 1043 793 aut
1063 754 1131 807 qui
1153 754 1272 793 timor
1290 753 1367 792 fuit
1386 755 1398 791 ?
1430 769 1508 794 non
1529 756 1657 794 dicam

262 822 301 860 in
324 835 386 860 me
403 836 414 860 ε
445 820 506 859 fac
526 835 590 860 me
611 821 799 860 timidum
818 821 890 860 effe
910 830 1045 860 natura
1062 835 1070 859 :
1103 820 1198 874 quid
1218 820 1284 858 illa
1304 829 1362 859 tot
1382 821 1552 860 virorum
1574 821 1658 860 for-

262 888 495 927 tiffimorum
517 888 643 926 millia
662 888 675 924 ?
707 888 803 940 quid
823 888 939 926 nostri
959 887 1106 941 equites
1128 888 1299 925 Romani
1319 888 1331 923 ?
1364 888 1459 940 quid
1479 888 1625 926 senatus
1643 890 1655 927 ?

261 955 356 1007 quid
378 955 543 1007 denique
564 968 698 993 omnes
720 955 814 993 boni
832 955 844 991 ?
875 954 901 993 fi
922 955 1029 993 nulla
1048 963 1126 992 erat
1146 954 1201 992 vis
1216 983 1226 999 ,
1258 967 1327 992 cur
1348 967 1410 992 me
1431 954 1563 992 flentes
1584 970 1656 1007 po-

261 1021 338 1059 tius
358 1021 548 1074 prosecuti
569 1021 679 1067 sunt,
712 1035 828 1074 quam
849 1030 914 1060 aut
934 1022 1173 1073 increpantes
1195 1021 1454 1065 retinuerunt,
1486 1031 1551 1059 aut
1572 1022 1662 1059 irati

260 1087 498 1140 reliquerunt
518 1089 531 1125 ?
562 1090 628 1126 An
655 1088 730 1127 hoc
755 1087 942 1126 timebam
959 1116 970 1133 ‚
1002 1087 1029 1126 fi
1050 1101 1207 1125 mecum
1228 1097 1400 1140 ageretur
1420 1101 1526 1126 more
1545 1087 1656 1126 insti-

261 1163 425 1208 tutoque
445 1155 651 1207 majorum,
683 1163 727 1193 ut
747 1154 890 1208 poffern
910 1154 1069 1208 praesens
1090 1153 1295 1192 sustinere?

315 1223 462 1260 Utrum
480 1251 490 1267 ,
522 1222 548 1259 fi
575 1221 654 1260 dies
676 1222 775 1260 dieta
795 1221 883 1260 effet
900 1251 910 1266 ‚
936 1221 1134 1274 judicium
1163 1219 1263 1259 mihi
1284 1219 1360 1258 fuit
1380 1222 1662 1273 pertimescen-

259 1286 355 1325 dum
370 1305 383 1332 ς
424 1301 470 1325 an
503 1286 580 1325 fine
612 1287 758 1338 judicio
792 1287 1042 1340 privilegium
1061 1287 1074 1323 ?
1115 1286 1318 1337 Judicium
1352 1287 1393 1325 in
1433 1287 1541 1325 causa
1576 1298 1655 1326 tam

259 1353 394 1406 turpi?
425 1353 571 1391 scilicet
602 1354 634 1391 is
664 1352 786 1392 homo
816 1353 918 1399 sum,
948 1353 1030 1406 qui,
1061 1353 1179 1391 etiarn
1206 1353 1232 1391 fi
1259 1353 1366 1390 causa
1392 1353 1478 1391 effet
1509 1354 1654 1406 ignota,

260 1420 424 1459 dicendo
455 1434 533 1459 non
562 1420 706 1474 poffem
740 1421 944 1473 explicare.
983 1421 1049 1458 An
1079 1432 1164 1457 eam
1198 1419 1348 1458 causam
1382 1421 1542 1473 probare
1576 1435 1655 1459 non
1702 1412 1706 1414 i

256 1495 431 1539 poteram
448 1515 460 1532 ,
490 1487 599 1538 cujus
622 1496 725 1525 tanta
744 1486 894 1524 bonitas
915 1485 967 1523 est
983 1514 994 1530 ‚
1027 1493 1070 1523 ut
1089 1498 1132 1522 ea
1150 1485 1228 1537 ipsa
1254 1499 1332 1523 non
1360 1487 1479 1525 modo
1500 1488 1534 1525 se
1550 1516 1561 1532 ‚
1592 1488 1657 1526 sed

257 1554 373 1591 etiam
394 1566 457 1591 me
475 1553 669 1591 absentem
689 1567 755 1606 per
775 1553 810 1591 se
827 1582 837 1598 ,
869 1552 1037 1606 probarit
1055 1552 1068 1589 ?
1100 1553 1165 1590 An
1192 1551 1337 1590 senatus
1355 1581 1366 1597 ‚
1398 1566 1445 1591 an
1472 1554 1622 1592 ordines
1639 1584 1652 1599 ,

259 1633 305 1658 an
332 1620 374 1664 ii,
407 1621 475 1672 qui
502 1621 640 1658 cuneta
664 1634 710 1658 ex
737 1620 849 1658 Italia
876 1619 922 1657 ad
954 1632 1017 1657 me
1049 1618 1306 1657 revocandum
1338 1621 1651 1665 convolaverunt,

259 1685 446 1738 segniores
467 1699 530 1724 me
549 1686 730 1738 praesente
749 1686 795 1724 ad
817 1699 879 1724 me
899 1684 1145 1723 retinendum
1165 1694 1202 1723 et
1230 1685 1530 1724 conservandum
1556 1685 1652 1724 fuis-

258 1751 339 1791 sent
370 1753 411 1790 in
440 1765 482 1790 ea
512 1752 632 1797 causa,
664 1765 782 1805 quam
814 1751 890 1805 ipse
915 1752 999 1805 jam
1029 1751 1217 1804 parricida
1248 1751 1365 1789 talem
1396 1752 1497 1789 dicat
1524 1751 1648 1797 fuisse,

258 1829 302 1857 ut
331 1832 396 1858 me
425 1819 472 1858 ab
503 1819 686 1858 omnibus
719 1819 764 1857 ad
795 1832 925 1857 meam
950 1817 1149 1871 pristinam
1176 1817 1405 1871 dignitatem
1434 1819 1663 1871 expetitum

257 1894 371 1938 atque
391 1895 610 1924 revocatum
630 1895 809 1938 queratur
827 1887 841 1923 ?

312 1953 377 1989 An
397 1965 484 1990 vero
504 1952 709 2004 injudicio
729 1952 889 2005 periculi
916 1950 1015 1989 nihil
1041 1950 1118 1989 fuit
1137 1969 1145 1994 ;
1178 1951 1425 2004 privilegium
1452 1951 1649 2004 pertimui,

258 2031 333 2062 ne,
369 2016 469 2055 mihi
502 2018 676 2071 praesenti
709 2018 735 2056 fi
770 2018 895 2056 multa
927 2018 1183 2070 irrogaretur,
1219 2030 1336 2055 nemo
1369 2018 1649 2055 intercederet?

258 2085 360 2121 Tam
382 2084 491 2136 inops
512 2093 641 2121 autern
662 2097 734 2136 ego
754 2097 858 2121 eram
878 2083 925 2121 ab
946 2083 1095 2128 amicis,
1127 2093 1191 2120 aut
1216 2092 1294 2120 tam
1316 2083 1416 2120 nuda
1437 2083 1650 2134 respublica

257 2162 277 2185 a
297 2148 577 2200 magistratibus
597 2149 609 2184 ?
641 2149 748 2199 Qid
767 2149 779 2185 ?
811 2149 837 2186 fi
858 2157 998 2186 vocatae
1019 2148 1142 2186 tribus
1162 2147 1289 2192 essent,
1312 2147 1646 2200 proscriptionem,

259 2228 335 2252 non
357 2215 483 2252 dicam
505 2214 545 2251 in
565 2228 627 2252 me
644 2244 655 2260 ‚
686 2216 738 2253 ita
758 2215 804 2253 de
823 2215 888 2253 sua
907 2215 1024 2252 salute
1044 2214 1184 2252 merito
1201 2243 1210 2259 ‚
1243 2213 1303 2250 sed
1325 2214 1485 2251 omnino
1506 2213 1544 2250 in
1567 2213 1647 2250 ullo

257 2281 353 2325 cive,
385 2280 728 2332 comprobaviffent
747 2282 760 2318 ?
792 2283 871 2326 An,
903 2281 929 2319 fi
950 2294 1022 2333 ego
1042 2280 1200 2333 praesens
1223 2278 1387 2322 fuissem,
1411 2288 1549 2315 veteres
1571 2278 1646 2315 illae

257 2347 376 2398 copiae
409 2347 709 2398 conjuratorum,
742 2348 875 2398 tuique
910 2347 1047 2398 perditi
1083 2346 1225 2383 milites
1262 2354 1376 2395 atque
1409 2352 1575 2394 egentes,
1607 2354 1645 2381 et

258 2425 353 2450 nova
375 2412 428 2449 vis
450 2409 817 2449 sceleratissimorum
838 2411 1053 2454 consulum,
1085 2410 1235 2460 corpori
1258 2422 1344 2446 meo
1364 2407 1611 2460 pepercill'ent
1631 2410 1642 2446 ἓ
