<?xml version="1.0" encoding="UTF-8"?>
<!DOCTYPE html PUBLIC "-//W3C//DTD XHTML 1.0 Transitional//EN"
    "http://www.w3.org/TR/xhtml1/DTD/xhtml1-transitional.dtd">
<html xmlns="http://www.w3.org/1999/xhtml" xml:lang="en" lang="en">
 <head>
  <title>
</title>
<meta http-equiv="Content-Type" content="text/html;charset=utf-8" />
  <meta name='ocr-system' content='tesseract 3.04.00' />
  <meta name='ocr-capabilities' content='ocr_page ocr_carea ocr_par ocr_line ocrx_word'/>
</head>
<body>
  <div class='ocr_page' id='page_1' title='image "./operacumindicibu05ciceuoft_0451.png"; bbox 0 0 2212 2835; ppageno 0'>
   <div class='ocr_carea' id='block_1_1' title="bbox 638 153 1700 204">
    <p class='ocr_par' dir='ltr' id='par_1_1' title="bbox 638 153 1700 204">
     <span class='ocr_line' id='line_1_1' title="bbox 638 153 1700 204; baseline -0.016 -1"><span class='ocrx_word' id='word_1_1' title='bbox 638 162 777 203; x_wconf 92' lang='lat' dir='ltr'>PRO</span> <span class='ocrx_word' id='word_1_2' title='bbox 837 158 946 199; x_wconf 94' lang='lat' dir='ltr'>CN.</span> <span class='ocrx_word' id='word_1_3' title='bbox 1006 153 1359 196; x_wconf 92' lang='lat' dir='ltr'><strong>PLANCIO.</strong></span> <span class='ocrx_word' id='word_1_4' title='bbox 1619 162 1700 204; x_wconf 85' lang='lat'>437</span> 
     </span>
    </p>
   </div>
   <div class='ocr_carea' id='block_1_2' title="bbox 245 248 1724 2506">
    <p class='ocr_par' dir='ltr' id='par_1_2' title="bbox 305 248 1699 391">
     <span class='ocr_line' id='line_1_2' title="bbox 305 248 1699 323; baseline -0.016 -14"><span class='ocrx_word' id='word_1_5' title='bbox 305 278 489 323; x_wconf 87' lang='lat' dir='ltr'>putemus</span> <span class='ocrx_word' id='word_1_6' title='bbox 505 296 515 312; x_wconf 95' lang='lat'><strong>,</strong></span> <span class='ocrx_word' id='word_1_7' title='bbox 547 279 625 304; x_wconf 91' lang='lat' dir='ltr'>non</span> <span class='ocrx_word' id='word_1_8' title='bbox 646 264 780 303; x_wconf 87' lang='lat' dir='ltr'>servire</span> <span class='ocrx_word' id='word_1_9' title='bbox 801 259 947 315; x_wconf 88' lang='lat' dir='ltr'>populo</span> <span class='ocrx_word' id='word_1_10' title='bbox 960 277 972 305; x_wconf 81' lang='lat'>3</span> <span class='ocrx_word' id='word_1_11' title='bbox 1004 258 1058 298; x_wconf 87' lang='lat' dir='ltr'>fin</span> <span class='ocrx_word' id='word_1_12' title='bbox 1079 270 1142 296; x_wconf 87' lang='lat' dir='ltr'>eos</span> <span class='ocrx_word' id='word_1_13' title='bbox 1169 264 1420 309; x_wconf 85' lang='lat' dir='ltr'>expetamus,</span> <span class='ocrx_word' id='word_1_14' title='bbox 1452 265 1530 290; x_wconf 89' lang='lat' dir='ltr'>non</span> <span class='ocrx_word' id='word_1_15' title='bbox 1559 248 1699 289; x_wconf 87' lang='lat' dir='ltr'>defati-</span> 
     </span>
     <span class='ocr_line' id='line_1_3' title="bbox 306 332 1697 391; baseline -0.015 -16"><span class='ocrx_word' id='word_1_16' title='bbox 306 337 387 391; x_wconf 82' lang='lat' dir='ltr'>gari</span> <span class='ocrx_word' id='word_1_17' title='bbox 407 332 672 389; x_wconf 87' lang='lat' dir='ltr'>supplicando.</span> <span class='ocrx_word' id='word_1_18' title='bbox 1695 359 1697 361; x_wconf 50' lang='grc'><strong>,</strong></span> 
     </span>
    </p>

    <p class='ocr_par' dir='ltr' id='par_1_3' title="bbox 245 387 1716 1515">
     <span class='ocr_line' id='line_1_4' title="bbox 361 387 1702 449; baseline -0.016 -8"><span class='ocrx_word' id='word_1_19' title='bbox 361 402 413 441; x_wconf 91' lang='lat' dir='ltr'>V.</span> <span class='ocrx_word' id='word_1_20' title='bbox 446 401 573 439; x_wconf 90' lang='lat' dir='ltr'>Venio</span> <span class='ocrx_word' id='word_1_21' title='bbox 593 410 696 438; x_wconf 90' lang='lat' dir='ltr'>nunc</span> <span class='ocrx_word' id='word_1_22' title='bbox 717 396 763 434; x_wconf 87' lang='lat' dir='ltr'>ad</span> <span class='ocrx_word' id='word_1_23' title='bbox 784 395 899 449; x_wconf 77' lang='lat' dir='ltr'>ipsius</span> <span class='ocrx_word' id='word_1_24' title='bbox 918 390 1054 446; x_wconf 88' lang='lat' dir='ltr'>populi</span> <span class='ocrx_word' id='word_1_25' title='bbox 1074 397 1213 442; x_wconf 79' lang='lat' dir='ltr'>partes,</span> <span class='ocrx_word' id='word_1_26' title='bbox 1233 397 1276 425; x_wconf 88' lang='lat' dir='ltr'>ut</span> <span class='ocrx_word' id='word_1_27' title='bbox 1297 387 1401 425; x_wconf 81' lang='lat' dir='ltr'>illius</span> <span class='ocrx_word' id='word_1_28' title='bbox 1417 394 1548 424; x_wconf 86' lang='lat' dir='ltr'>contra</span> <span class='ocrx_word' id='word_1_29' title='bbox 1564 394 1600 423; x_wconf 90' lang='lat' dir='ltr'>te</span> <span class='ocrx_word' id='word_1_30' title='bbox 1617 395 1702 421; x_wconf 83' lang='lat' dir='ltr'>ora-</span> 
     </span>
     <span class='ocr_line' id='line_1_5' title="bbox 308 451 1703 522; baseline -0.016 -14"><span class='ocrx_word' id='word_1_31' title='bbox 308 470 412 507; x_wconf 83' lang='lat' dir='ltr'>tione</span> <span class='ocrx_word' id='word_1_32' title='bbox 432 468 577 522; x_wconf 85' lang='lat' dir='ltr'>potius‚</span> <span class='ocrx_word' id='word_1_33' title='bbox 599 477 717 518; x_wconf 89' lang='lat' dir='ltr'>quam</span> <span class='ocrx_word' id='word_1_34' title='bbox 739 475 838 506; x_wconf 88' lang='lat' dir='ltr'>mea,</span> <span class='ocrx_word' id='word_1_35' title='bbox 861 459 1069 512; x_wconf 89' lang='lat' dir='ltr'>disputem.</span> <span class='ocrx_word' id='word_1_36' title='bbox 1102 455 1199 505; x_wconf 86' lang='lat' dir='ltr'>Qi,</span> <span class='ocrx_word' id='word_1_37' title='bbox 1222 453 1246 491; x_wconf 87' lang='lat' dir='ltr'>fi</span> <span class='ocrx_word' id='word_1_38' title='bbox 1268 462 1398 491; x_wconf 87' lang='lat' dir='ltr'>tecum</span> <span class='ocrx_word' id='word_1_39' title='bbox 1420 451 1703 504; x_wconf 78' lang='lat' dir='ltr'>congrediatur,</span> 
     </span>
     <span class='ocr_line' id='line_1_6' title="bbox 307 516 1704 582; baseline -0.016 -8"><span class='ocrx_word' id='word_1_40' title='bbox 307 545 345 573; x_wconf 90' lang='lat' dir='ltr'>et</span> <span class='ocrx_word' id='word_1_41' title='bbox 376 535 402 573; x_wconf 88' lang='lat' dir='ltr'>fi</span> <span class='ocrx_word' id='word_1_42' title='bbox 435 547 509 572; x_wconf 84' lang='lat' dir='ltr'>una</span> <span class='ocrx_word' id='word_1_43' title='bbox 539 545 632 570; x_wconf 90' lang='lat' dir='ltr'>voce</span> <span class='ocrx_word' id='word_1_44' title='bbox 662 529 772 582; x_wconf 89' lang='lat' dir='ltr'>loqui</span> <span class='ocrx_word' id='word_1_45' title='bbox 804 526 928 580; x_wconf 86' lang='lat' dir='ltr'>poffit,</span> <span class='ocrx_word' id='word_1_46' title='bbox 960 523 1042 562; x_wconf 87' lang='lat' dir='ltr'>haec</span> <span class='ocrx_word' id='word_1_47' title='bbox 1074 522 1202 559; x_wconf 84' lang='lat' dir='ltr'>dicat:</span> <span class='ocrx_word' id='word_1_48' title='bbox 1242 520 1328 571; x_wconf 88' lang='lat' dir='ltr'>Ego</span> <span class='ocrx_word' id='word_1_49' title='bbox 1362 518 1449 561; x_wconf 91' lang='lat' dir='ltr'>tibi,</span> <span class='ocrx_word' id='word_1_50' title='bbox 1481 516 1704 558; x_wconf 74' lang='lat' dir='ltr'>Laterensis,</span> 
     </span>
     <span class='ocr_line' id='line_1_7' title="bbox 310 583 1705 647; baseline -0.016 -7"><span class='ocrx_word' id='word_1_51' title='bbox 310 601 511 640; x_wconf 89' lang='lat' dir='ltr'><strong>Plancium</strong></span> <span class='ocrx_word' id='word_1_52' title='bbox 528 611 606 636; x_wconf 87' lang='lat' dir='ltr'>non</span> <span class='ocrx_word' id='word_1_53' title='bbox 627 593 847 647; x_wconf 89' lang='lat' dir='ltr'>anteposui;</span> <span class='ocrx_word' id='word_1_54' title='bbox 870 590 946 635; x_wconf 89' lang='lat' dir='ltr'>sed,</span> <span class='ocrx_word' id='word_1_55' title='bbox 965 602 1058 628; x_wconf 89' lang='lat' dir='ltr'>cum</span> <span class='ocrx_word' id='word_1_56' title='bbox 1076 586 1198 625; x_wconf 85' lang='lat' dir='ltr'>effetis</span> <span class='ocrx_word' id='word_1_57' title='bbox 1219 598 1327 638; x_wconf 84' lang='lat' dir='ltr'>aeque</span> <span class='ocrx_word' id='word_1_58' title='bbox 1349 585 1441 622; x_wconf 89' lang='lat' dir='ltr'>boni</span> <span class='ocrx_word' id='word_1_59' title='bbox 1464 583 1548 627; x_wconf 85' lang='lat' dir='ltr'>viri,</span> <span class='ocrx_word' id='word_1_60' title='bbox 1572 595 1705 619; x_wconf 82' lang='lat' dir='ltr'>meum</span> 
     </span>
     <span class='ocr_line' id='line_1_8' title="bbox 309 650 1707 716; baseline -0.015 -11"><span class='ocrx_word' id='word_1_61' title='bbox 309 665 546 705; x_wconf 86' lang='lat' dir='ltr'>beneficium</span> <span class='ocrx_word' id='word_1_62' title='bbox 566 662 694 716; x_wconf 85' lang='lat' dir='ltr'>potius</span> <span class='ocrx_word' id='word_1_63' title='bbox 715 659 761 698; x_wconf 91' lang='lat' dir='ltr'>ad</span> <span class='ocrx_word' id='word_1_64' title='bbox 781 671 872 697; x_wconf 87' lang='lat' dir='ltr'>eum</span> <span class='ocrx_word' id='word_1_65' title='bbox 892 655 1014 695; x_wconf 88' lang='lat' dir='ltr'>detuli</span> <span class='ocrx_word' id='word_1_66' title='bbox 1031 683 1042 700; x_wconf 91' lang='lat'><strong>,</strong></span> <span class='ocrx_word' id='word_1_67' title='bbox 1074 654 1143 706; x_wconf 91' lang='lat' dir='ltr'>qui</span> <span class='ocrx_word' id='word_1_68' title='bbox 1163 666 1183 691; x_wconf 88' lang='lat' dir='ltr'>a</span> <span class='ocrx_word' id='word_1_69' title='bbox 1203 665 1266 690; x_wconf 89' lang='lat' dir='ltr'>me</span> <span class='ocrx_word' id='word_1_70' title='bbox 1285 650 1532 689; x_wconf 87' lang='lat' dir='ltr'>contenderat</span> <span class='ocrx_word' id='word_1_71' title='bbox 1548 678 1559 694; x_wconf 92' lang='lat'>‚</span> <span class='ocrx_word' id='word_1_72' title='bbox 1590 660 1707 700; x_wconf 88' lang='lat' dir='ltr'>quam</span> 
     </span>
     <span class='ocr_line' id='line_1_9' title="bbox 308 714 1705 783; baseline -0.014 -12"><span class='ocrx_word' id='word_1_73' title='bbox 308 733 355 771; x_wconf 93' lang='lat' dir='ltr'>ad</span> <span class='ocrx_word' id='word_1_74' title='bbox 375 745 480 776; x_wconf 87' lang='lat' dir='ltr'>eum,</span> <span class='ocrx_word' id='word_1_75' title='bbox 502 729 571 783; x_wconf 90' lang='lat' dir='ltr'>qui</span> <span class='ocrx_word' id='word_1_76' title='bbox 592 726 692 767; x_wconf 79' lang='lat' dir='ltr'>mihi</span> <span class='ocrx_word' id='word_1_77' title='bbox 714 739 792 765; x_wconf 90' lang='lat' dir='ltr'>non</span> <span class='ocrx_word' id='word_1_78' title='bbox 813 723 930 763; x_wconf 85' lang='lat' dir='ltr'>nimis</span> <span class='ocrx_word' id='word_1_79' title='bbox 953 719 1131 760; x_wconf 84' lang='lat' dir='ltr'>submiffe</span> <span class='ocrx_word' id='word_1_80' title='bbox 1152 718 1396 772; x_wconf 89' lang='lat' dir='ltr'>supplicarat.</span> <span class='ocrx_word' id='word_1_81' title='bbox 1426 714 1705 768; x_wconf 50' lang='lat' dir='ltr'>Respondebis.</span> 
     </span>
     <span class='ocr_line' id='line_1_10' title="bbox 245 780 1707 848; baseline -0.015 -10"><span class='ocrx_word' id='word_1_82' title='bbox 245 788 248 792; x_wconf 40' lang='lat'><strong><em>¹</em></strong></span> <span class='ocrx_word' id='word_1_83' title='bbox 309 798 437 843; x_wconf 89' lang='lat' dir='ltr'>credo,</span> <span class='ocrx_word' id='word_1_84' title='bbox 469 806 520 841; x_wconf 88' lang='lat' dir='ltr'>te,</span> <span class='ocrx_word' id='word_1_85' title='bbox 551 793 750 848; x_wconf 88' lang='lat' dir='ltr'>splendore</span> <span class='ocrx_word' id='word_1_86' title='bbox 771 800 808 829; x_wconf 93' lang='lat' dir='ltr'>et</span> <span class='ocrx_word' id='word_1_87' title='bbox 829 789 1012 828; x_wconf 85' lang='lat' dir='ltr'>vetustate</span> <span class='ocrx_word' id='word_1_88' title='bbox 1032 785 1190 825; x_wconf 82' lang='lat' dir='ltr'>familiae</span> <span class='ocrx_word' id='word_1_89' title='bbox 1210 784 1370 827; x_wconf 88' lang='lat' dir='ltr'>fretum,</span> <span class='ocrx_word' id='word_1_90' title='bbox 1396 796 1473 821; x_wconf 92' lang='lat' dir='ltr'>non</span> <span class='ocrx_word' id='word_1_91' title='bbox 1494 780 1602 819; x_wconf 85' lang='lat' dir='ltr'>valde</span> <span class='ocrx_word' id='word_1_92' title='bbox 1623 793 1707 817; x_wconf 83' lang='lat' dir='ltr'>am·</span> 
     </span>
     <span class='ocr_line' id='line_1_11' title="bbox 310 850 1708 915; baseline -0.015 -11"><span class='ocrx_word' id='word_1_93' title='bbox 310 864 499 903; x_wconf 91' lang='lat' dir='ltr'>biendum</span> <span class='ocrx_word' id='word_1_94' title='bbox 520 858 675 915; x_wconf 86' lang='lat' dir='ltr'>putaffe.</span> <span class='ocrx_word' id='word_1_95' title='bbox 691 861 746 898; x_wconf 86' lang='lat' dir='ltr'>At</span> <span class='ocrx_word' id='word_1_96' title='bbox 764 870 852 896; x_wconf 92' lang='lat' dir='ltr'>vero</span> <span class='ocrx_word' id='word_1_97' title='bbox 872 865 910 894; x_wconf 89' lang='lat' dir='ltr'>te</span> <span class='ocrx_word' id='word_1_98' title='bbox 929 854 996 893; x_wconf 91' lang='lat' dir='ltr'>ille</span> <span class='ocrx_word' id='word_1_99' title='bbox 1015 853 1062 892; x_wconf 81' lang='lat' dir='ltr'>ad</span> <span class='ocrx_word' id='word_1_100' title='bbox 1077 852 1140 891; x_wconf 89' lang='lat' dir='ltr'>sua</span> <span class='ocrx_word' id='word_1_101' title='bbox 1159 850 1344 895; x_wconf 85' lang='lat' dir='ltr'>instituta,</span> <span class='ocrx_word' id='word_1_102' title='bbox 1367 850 1602 900; x_wconf 85' lang='lat' dir='ltr'>suorumque</span> <span class='ocrx_word' id='word_1_103' title='bbox 1623 859 1708 884; x_wconf 90' lang='lat' dir='ltr'>ma-</span> 
     </span>
     <span class='ocr_line' id='line_1_12' title="bbox 304 912 1710 985; baseline -0.014 -15"><span class='ocrx_word' id='word_1_104' title='bbox 304 933 438 985; x_wconf 88' lang='lat' dir='ltr'>jorum</span> <span class='ocrx_word' id='word_1_105' title='bbox 464 927 655 981; x_wconf 88' lang='lat' dir='ltr'>exempla,</span> <span class='ocrx_word' id='word_1_106' title='bbox 687 923 909 964; x_wconf 86' lang='lat' dir='ltr'>revocabit:</span> <span class='ocrx_word' id='word_1_107' title='bbox 942 921 1088 974; x_wconf 82' lang='lat' dir='ltr'>semper</span> <span class='ocrx_word' id='word_1_108' title='bbox 1117 918 1153 957; x_wconf 89' lang='lat' dir='ltr'>se</span> <span class='ocrx_word' id='word_1_109' title='bbox 1173 918 1274 956; x_wconf 88' lang='lat' dir='ltr'>dicet</span> <span class='ocrx_word' id='word_1_110' title='bbox 1297 917 1434 969; x_wconf 85' lang='lat' dir='ltr'>rogari,</span> <span class='ocrx_word' id='word_1_111' title='bbox 1465 915 1610 967; x_wconf 85' lang='lat' dir='ltr'>semper</span> <span class='ocrx_word' id='word_1_112' title='bbox 1640 912 1710 951; x_wconf 83' lang='lat' dir='ltr'>fibi</span> 
     </span>
     <span class='ocr_line' id='line_1_13' title="bbox 315 980 1709 1051; baseline -0.014 -15"><span class='ocrx_word' id='word_1_113' title='bbox 315 996 534 1051; x_wconf 87' lang='lat' dir='ltr'>supplicari,</span> <span class='ocrx_word' id='word_1_114' title='bbox 555 992 737 1033; x_wconf 90' lang='lat' dir='ltr'>voluisse:</span> <span class='ocrx_word' id='word_1_115' title='bbox 762 991 825 1030; x_wconf 87' lang='lat' dir='ltr'>M.</span> <span class='ocrx_word' id='word_1_116' title='bbox 845 990 991 1033; x_wconf 90' lang='lat' dir='ltr'>Seium,</span> <span class='ocrx_word' id='word_1_117' title='bbox 1013 987 1081 1040; x_wconf 89' lang='lat' dir='ltr'>qui</span> <span class='ocrx_word' id='word_1_118' title='bbox 1102 999 1149 1024; x_wconf 92' lang='lat' dir='ltr'>ne</span> <span class='ocrx_word' id='word_1_119' title='bbox 1169 984 1380 1037; x_wconf 87' lang='lat' dir='ltr'>equestrem</span> <span class='ocrx_word' id='word_1_120' title='bbox 1402 982 1560 1034; x_wconf 87' lang='lat' dir='ltr'>quidem</span> <span class='ocrx_word' id='word_1_121' title='bbox 1582 980 1709 1032; x_wconf 88' lang='lat' dir='ltr'>splen-</span> 
     </span>
     <span class='ocr_line' id='line_1_14' title="bbox 313 1045 1714 1106; baseline -0.015 -3"><span class='ocrx_word' id='word_1_122' title='bbox 313 1064 447 1103; x_wconf 86' lang='lat' dir='ltr'>dorem</span> <span class='ocrx_word' id='word_1_123' title='bbox 469 1061 711 1101; x_wconf 88' lang='lat' dir='ltr'>incolumem</span> <span class='ocrx_word' id='word_1_124' title='bbox 731 1071 751 1096; x_wconf 89' lang='lat' dir='ltr'>a</span> <span class='ocrx_word' id='word_1_125' title='bbox 770 1056 986 1095; x_wconf 87' lang='lat' dir='ltr'>calamitate</span> <span class='ocrx_word' id='word_1_126' title='bbox 1001 1053 1142 1106; x_wconf 86' lang='lat' dir='ltr'>judicii</span> <span class='ocrx_word' id='word_1_127' title='bbox 1164 1051 1324 1089; x_wconf 88' lang='lat' dir='ltr'>retinere</span> <span class='ocrx_word' id='word_1_128' title='bbox 1343 1048 1534 1102; x_wconf 73' lang='lat' dir='ltr'>potuisset,</span> <span class='ocrx_word' id='word_1_129' title='bbox 1556 1045 1714 1084; x_wconf 84' lang='lat' dir='ltr'>homini-</span> 
     </span>
     <span class='ocr_line' id='line_1_15' title="bbox 314 1115 1710 1173; baseline -0.015 -3"><span class='ocrx_word' id='word_1_130' title='bbox 314 1130 564 1173; x_wconf 84' lang='lat' dir='ltr'>nobiliffimo,</span> <span class='ocrx_word' id='word_1_131' title='bbox 595 1123 920 1167; x_wconf 81' lang='lat' dir='ltr'>innocentiffimo,</span> <span class='ocrx_word' id='word_1_132' title='bbox 951 1119 1276 1172; x_wconf 85' lang='lat' dir='ltr'>eloquentiffimo‚</span> <span class='ocrx_word' id='word_1_133' title='bbox 1309 1117 1372 1154; x_wconf 84' lang='lat' dir='ltr'>M.</span> <span class='ocrx_word' id='word_1_134' title='bbox 1410 1115 1536 1154; x_wconf 87' lang='lat' dir='ltr'>Pisoni</span> <span class='ocrx_word' id='word_1_135' title='bbox 1570 1122 1710 1166; x_wconf 82' lang='lat' dir='ltr'>praetu-</span> 
     </span>
     <span class='ocr_line' id='line_1_16' title="bbox 314 1179 1710 1249; baseline -0.015 -13"><span class='ocrx_word' id='word_1_136' title='bbox 314 1197 420 1236; x_wconf 83' lang='lat' dir='ltr'>liffe:</span> <span class='ocrx_word' id='word_1_137' title='bbox 454 1192 688 1249; x_wconf 85' lang='lat' dir='ltr'>praeposuiffe</span> <span class='ocrx_word' id='word_1_138' title='bbox 721 1191 756 1229; x_wconf 86' lang='lat' dir='ltr'>se</span> <span class='ocrx_word' id='word_1_139' title='bbox 789 1187 1020 1240; x_wconf 68' lang='lat' dir='ltr'>QCatulQ</span> <span class='ocrx_word' id='word_1_140' title='bbox 1053 1186 1202 1223; x_wconf 87' lang='lat' dir='ltr'>summa</span> <span class='ocrx_word' id='word_1_141' title='bbox 1232 1184 1272 1221; x_wconf 93' lang='lat' dir='ltr'>in</span> <span class='ocrx_word' id='word_1_142' title='bbox 1300 1181 1448 1220; x_wconf 84' lang='lat' dir='ltr'>familia</span> <span class='ocrx_word' id='word_1_143' title='bbox 1477 1190 1579 1224; x_wconf 83' lang='lat' dir='ltr'>nato,</span> <span class='ocrx_word' id='word_1_144' title='bbox 1611 1179 1710 1230; x_wconf 80' lang='lat' dir='ltr'>sapi-</span> 
     </span>
     <span class='ocr_line' id='line_1_17' title="bbox 317 1244 1711 1301; baseline -0.015 1"><span class='ocrx_word' id='word_1_145' title='bbox 317 1263 511 1301; x_wconf 85' lang='lat' dir='ltr'>entiffimo</span> <span class='ocrx_word' id='word_1_146' title='bbox 531 1270 569 1298; x_wconf 92' lang='lat' dir='ltr'>et</span> <span class='ocrx_word' id='word_1_147' title='bbox 591 1257 819 1298; x_wconf 65' lang='lat' dir='ltr'>sanetiffimo</span> <span class='ocrx_word' id='word_1_148' title='bbox 839 1256 920 1293; x_wconf 89' lang='lat' dir='ltr'>viro</span> <span class='ocrx_word' id='word_1_149' title='bbox 936 1284 947 1298; x_wconf 94' lang='lat'>‚</span> <span class='ocrx_word' id='word_1_150' title='bbox 980 1267 1058 1291; x_wconf 92' lang='lat' dir='ltr'>non</span> <span class='ocrx_word' id='word_1_151' title='bbox 1079 1252 1167 1289; x_wconf 91' lang='lat' dir='ltr'>dico</span> <span class='ocrx_word' id='word_1_152' title='bbox 1189 1251 1236 1288; x_wconf 92' lang='lat' dir='ltr'>C.</span> <span class='ocrx_word' id='word_1_153' title='bbox 1261 1250 1445 1287; x_wconf 87' lang='lat' dir='ltr'>Seranum</span> <span class='ocrx_word' id='word_1_154' title='bbox 1470 1260 1545 1284; x_wconf 91' lang='lat' dir='ltr'>non</span> <span class='ocrx_word' id='word_1_155' title='bbox 1568 1244 1711 1283; x_wconf 88' lang='lat' dir='ltr'>stultis-</span> 
     </span>
     <span class='ocr_line' id='line_1_18' title="bbox 317 1311 1711 1375; baseline -0.016 -6"><span class='ocrx_word' id='word_1_156' title='bbox 317 1330 457 1369; x_wconf 86' lang='lat' dir='ltr'>fimum</span> <span class='ocrx_word' id='word_1_157' title='bbox 485 1326 689 1365; x_wconf 85' lang='lat' dir='ltr'>hominem</span> <span class='ocrx_word' id='word_1_158' title='bbox 722 1322 826 1375; x_wconf 81' lang='lat' dir='ltr'>(fuit</span> <span class='ocrx_word' id='word_1_159' title='bbox 859 1321 965 1359; x_wconf 90' lang='lat' dir='ltr'>enim</span> <span class='ocrx_word' id='word_1_160' title='bbox 986 1328 1023 1356; x_wconf 90' lang='lat' dir='ltr'>et</span> <span class='ocrx_word' id='word_1_161' title='bbox 1043 1317 1162 1356; x_wconf 88' lang='lat' dir='ltr'>animi</span> <span class='ocrx_word' id='word_1_162' title='bbox 1185 1316 1269 1354; x_wconf 81' lang='lat' dir='ltr'>satis</span> <span class='ocrx_word' id='word_1_163' title='bbox 1291 1314 1446 1366; x_wconf 86' lang='lat' dir='ltr'>magni,</span> <span class='ocrx_word' id='word_1_164' title='bbox 1478 1323 1515 1350; x_wconf 91' lang='lat' dir='ltr'>et</span> <span class='ocrx_word' id='word_1_165' title='bbox 1536 1311 1711 1361; x_wconf 85' lang='lat' dir='ltr'>confilii)</span> 
     </span>
     <span class='ocr_line' id='line_1_19' title="bbox 318 1376 1716 1438; baseline -0.015 -3"><span class='ocrx_word' id='word_1_166' title='bbox 318 1396 380 1434; x_wconf 89' lang='lat' dir='ltr'>sed</span> <span class='ocrx_word' id='word_1_167' title='bbox 400 1396 448 1433; x_wconf 92' lang='lat' dir='ltr'>C.</span> <span class='ocrx_word' id='word_1_168' title='bbox 471 1392 687 1436; x_wconf 88' lang='lat' dir='ltr'>Manlium,</span> <span class='ocrx_word' id='word_1_169' title='bbox 709 1403 788 1428; x_wconf 92' lang='lat' dir='ltr'>non</span> <span class='ocrx_word' id='word_1_170' title='bbox 809 1387 934 1426; x_wconf 88' lang='lat' dir='ltr'>solum</span> <span class='ocrx_word' id='word_1_171' title='bbox 955 1384 1185 1438; x_wconf 88' lang='lat' dir='ltr'>ignobilem,</span> <span class='ocrx_word' id='word_1_172' title='bbox 1214 1395 1347 1419; x_wconf 91' lang='lat' dir='ltr'>verum</span> <span class='ocrx_word' id='word_1_173' title='bbox 1369 1380 1445 1418; x_wconf 88' lang='lat' dir='ltr'>fine</span> <span class='ocrx_word' id='word_1_174' title='bbox 1465 1381 1618 1422; x_wconf 88' lang='lat' dir='ltr'>virtute,</span> <span class='ocrx_word' id='word_1_175' title='bbox 1641 1376 1716 1415; x_wconf 84' lang='lat' dir='ltr'>fine</span> 
     </span>
     <span class='ocr_line' id='line_1_20' title="bbox 319 1449 1222 1515; baseline -0.019 -13"><span class='ocrx_word' id='word_1_176' title='bbox 319 1462 491 1515; x_wconf 88' lang='lat' dir='ltr'>ingenio,</span> <span class='ocrx_word' id='word_1_177' title='bbox 522 1460 599 1499; x_wconf 89' lang='lat' dir='ltr'>vita</span> <span class='ocrx_word' id='word_1_178' title='bbox 618 1459 733 1497; x_wconf 83' lang='lat' dir='ltr'>etiam</span> <span class='ocrx_word' id='word_1_179' title='bbox 754 1461 980 1505; x_wconf 86' lang='lat' dir='ltr'>contempta</span> <span class='ocrx_word' id='word_1_180' title='bbox 998 1464 1040 1489; x_wconf 90' lang='lat' dir='ltr'>ac</span> <span class='ocrx_word' id='word_1_181' title='bbox 1062 1449 1222 1488; x_wconf 90' lang='lat' dir='ltr'>sordida.</span> 
     </span>
    </p>

    <p class='ocr_par' dir='ltr' id='par_1_4' title="bbox 319 1509 1724 2506">
     <span class='ocr_line' id='line_1_21' title="bbox 374 1509 1714 1572; baseline -0.016 -5"><span class='ocrx_word' id='word_1_182' title='bbox 374 1526 646 1567; x_wconf 85' lang='lat' dir='ltr'>Defiderarunt</span> <span class='ocrx_word' id='word_1_183' title='bbox 680 1532 731 1566; x_wconf 87' lang='lat' dir='ltr'>te,</span> <span class='ocrx_word' id='word_1_184' title='bbox 763 1519 907 1572; x_wconf 88' lang='lat' dir='ltr'>inquit,</span> <span class='ocrx_word' id='word_1_185' title='bbox 937 1517 1043 1556; x_wconf 88' lang='lat' dir='ltr'>oculi</span> <span class='ocrx_word' id='word_1_186' title='bbox 1077 1515 1169 1559; x_wconf 88' lang='lat' dir='ltr'>mei,</span> <span class='ocrx_word' id='word_1_187' title='bbox 1201 1527 1292 1552; x_wconf 92' lang='lat' dir='ltr'>cum</span> <span class='ocrx_word' id='word_1_188' title='bbox 1329 1521 1371 1550; x_wconf 89' lang='lat' dir='ltr'>tu</span> <span class='ocrx_word' id='word_1_189' title='bbox 1403 1511 1491 1550; x_wconf 84' lang='lat' dir='ltr'>effes</span> <span class='ocrx_word' id='word_1_190' title='bbox 1526 1509 1714 1562; x_wconf 86' lang='lat' dir='ltr'>Cyrenis:</span> 
     </span>
     <span class='ocr_line' id='line_1_22' title="bbox 319 1575 1716 1644; baseline -0.016 -11"><span class='ocrx_word' id='word_1_191' title='bbox 319 1608 383 1633; x_wconf 88' lang='lat' dir='ltr'>me</span> <span class='ocrx_word' id='word_1_192' title='bbox 401 1593 523 1637; x_wconf 89' lang='lat' dir='ltr'>enim,</span> <span class='ocrx_word' id='word_1_193' title='bbox 553 1603 671 1644; x_wconf 85' lang='lat' dir='ltr'>quam</span> <span class='ocrx_word' id='word_1_194' title='bbox 692 1587 826 1631; x_wconf 84' lang='lat' dir='ltr'>socios,</span> <span class='ocrx_word' id='word_1_195' title='bbox 858 1594 923 1623; x_wconf 85' lang='lat' dir='ltr'>tua</span> <span class='ocrx_word' id='word_1_196' title='bbox 942 1583 1019 1622; x_wconf 90' lang='lat' dir='ltr'>frui</span> <span class='ocrx_word' id='word_1_197' title='bbox 1038 1582 1181 1620; x_wconf 90' lang='lat' dir='ltr'>virtute</span> <span class='ocrx_word' id='word_1_198' title='bbox 1199 1579 1416 1624; x_wconf 83' lang='lat' dir='ltr'>malebam;</span> <span class='ocrx_word' id='word_1_199' title='bbox 1448 1587 1498 1622; x_wconf 87' lang='lat' dir='ltr'>et,</span> <span class='ocrx_word' id='word_1_200' title='bbox 1531 1590 1609 1628; x_wconf 90' lang='lat' dir='ltr'>quo</span> <span class='ocrx_word' id='word_1_201' title='bbox 1630 1575 1716 1628; x_wconf 89' lang='lat' dir='ltr'>plus</span> 
     </span>
     <span class='ocr_line' id='line_1_23' title="bbox 321 1640 1718 1708; baseline -0.015 -10"><span class='ocrx_word' id='word_1_202' title='bbox 321 1661 529 1703; x_wconf 87' lang='lat' dir='ltr'>intererat,</span> <span class='ocrx_word' id='word_1_203' title='bbox 559 1670 604 1694; x_wconf 86' lang='lat' dir='ltr'>eo</span> <span class='ocrx_word' id='word_1_204' title='bbox 635 1655 723 1708; x_wconf 83' lang='lat' dir='ltr'>plus</span> <span class='ocrx_word' id='word_1_205' title='bbox 754 1653 882 1690; x_wconf 83' lang='lat' dir='ltr'>aberas</span> <span class='ocrx_word' id='word_1_206' title='bbox 914 1664 934 1688; x_wconf 91' lang='lat' dir='ltr'>a</span> <span class='ocrx_word' id='word_1_207' title='bbox 964 1663 1039 1688; x_wconf 84' lang='lat' dir='ltr'>me.</span> <span class='ocrx_word' id='word_1_208' title='bbox 1079 1649 1193 1686; x_wconf 89' lang='lat' dir='ltr'>Certe</span> <span class='ocrx_word' id='word_1_209' title='bbox 1224 1659 1301 1683; x_wconf 90' lang='lat' dir='ltr'>non</span> <span class='ocrx_word' id='word_1_210' title='bbox 1334 1645 1527 1682; x_wconf 83' lang='lat' dir='ltr'>videbam.</span> <span class='ocrx_word' id='word_1_211' title='bbox 1565 1640 1718 1679; x_wconf 85' lang='lat' dir='ltr'>Deinde</span> 
     </span>
     <span class='ocr_line' id='line_1_24' title="bbox 321 1710 1716 1766; baseline -0.016 0"><span class='ocrx_word' id='word_1_212' title='bbox 321 1727 512 1766; x_wconf 79' lang='lat' dir='ltr'>sitientem</span> <span class='ocrx_word' id='word_1_213' title='bbox 549 1737 612 1762; x_wconf 89' lang='lat' dir='ltr'>me</span> <span class='ocrx_word' id='word_1_214' title='bbox 646 1720 799 1760; x_wconf 88' lang='lat' dir='ltr'>virtutis</span> <span class='ocrx_word' id='word_1_215' title='bbox 835 1728 908 1756; x_wconf 85' lang='lat' dir='ltr'>tuae</span> <span class='ocrx_word' id='word_1_216' title='bbox 943 1714 1134 1754; x_wconf 86' lang='lat' dir='ltr'>deseruisti</span> <span class='ocrx_word' id='word_1_217' title='bbox 1169 1727 1211 1751; x_wconf 86' lang='lat' dir='ltr'>ac</span> <span class='ocrx_word' id='word_1_218' title='bbox 1247 1710 1480 1762; x_wconf 86' lang='lat' dir='ltr'>dereliquisti</span> <span class='ocrx_word' id='word_1_219' title='bbox 1501 1723 1509 1746; x_wconf 81' lang='lat' dir='ltr'>z</span> <span class='ocrx_word' id='word_1_220' title='bbox 1551 1719 1716 1760; x_wconf 81' lang='lat' dir='ltr'>coeperas</span> 
     </span>
     <span class='ocr_line' id='line_1_25' title="bbox 323 1773 1717 1846; baseline -0.016 -13"><span class='ocrx_word' id='word_1_221' title='bbox 323 1794 431 1833; x_wconf 87' lang='lat' dir='ltr'>enim</span> <span class='ocrx_word' id='word_1_222' title='bbox 450 1800 579 1846; x_wconf 89' lang='lat' dir='ltr'>petere</span> <span class='ocrx_word' id='word_1_223' title='bbox 600 1789 841 1828; x_wconf 81' lang='lat' dir='ltr'>tribunatum</span> <span class='ocrx_word' id='word_1_224' title='bbox 863 1784 986 1838; x_wconf 85' lang='lat' dir='ltr'>plebis</span> <span class='ocrx_word' id='word_1_225' title='bbox 1015 1781 1254 1834; x_wconf 83' lang='lat' dir='ltr'>temporibus</span> <span class='ocrx_word' id='word_1_226' title='bbox 1281 1780 1327 1817; x_wconf 89' lang='lat' dir='ltr'>iis</span> <span class='ocrx_word' id='word_1_227' title='bbox 1345 1808 1356 1823; x_wconf 94' lang='lat'>‚</span> <span class='ocrx_word' id='word_1_228' title='bbox 1387 1791 1472 1830; x_wconf 82' lang='lat' dir='ltr'>quae</span> <span class='ocrx_word' id='word_1_229' title='bbox 1497 1776 1606 1813; x_wconf 87' lang='lat' dir='ltr'>istam</span> <span class='ocrx_word' id='word_1_230' title='bbox 1635 1773 1717 1811; x_wconf 92' lang='lat' dir='ltr'>elo-</span> 
     </span>
     <span class='ocr_line' id='line_1_26' title="bbox 323 1839 1719 1914; baseline -0.016 -15"><span class='ocrx_word' id='word_1_231' title='bbox 323 1859 526 1914; x_wconf 88' lang='lat' dir='ltr'>quentiam</span> <span class='ocrx_word' id='word_1_232' title='bbox 546 1866 584 1896; x_wconf 93' lang='lat' dir='ltr'>et</span> <span class='ocrx_word' id='word_1_233' title='bbox 604 1856 790 1895; x_wconf 89' lang='lat' dir='ltr'>virtutem</span> <span class='ocrx_word' id='word_1_234' title='bbox 811 1850 1083 1905; x_wconf 88' lang='lat' dir='ltr'>requirebant:</span> <span class='ocrx_word' id='word_1_235' title='bbox 1116 1861 1235 1900; x_wconf 88' lang='lat' dir='ltr'>quam</span> <span class='ocrx_word' id='word_1_236' title='bbox 1257 1844 1488 1899; x_wconf 84' lang='lat' dir='ltr'>petitionem</span> <span class='ocrx_word' id='word_1_237' title='bbox 1509 1855 1600 1880; x_wconf 92' lang='lat' dir='ltr'>cum</span> <span class='ocrx_word' id='word_1_238' title='bbox 1628 1839 1719 1877; x_wconf 87' lang='lat' dir='ltr'>reli-</span> 
     </span>
     <span class='ocr_line' id='line_1_27' title="bbox 325 1910 1720 1979; baseline -0.015 -15"><span class='ocrx_word' id='word_1_239' title='bbox 325 1924 464 1979; x_wconf 84' lang='lat' dir='ltr'>quiffes</span> <span class='ocrx_word' id='word_1_240' title='bbox 482 1953 494 1969; x_wconf 95' lang='lat'><strong>,</strong></span> <span class='ocrx_word' id='word_1_241' title='bbox 525 1923 551 1961; x_wconf 87' lang='lat' dir='ltr'><strong>fi</strong></span> <span class='ocrx_word' id='word_1_242' title='bbox 577 1922 654 1960; x_wconf 91' lang='lat' dir='ltr'>hoc</span> <span class='ocrx_word' id='word_1_243' title='bbox 674 1919 882 1973; x_wconf 87' lang='lat' dir='ltr'>judicasti,</span> <span class='ocrx_word' id='word_1_244' title='bbox 914 1926 1017 1955; x_wconf 87' lang='lat' dir='ltr'>tanta</span> <span class='ocrx_word' id='word_1_245' title='bbox 1042 1916 1082 1953; x_wconf 91' lang='lat' dir='ltr'>in</span> <span class='ocrx_word' id='word_1_246' title='bbox 1104 1912 1326 1966; x_wconf 85' lang='lat' dir='ltr'>tempestate</span> <span class='ocrx_word' id='word_1_247' title='bbox 1349 1921 1385 1949; x_wconf 91' lang='lat' dir='ltr'>te</span> <span class='ocrx_word' id='word_1_248' title='bbox 1412 1910 1622 1962; x_wconf 85' lang='lat' dir='ltr'>gubernare</span> <span class='ocrx_word' id='word_1_249' title='bbox 1644 1918 1720 1943; x_wconf 78' lang='lat' dir='ltr'>non</span> 
     </span>
     <span class='ocr_line' id='line_1_28' title="bbox 327 1971 1721 2045; baseline -0.016 -15"><span class='ocrx_word' id='word_1_250' title='bbox 327 1990 441 2045; x_wconf 86' lang='lat' dir='ltr'>poffe,</span> <span class='ocrx_word' id='word_1_251' title='bbox 473 1990 520 2028; x_wconf 91' lang='lat' dir='ltr'>de</span> <span class='ocrx_word' id='word_1_252' title='bbox 539 1988 680 2026; x_wconf 85' lang='lat' dir='ltr'>virtute</span> <span class='ocrx_word' id='word_1_253' title='bbox 700 1995 766 2024; x_wconf 85' lang='lat' dir='ltr'>tua</span> <span class='ocrx_word' id='word_1_254' title='bbox 786 1983 958 2022; x_wconf 89' lang='lat' dir='ltr'>dubitavi</span> <span class='ocrx_word' id='word_1_255' title='bbox 976 2001 987 2028; x_wconf 83' lang='lat'>;</span> <span class='ocrx_word' id='word_1_256' title='bbox 1020 1981 1045 2019; x_wconf 87' lang='lat' dir='ltr'>fi</span> <span class='ocrx_word' id='word_1_257' title='bbox 1067 1980 1183 2023; x_wconf 88' lang='lat' dir='ltr'>nolle,</span> <span class='ocrx_word' id='word_1_258' title='bbox 1205 1979 1252 2016; x_wconf 93' lang='lat' dir='ltr'>de</span> <span class='ocrx_word' id='word_1_259' title='bbox 1271 1978 1481 2015; x_wconf 87' lang='lat' dir='ltr'>voluntate.</span> <span class='ocrx_word' id='word_1_260' title='bbox 1515 1974 1595 2018; x_wconf 84' lang='lat' dir='ltr'>Sin,</span> <span class='ocrx_word' id='word_1_261' title='bbox 1617 1971 1721 2024; x_wconf 88' lang='lat' dir='ltr'>quod</span> 
     </span>
     <span class='ocr_line' id='line_1_29' title="bbox 330 2039 1720 2110; baseline -0.016 -14"><span class='ocrx_word' id='word_1_262' title='bbox 330 2057 452 2110; x_wconf 88' lang='lat' dir='ltr'>magis</span> <span class='ocrx_word' id='word_1_263' title='bbox 474 2054 664 2106; x_wconf 87' lang='lat' dir='ltr'>intelligo,</span> <span class='ocrx_word' id='word_1_264' title='bbox 695 2050 937 2104; x_wconf 83' lang='lat' dir='ltr'>temporibus</span> <span class='ocrx_word' id='word_1_265' title='bbox 959 2058 996 2086; x_wconf 92' lang='lat' dir='ltr'>te</span> <span class='ocrx_word' id='word_1_266' title='bbox 1017 2047 1099 2086; x_wconf 81' lang='lat' dir='ltr'>aliis</span> <span class='ocrx_word' id='word_1_267' title='bbox 1121 2044 1334 2088; x_wconf 89' lang='lat' dir='ltr'>reservasti;</span> <span class='ocrx_word' id='word_1_268' title='bbox 1366 2056 1436 2095; x_wconf 85' lang='lat' dir='ltr'>ego</span> <span class='ocrx_word' id='word_1_269' title='bbox 1457 2052 1626 2094; x_wconf 87' lang='lat' dir='ltr'>quoque,</span> <span class='ocrx_word' id='word_1_270' title='bbox 1658 2039 1720 2075; x_wconf 91' lang='lat' dir='ltr'>in-</span> 
     </span>
     <span class='ocr_line' id='line_1_30' title="bbox 329 2106 1720 2175; baseline -0.015 -15"><span class='ocrx_word' id='word_1_271' title='bbox 329 2136 475 2175; x_wconf 89' lang='lat' dir='ltr'>quam,</span> <span class='ocrx_word' id='word_1_272' title='bbox 506 2129 544 2158; x_wconf 90' lang='lat' dir='ltr'>et</span> <span class='ocrx_word' id='word_1_273' title='bbox 575 2117 814 2171; x_wconf 88' lang='lat' dir='ltr'>respublica,</span> <span class='ocrx_word' id='word_1_274' title='bbox 845 2115 891 2153; x_wconf 90' lang='lat' dir='ltr'>ad</span> <span class='ocrx_word' id='word_1_275' title='bbox 923 2128 966 2152; x_wconf 84' lang='lat' dir='ltr'>ea</span> <span class='ocrx_word' id='word_1_276' title='bbox 996 2123 1033 2151; x_wconf 90' lang='lat' dir='ltr'>te</span> <span class='ocrx_word' id='word_1_277' title='bbox 1064 2122 1239 2164; x_wconf 84' lang='lat' dir='ltr'>tempora</span> <span class='ocrx_word' id='word_1_278' title='bbox 1266 2108 1465 2151; x_wconf 89' lang='lat' dir='ltr'>revocavi,</span> <span class='ocrx_word' id='word_1_279' title='bbox 1496 2106 1541 2143; x_wconf 85' lang='lat' dir='ltr'>ad</span> <span class='ocrx_word' id='word_1_280' title='bbox 1568 2117 1651 2155; x_wconf 61' lang='lat' dir='ltr'>quar.</span> <span class='ocrx_word' id='word_1_281' title='bbox 1679 2111 1720 2139; x_wconf 80' lang='lat' dir='ltr'>tu</span> 
     </span>
     <span class='ocr_line' id='line_1_31' title="bbox 331 2167 1721 2241; baseline -0.016 -15"><span class='ocrx_word' id='word_1_282' title='bbox 331 2199 368 2227; x_wconf 88' lang='lat' dir='ltr'>te</span> <span class='ocrx_word' id='word_1_283' title='bbox 399 2187 477 2241; x_wconf 89' lang='lat' dir='ltr'>ipse</span> <span class='ocrx_word' id='word_1_284' title='bbox 508 2187 682 2224; x_wconf 87' lang='lat' dir='ltr'>servaras.</span> <span class='ocrx_word' id='word_1_285' title='bbox 724 2185 815 2222; x_wconf 91' lang='lat' dir='ltr'>Pete</span> <span class='ocrx_word' id='word_1_286' title='bbox 846 2182 965 2234; x_wconf 84' lang='lat' dir='ltr'>igitur</span> <span class='ocrx_word' id='word_1_287' title='bbox 995 2193 1085 2218; x_wconf 92' lang='lat' dir='ltr'>eum</span> <span class='ocrx_word' id='word_1_288' title='bbox 1118 2176 1410 2230; x_wconf 84' lang='lat' dir='ltr'>magistratum,</span> <span class='ocrx_word' id='word_1_289' title='bbox 1442 2174 1481 2211; x_wconf 91' lang='lat' dir='ltr'>in</span> <span class='ocrx_word' id='word_1_290' title='bbox 1514 2183 1591 2222; x_wconf 87' lang='lat' dir='ltr'>quo</span> <span class='ocrx_word' id='word_1_291' title='bbox 1622 2167 1721 2206; x_wconf 76' lang='lat' dir='ltr'>mihi</span> 
     </span>
     <span class='ocr_line' id='line_1_32' title="bbox 333 2233 1720 2306; baseline -0.017 -13"><span class='ocrx_word' id='word_1_292' title='bbox 333 2267 479 2306; x_wconf 82' lang='lat' dir='ltr'>magnae</span> <span class='ocrx_word' id='word_1_293' title='bbox 500 2251 659 2291; x_wconf 73' lang='lat' dir='ltr'>utilitati</span> <span class='ocrx_word' id='word_1_294' title='bbox 677 2249 748 2288; x_wconf 85' lang='lat' dir='ltr'>effe</span> <span class='ocrx_word' id='word_1_295' title='bbox 769 2248 893 2302; x_wconf 83' lang='lat' dir='ltr'>poffis.</span> <span class='ocrx_word' id='word_1_296' title='bbox 923 2246 1070 2285; x_wconf 81' lang='lat' dir='ltr'>AEdiles</span> <span class='ocrx_word' id='word_1_297' title='bbox 1091 2244 1315 2296; x_wconf 85' lang='lat' dir='ltr'>quicunque</span> <span class='ocrx_word' id='word_1_298' title='bbox 1335 2250 1460 2283; x_wconf 89' lang='lat' dir='ltr'>erunt,</span> <span class='ocrx_word' id='word_1_299' title='bbox 1484 2238 1584 2275; x_wconf 88' lang='lat' dir='ltr'>idem</span> <span class='ocrx_word' id='word_1_300' title='bbox 1607 2233 1720 2277; x_wconf 85' lang='lat' dir='ltr'>mihi,</span> 
     </span>
     <span class='ocr_line' id='line_1_33' title="bbox 333 2300 1723 2373; baseline -0.017 -14"><span class='ocrx_word' id='word_1_301' title='bbox 333 2320 438 2373; x_wconf 86' lang='lat' dir='ltr'>quod</span> <span class='ocrx_word' id='word_1_302' title='bbox 472 2317 681 2356; x_wconf 83' lang='lat' dir='ltr'>ostenderas</span> <span class='ocrx_word' id='word_1_303' title='bbox 703 2330 711 2353; x_wconf 94' lang='lat'><strong>:</strong></span> <span class='ocrx_word' id='word_1_304' title='bbox 748 2324 812 2353; x_wconf 88' lang='lat' dir='ltr'>aut</span> <span class='ocrx_word' id='word_1_305' title='bbox 830 2344 841 2360; x_wconf 92' lang='lat'>‚</span> <span class='ocrx_word' id='word_1_306' title='bbox 880 2314 905 2352; x_wconf 90' lang='lat' dir='ltr'><strong>fi</strong></span> <span class='ocrx_word' id='word_1_307' title='bbox 924 2342 935 2358; x_wconf 92' lang='lat'><strong>,</strong></span> <span class='ocrx_word' id='word_1_308' title='bbox 976 2312 1081 2364; x_wconf 87' lang='lat' dir='ltr'>quod</span> <span class='ocrx_word' id='word_1_309' title='bbox 1115 2323 1199 2348; x_wconf 90' lang='lat' dir='ltr'>mea</span> <span class='ocrx_word' id='word_1_310' title='bbox 1236 2308 1363 2346; x_wconf 82' lang='lat' dir='ltr'>minus</span> <span class='ocrx_word' id='word_1_311' title='bbox 1398 2301 1547 2342; x_wconf 80' lang='lat' dir='ltr'>interest</span> <span class='ocrx_word' id='word_1_312' title='bbox 1566 2330 1576 2344; x_wconf 93' lang='lat'>,</span> <span class='ocrx_word' id='word_1_313' title='bbox 1615 2300 1652 2336; x_wconf 84' lang='lat' dir='ltr'>id</span> <span class='ocrx_word' id='word_1_314' title='bbox 1688 2310 1723 2336; x_wconf 82' lang='lat' dir='ltr'>te</span> 
     </span>
     <span class='ocr_line' id='line_1_34' title="bbox 336 2366 1722 2439; baseline -0.018 -14"><span class='ocrx_word' id='word_1_315' title='bbox 336 2387 456 2439; x_wconf 83' lang='lat' dir='ltr'>magis</span> <span class='ocrx_word' id='word_1_316' title='bbox 495 2384 594 2423; x_wconf 86' lang='lat' dir='ltr'>sorte</span> <span class='ocrx_word' id='word_1_317' title='bbox 633 2383 792 2420; x_wconf 68' lang='lat' dir='ltr'>delectat</span> <span class='ocrx_word' id='word_1_318' title='bbox 808 2409 820 2425; x_wconf 95' lang='lat'>,</span> <span class='ocrx_word' id='word_1_319' title='bbox 861 2379 1015 2418; x_wconf 87' lang='lat' dir='ltr'>reddam</span> <span class='ocrx_word' id='word_1_320' title='bbox 1055 2377 1129 2415; x_wconf 90' lang='lat' dir='ltr'>tibi</span> <span class='ocrx_word' id='word_1_321' title='bbox 1167 2375 1276 2413; x_wconf 88' lang='lat' dir='ltr'>istam</span> <span class='ocrx_word' id='word_1_322' title='bbox 1317 2371 1536 2410; x_wconf 68' lang='lat' dir='ltr'>aedilimtcm</span> <span class='ocrx_word' id='word_1_323' title='bbox 1558 2396 1565 2410; x_wconf 92' lang='lat'>‚</span> <span class='ocrx_word' id='word_1_324' title='bbox 1606 2366 1722 2402; x_wconf 80' lang='lat' dir='ltr'>etiam</span> 
     </span>
     <span class='ocr_line' id='line_1_35' title="bbox 336 2432 1724 2506; baseline -0.017 -15"><span class='ocrx_word' id='word_1_325' title='bbox 336 2453 572 2506; x_wconf 80' lang='lat' dir='ltr'>negligenter</span> <span class='ocrx_word' id='word_1_326' title='bbox 604 2447 763 2502; x_wconf 85' lang='lat' dir='ltr'>petenti.</span> <span class='ocrx_word' id='word_1_327' title='bbox 796 2446 866 2484; x_wconf 87' lang='lat' dir='ltr'>Sed</span> <span class='ocrx_word' id='word_1_328' title='bbox 898 2443 1148 2496; x_wconf 84' lang='lat' dir='ltr'>ampliffimos</span> <span class='ocrx_word' id='word_1_329' title='bbox 1179 2439 1341 2478; x_wconf 82' lang='lat' dir='ltr'>honores</span> <span class='ocrx_word' id='word_1_330' title='bbox 1372 2446 1411 2473; x_wconf 86' lang='lat' dir='ltr'>ut</span> <span class='ocrx_word' id='word_1_331' title='bbox 1444 2447 1512 2488; x_wconf 89' lang='lat' dir='ltr'>pro</span> <span class='ocrx_word' id='word_1_332' title='bbox 1539 2432 1724 2484; x_wconf 74' lang='lat' dir='ltr'>dignitate</span> 
     </span>
    </p>
   </div>
  </div>
 </body>
</html>
