2212 2835
504 169 582 207 402
999 156 1404 195 ORATIO

502 257 630 308 palam
650 268 715 308 per
735 254 974 307 magistratus
996 255 1102 299 acris,
1119 254 1164 292 ad
1184 254 1476 306 collegiumque
1494 252 1642 299 delatis,
1662 267 1708 292 ex
1729 254 1898 292 senatus-

503 322 691 367 consulto,
722 336 768 360 ex
789 321 886 374 lege.
919 321 991 359 Illa
1010 322 1285 373 interiorajam
1307 321 1425 359 vestra
1445 321 1545 367 sunt,
1576 321 1672 374 quid
1691 321 1783 366 dici,
1805 320 1900 373 quid

503 389 717 441 praecipere,
750 388 844 440 quid
866 388 983 440 tangi,
1015 388 1111 440 quid
1132 388 1265 432 teneri,
1290 388 1354 440 jus
1375 386 1505 426 fuerit.
1538 388 1635 437 Qae
1656 388 1681 426 fi
1702 388 1834 426 omnia
1852 400 1900 424 ex

503 456 741 493 Coruncanii
761 455 929 500 scientia,
960 456 1028 507 qui
1048 455 1296 507 peritiffimus
1318 454 1495 508 pontifex
1514 454 1625 493 fuiffe
1644 455 1799 498 dicitur,
1820 455 1902 491 aeta

501 521 572 559 effe
592 521 832 566 constarent;
864 531 929 559 aut
949 521 974 559 fi
994 522 1058 560 M.
1080 521 1267 560 Horatius
1288 521 1353 559 ille
1373 521 1579 567 Pulvillus,
1601 522 1683 574 qui,
1704 534 1797 559 cum
1817 520 1899 571 ejus

502 588 783 626 dedicationem
805 587 922 625 multi
940 597 1096 640 propter
1116 587 1302 625 invidiam
1330 587 1428 625 fietis
1456 587 1708 640 religionibus
1729 585 1898 639 impedi-

500 663 613 700 rent,
645 654 806 698 restitit,
837 663 876 691 et
909 654 1206 692 constantiffima
1239 663 1370 692 mente
1406 654 1646 706 Capitolium
1681 652 1898 695 dedicavit,

499 721 724 772 hujusmodi
745 720 859 757 alicui
880 719 1112 757 dedicationi
1132 720 1336 772 praefuiffet
1352 739 1365 764 5
1397 729 1526 758 tamen
1546 722 1586 759 in
1608 720 1743 759 scelere
1763 719 1900 772 religio

500 802 578 826 non
600 787 757 824 valeret:
781 799 828 823 ne
848 785 944 823 dum
966 786 1085 823 valeat
1106 786 1159 830 id,
1178 786 1282 837 quod
1304 786 1507 838 imperitus
1528 786 1757 831 adolescens,
1775 798 1896 824 novus

499 853 684 897 sacerdos,
715 852 849 890 sororis
871 852 1065 905 precibus,
1096 853 1228 890 matris
1257 852 1375 890 minis
1406 851 1605 898 adductus,
1635 852 1804 905 ignarus,
1835 852 1897 890 in-

497 920 615 965 vitus,
645 919 721 957 fine
741 918 916 971 collegis,
948 918 1024 956 fine
1044 918 1168 964 libris,
1189 919 1265 956 fine
1285 920 1450 964 auftore,
1478 918 1554 956 fine
1574 917 1720 964 fictore,
1742 917 1898 962 furtim,

497 995 630 1025 mente
648 999 691 1024 ac
711 985 845 1037 lingua
870 984 1063 1023 titubante
1081 1014 1092 1031 ‚
1123 984 1251 1023 feciffe
1277 984 1453 1030 dicatur3
1485 984 1692 1037 praesertim
1718 998 1811 1022 cum
1831 983 1899 1022 iste

496 1054 674 1106 impurus
696 1061 812 1104 atque
831 1052 976 1104 impius
997 1050 1114 1090 hostis
1135 1052 1313 1090 omnium
1334 1051 1584 1104 religionum,
1602 1053 1670 1104 qui
1690 1060 1823 1090 contra
1841 1050 1898 1089 fas

487 1120 588 1158 inter
608 1119 708 1157 viros
729 1118 823 1172 saepe
843 1118 996 1163 mulier,
1019 1127 1057 1156 et
1076 1119 1177 1157 inter
1196 1118 1376 1157 mulieres
1398 1119 1468 1164 vir,
1490 1118 1629 1164 fuisset,
1646 1126 1772 1171 ageret
1791 1117 1899 1156 illam

496 1200 577 1224 rem
599 1186 653 1224 ita
672 1185 812 1238 raptim
834 1193 872 1222 et
893 1184 1128 1231 turbulente,
1160 1194 1203 1223 ut
1223 1199 1348 1238 neque
1369 1199 1495 1230 mens,
1515 1199 1641 1238 neque
1661 1199 1749 1231 vox,
1772 1196 1898 1237 neque

495 1252 642 1304 lingua,
674 1250 904 1289 consisteret.

552 1318 639 1355 LV.
673 1317 859 1355 Delatum
888 1326 973 1354 tum
1001 1317 1053 1354 est
1081 1317 1126 1354 ad
1155 1331 1219 1354 vos
1238 1347 1248 1362 ‚
1281 1317 1488 1355 Pontifices
1506 1347 1516 1361 ‚
1548 1326 1586 1356 et
1613 1317 1694 1370 post
1714 1317 1895 1355 omnium

496 1384 669 1422 sermone
703 1383 968 1427 celebratum,
999 1383 1333 1435 quemadmodum
1370 1384 1437 1421 iste
1471 1384 1704 1437 praeposteris
1740 1383 1863 1421 verbis
1882 1411 1894 1427 ,

495 1450 694 1488 ominibus
715 1450 921 1494 obscoenis,
952 1450 1167 1488 identidem
1188 1450 1224 1488 se
1253 1450 1330 1503 ipse
1357 1451 1585 1496 revocando,
1616 1451 1811 1494 dubitans,
1842 1450 1894 1486 ti-

494 1532 604 1556 mens
623 1547 633 1562 ‚
665 1516 836 1555 haefitans
854 1546 865 1561 ,
896 1517 1028 1555 omnia
1047 1517 1157 1554 aliter
1173 1547 1183 1562 ‚
1216 1531 1258 1555 ac
1280 1531 1344 1556 vos
1366 1518 1406 1555 in
1427 1518 1695 1556 monumentis
1715 1517 1864 1555 habetis
1882 1545 1894 1561 ,

494 1594 531 1622 et
552 1584 808 1636 pronuntiarit
828 1592 865 1620 et
890 1582 1039 1621 fecerit.
1072 1583 1191 1634 Qod
1213 1584 1374 1636 quidem
1395 1584 1561 1622 minime
1585 1584 1731 1622 mirum
1758 1583 1823 1627 est,
1854 1583 1896 1621 in

495 1660 601 1689 tanto
622 1651 779 1696 scelere,
811 1659 992 1703 tantaque
1013 1651 1204 1688 dementia
1219 1680 1230 1696 ,
1262 1665 1308 1688 ne
1328 1651 1494 1689 audaciae
1514 1651 1674 1704 quidem
1696 1651 1827 1689 locum
1849 1650 1896 1688 ad

494 1718 677 1756 timorem
716 1716 1060 1770 comprimendum
1099 1715 1222 1755 fuiffe.
1271 1718 1430 1755 Etenim
1448 1746 1460 1762 ,
1500 1717 1526 1755 fi
1565 1731 1680 1755 nemo
1719 1729 1894 1768 unquam

492 1784 619 1836 praedo
639 1793 718 1821 tam
741 1784 921 1821 barbarus
941 1792 1057 1834 atque
1077 1782 1259 1821 immanis
1280 1780 1485 1834 fuit‚'qui,
1517 1797 1608 1821 cum
1631 1781 1716 1819 fana
1736 1781 1891 1834 spolias-

493 1850 545 1886 set
561 1878 571 1894 ‚
603 1849 741 1887 deinde
761 1862 864 1886 aram
885 1848 1054 1899 aliquam
1075 1847 1115 1885 in
1136 1848 1248 1886 litore
1268 1848 1438 1893 deserto,
1470 1847 1628 1886 somniis
1649 1847 1865 1885 stimulatus
1879 1877 1891 1892 ,

492 1924 555 1952 aut
575 1915 760 1967 religione
781 1914 922 1966 aliqua,
953 1914 1201 1959 consecraret,
1232 1927 1309 1952 non
1338 1912 1509 1952 horreret
1536 1914 1682 1959 animo,
1712 1927 1805 1952 cum
1829 1914 1891 1951 di-

490 1981 627 2018 vinum
649 1993 794 2018 numen
816 1979 953 2017 scelere
974 1979 1161 2018 violatum
1182 1980 1329 2032 placare
1351 1980 1528 2032 precibus
1555 1988 1783 2033 cogeretur3
1816 1993 1892 2031 qua

489 2047 645 2085 tandem
668 2047 783 2085 istum
805 2046 1092 2099 perturbatione
1118 2046 1258 2084 mentis
1276 2075 1286 2091 ‚
1318 2046 1497 2085 omnium
1520 2046 1756 2099 templorum
1778 2056 1898 2099 atque

490 2115 695 2156 tectorum,
727 2112 921 2164 totiusque
953 2113 1058 2151 urbis
1088 2113 1323 2166 praedonem,
1353 2112 1462 2151 fuisse
1493 2113 1667 2158 censetis,
1699 2127 1790 2151 cum
1822 2126 1892 2167 pro

489 2179 735 2218 detestatione
756 2188 813 2217 tot
834 2179 1021 2218 scelerum
1043 2193 1160 2218 unam
1181 2194 1282 2218 aram
1304 2180 1445 2218 nefarie
1465 2180 1699 2218 consecraret
1718 2180 1731 2217 ?

544 2246 638 2284 Non
660 2244 787 2298 potuit
809 2244 891 2283 ullo
912 2245 1029 2283 modo
1048 2245 1288 2298 (quanquam
1309 2255 1347 2284 et
1362 2245 1564 2284 insolentia
1580 2246 1801 2284 dominatus
1818 2258 1888 2283 ex-

489 2312 625 2350 tulerat
646 2312 810 2356 animos,
832 2320 869 2349 et
890 2320 967 2349 erat
988 2312 1205 2350 incredibili
1227 2321 1393 2351 armatus
1415 2313 1586 2365 audacia)
1610 2326 1689 2351 non
1709 2312 1748 2350 in
1769 2325 1887 2364 agen-

487 2380 536 2417 do
557 2392 683 2423 ruere,
715 2392 757 2416 ac
779 2377 872 2431 saepe
893 2392 1067 2431 peccare,
1100 2379 1306 2431 praesertiin
1329 2380 1399 2418 illo
1418 2379 1603 2433 pontifice
1623 2388 1662 2417 et
1682 2379 1885 2432 magistro,

486 2446 554 2497 qui
575 2454 775 2498 cogeretur
798 2446 932 2484 docere
951 2474 961 2490 ‚
993 2455 1197 2499 antequam
1224 2446 1302 2500 ipse
1329 2446 1529 2486 didiciffet.
1577 2447 1725 2500 Magna
1751 2445 1806 2483 vis
1834 2443 1887 2482 est
