2212 2835
315 259 347 298 P.

321 985 373 1013 34¹

318 309 376 338 340
400 308 435 336 17

593 163 630 203 57
650 163 688 202 Al
718 162 756 202 1³.
786 161 805 201 1
835 161 886 200 143
972 159 1007 200 12
1038 160 1074 200 13
1106 159 1142 200 (Σ
1169 158 1210 199 ἿΓ
1240 158 1260 199 21
1290 157 1328 198 (3
1359 157 1403 198 14·
1432 158 1467 198 13
1499 157 1539 199 S.

457 296 590 328 Cinnano
609 297 634 326 C
658 298 757 335 Cestmii
782 297 813 326 H
828 297 845 326 S
862 295 978 332 Cegsonini
997 295 1028 326 T

497 338 605 376 Cgffinii
618 352 635 370 5·
649 339 785 377 Cenfiarino
796 351 819 376 χ
833 338 935 373 Resona*

400 380 435 407 18
458 378 565 416 semper
580 379 604 407 C
620 379 754 417 defimper

402 428 412 446 1
422 428 439 455 9
459 418 524 447 esset
538 432 554 450 ⁵·
567 419 594 447 d.

397 468 434 487 22
458 458 555 487 unicus
575 458 600 488 C
616 459 644 488 H
661 459 678 487 S
693 459 722 487 Τ
734 471 756 494 χ
774 468 821 486 non
834 460 951 486 inimicus
971 467 987 486 ς·
1001 456 1028 482 in

506 510 553 536 quo
563 502 624 537 fuit
639 502 755 528 inimicux
769 509 842 529 ,neus
858 501 903 536 qui
916 507 954 524 me
965 505 1028 524 exu-

503 540 578 566 lavit

383 567 436 617 '23
459 577 695 617 ascriptoremque
719 581 939 617 sfiripzoremque
959 587 980 610 z
994 575 1033 602 ad

494 620 694 657 firiptoremque

399 666 436 694 24
457 657 579 686 videatis
595 659 619 686 C
633 660 767 686 videratis

399 697 435 725 26
457 706 548 733 pravae
563 698 587 725 C
601 698 630 724 T
642 710 663 733 χ
673 705 778 735 parvae

399 737 436 764 28
456 736 562 766 intueri
576 738 606 765 H
622 750 639 766 ς
652 741 721 766 tueri

399 784 437 813 30
458 785 611 805 amatorem
627 790 644 806 ς·
657 783 817 805 materteram

401 824 433 853 3¹
459 816 621 853 reposcebat
640 818 738 853 rstmm
751 815 908 854 rsposcebant

401 865 435 893 33
459 855 638 885 deseruerunt
652 870 669 886 ς-
680 857 826 893 cenfherune

402 905 440 932 34
459 896 598 925 consulari
613 897 637 924 C
652 898 806 934 confidat-um

398 951 439 956 —
459 944 535 964 omni
552 948 568 966 r
583 941 677 966 omnino

424 984 434 1002 1
461 976 547 1004 vestro
567 992 583 1008 5-
595 980 672 1015 nostro

421 1025 437 1043 2
460 1025 550 1053 neque
567 1018 590 1046 C
605 1018 634 1045 T
648 1030 690 1046 nec

400 1070 440 1078 -
461 1065 550 1092 neque
567 1058 592 1086 C
608 1058 636 1085 T
651 1069 693 1087 nec

420 1104 440 1131 4
459 1095 534 1124 enim
550 1098 580 1126 H
594 1096 611 1124 S
626 1098 653 1125 d.

399 1148 440 1156 ·-
460 1135 544 1165 ullius
562 1138 585 1166 C
600 1137 673 1166 illius

422 1184 437 1213 5
461 1177 590 1206 omnium
606 1178 630 1206 C
646 1178 676 1206 H
689 1178 707 1206 S
723 1178 752 1206 T
766 1191 783 1208 5-
796 1186 875 1206 omnes
889 1190 910 1213 χ
923 1179 1002 1204 omnis

422 1223 438 1251 7
460 1214 707 1255 intemperantiam
727 1218 751 1246 C
764 1220 994 1255 intemperationem

423 1256 438 1282 8
463 1255 569 1286 strenue
583 1259 696 1296 qfifine

401 1308 442 1317 -
463 1297 612 1333 egestatem
628 1312 644 1330 ⁵·
656 1301 761 1338 egestate

422 1344 440 1372 9
462 1334 622 1367 sustentavit
639 1341 833 1377 rsustematam

401 1388 442 1396 —
461 1377 675 1407 multitudinem
688 1392 704 1410 ς-
714 1379 874 1407 multitudine

406 1423 436 1442 11
461 1416 632 1446 creditorum
742 1419 867 1457 effugere
895 1415 919 1445 C
934 1416 1032 1454 >geffu-

499 1469 559 1495 gere
573 1458 601 1486 T
614 1460 765 1487 creditorum
787 1458 863 1495 (stip-
878 1458 920 1490 l.)

407 1501 441 1520 ¹²
465 1498 878 1535 QOCHSTr,z,212qui

401 1547 442 1553 —
462 1537 638 1574 rogationem
654 1538 678 1564 C
692 1540 820 1575 rogatione

406 1581 415 1599 1
425 1581 439 1608 3
463 1576 583 1614 egestate
597 1578 628 1605 H
645 1577 662 1605 S
676 1584 699 1605 et
714 1579 819 1616 egestate

401 1627 445 1634 -·
464 1615 522 1653 ipse
537 1631 557 1653 χ
571 1618 651 1655 ipsam

409 1663 444 1690 ¹4
464 1666 528 1684 cum
546 1658 570 1686 C
585 1660 612 1685 d.

407 1701 418 1721 1
426 1702 441 1731 5
465 1697 537 1725 intra
551 1698 575 1726 C
590 1701 617 1725 in
630 1700 720 1732 vestra

409 1734 443 1761 ¹8
465 1737 638 1766 intercedere
651 1752 682 1775 χ,
698 1739 724 1772 ψ
737 1739 862 1767 inlendere

404 1787 444 1794 ’““
465 1777 544 1806 AElla
558 1791 584 1811 ς,
599 1792 622 1815 χ
638 1779 703 1806 Alia

403 1826 444 1834 ····
466 1827 494 1846 et
508 1817 590 1846 Fufia
604 1820 628 1847 C
642 1830 673 1846 ac
688 1819 791 1855 Sufficit:
805 1831 829 1855 χ
841 1826 864 1845 et
880 1817 920 1845 Sus
941 1828 994 1846 ana

402 1868 446 1875 -·-
466 1868 502 1886 ne
518 1858 543 1886 C
560 1859 588 1885 T
604 1860 632 1886 d.

405 1910 448 1917 —
469 1897 594 1926 valerent
609 1898 633 1925 C
647 1910 673 1928 ς,
690 1910 712 1934 χ
726 1897 828 1926 valeret

404 1952 445 1959 —
466 1946 529 1974 qua:
545 1938 569 1964 C
584 1938 612 1965 T
627 1949 702 1975 quam

409 1987 443 2016 ¹9
466 1976 612 2005 certiffima
641 1976 759 2005 subfidia
781 1990 799 2007 5-
818 1977 940 2013 tutiffi'ma
963 1984 1035 2014 prae-

521 2019 577 2045 ,dia

406 2072 450 2081 —
468 2018 634 2095 reisgublicae
650 2057 675 2085 C
690 2057 719 2085 T
733 2058 764 2085 d.

408 2108 440 2127 21
465 2097 579 2126 venisset
597 2096 621 2125 C
637 2099 701 2134 veste
715 2097 838 2133 veniffint

409 2148 445 2167 22
467 2137 617 2175 cunfflque
643 2135 754 2174 equites
782 2148 801 2166 ς-
827 2136 943 2173 elvesque
968 2137 1036 2174 Qi-

513 2180 577 2205 rites

410 2226 444 2255 23
467 2216 641 2254 impuriffimi
657 2215 687 2244 H
701 2215 718 2243 S
733 2229 749 2247 r
761 2216 947 2253 impudiciffi‘mi

406 2272 446 2279 --
467 2257 628 2294 abjecissent
642 2257 666 2284 C
681 2255 817 2294 objecffm

407 2311 448 2319 —
466 2297 644 2325 cincinnatus
659 2296 682 2324 C
698 2298 716 2324 S
730 2309 751 2332 χ
765 2298 956 2324 incincinnatus

410 2346 444 2374 25
470 2337 572 2374 Neque
679 2335 802 2364 ascendit
817 2335 848 2363 H
861 2337 889 2364 A.

409 2378 446 2406 26
468 2377 608 2406 revixiss‘et
620 2391 636 2408 r
648 2377 772 2414 revtfifflt

411 2425 446 2454 27
469 2415 637 2447 Decembris
653 2418 677 2446 C
693 2417 723 2446 T
736 2428 757 2453 χ
770 2415 945 2447 Decembrium

1171 250 1182 279 1

1081 263 1150 330 {241-
1176 271 1212 328 2-7
1236 291 1347 322 fuiffent
1361 294 1484 333 Cfuiffl!

1165 333 1201 359 28
1224 332 1348 370 clivique
1372 335 1396 363 C
1412 335 1441 363 H
1457 336 1475 363 S
1491 334 1520 363 T
1541 334 1605 362 clivi
1626 345 1645 363 ς·
1659 333 1799 364 dividuum

1267 377 1346 402 ctiam
1360 389 1381 410 χ
1395 377 1459 403 divi

1163 425 1204 433 -
1226 410 1385 450 Capitolini
1400 415 1425 444 C
1441 415 1567 452 Capitolii
1580 427 1597 444 ς
1608 412 1763 452 Capitolium

1167 459 1206 488 30
1227 452 1261 480 L.
1275 467 1297 489 χ
1312 454 1418 483 Lucium

1163 505 1206 514 -·
1225 502 1293 520 Vtro
1308 494 1337 521 H
1354 508 1379 528 r,
1391 497 1478 533 zjam
1491 506 1554 524 vero

1165 547 1205 554 —
1226 532 1354 561 Lamiam
1370 534 1395 561 C
1410 536 1440 562 T
1453 548 1476 572 χ
1490 536 1517 564 d.

1165 587 1204 593 --
1225 572 1363 608 praestanti
1379 575 1403 602 C
1419 575 1448 602 T
1453 577 1516 611 jam
1525 575 1666 612 prastanri

1168 621 1203 648 3²
1226 611 1279 639 suis
1296 612 1395 647 rfimm

1163 667 1203 673 —
1224 651 1320 680 consul
1335 666 1351 684 5-
1365 653 1483 689 consulem

1161 707 1205 715 —
1227 691 1296 720 urbe
1311 705 1327 723 ⁵·
1340 693 1426 721 urbem

1168 743 1203 771 33
1222 732 1297 769 juffit
1313 733 1337 760 C
1351 736 1425 762 vixit

1165 790 1208 797 -
1229 781 1292 800 cum
1309 773 1334 801 C
1348 785 1401 802 eum

1089 824 1145 854 342
1191 826 1206 845 2
1227 812 1388 849 abjecerant
1403 827 1419 846 5-
1433 813 1571 853 abjicerent

1165 871 1209 879 --
1230 853 1312 882 irrisit
1326 867 1343 884 f
1356 856 1422 892 affl!

1190 908 1204 936 3
1228 893 1304 933 quod
1321 894 1345 922 C
1362 895 1378 922 S
1393 896 1421 923 d.

1228 935 1345 963 vestrum
1362 947 1378 963 .,-
1393 934 1502 970 nostrum

1167 993 1208 1001 .-
1229 975 1300 1004 nihil
1314 989 1330 1006 r
1349 974 1421 1012 (Hic
1436 975 1522 1012 definit
1538 974 1654 1009 Oratio)

1189 1019 1207 1047 6
1229 1025 1294 1043 vero
1310 1016 1335 1044 C
1350 1015 1376 1043 d.

1191 1060 1207 1086 8
1230 1055 1319 1084 somni
1335 1056 1358 1082 C
1366 1056 1427 1092 simi

1174 1107 1209 1127 10
1231 1095 1386 1125 temulenta
1411 1095 1435 1123 C
1449 1093 1478 1122 T
1501 1093 1643 1123 tumulenta
1661 1095 1687 1130 ψ
1703 1103 1800 1125 tremu-

1271 1136 1341 1164 lenta

1173 1186 1207 1206 12
1230 1175 1311 1205 nobis
1329 1175 1352 1203 C
1368 1175 1398 1202 T
1412 1173 1484 1203 vobis

1168 1233 1208 1239 —
1229 1226 1279 1246 cur
1302 1216 1331 1244 in
1354 1215 1444 1243 lustris
1473 1221 1502 1242 et
1529 1213 1752 1243 helluationibus
1774 1215 1799 1243 C

1275 1267 1329 1285 cum
1357 1255 1466 1293 dlustris
1487 1262 1512 1283 et
1533 1255 1596 1283 belii
1619 1255 1759 1284 aelionibus
1778 1268 1801 1292 χ

1277 1307 1331 1324 cum
1344 1295 1450 1333 illustris
1463 1302 1486 1323 et
1500 1295 1544 1323 elii
1557 1295 1702 1324 aaionibus

1174 1347 1206 1374 ¹3
1230 1344 1286 1365 tam
1304 1336 1333 1363 H
1349 1337 1366 1363 S
1381 1336 1407 1363 d.

1174 1386 1210 1414 14
1231 1375 1395 1405 Caesoninus
1422 1375 1452 1403 H
1469 1375 1486 1403 S
1513 1375 1644 1411 Caeſsnt'us
1671 1388 1694 1412 χ
1709 1374 1801 1413 Censt-

1274 1426 1331 1444 '1110'

1175 1455 1209 1484 16
1231 1455 1427 1492 versutamque
1443 1453 1467 1482 C
1482 1454 1513 1482 H
1528 1455 1546 1482 S
1558 1456 1586 1482 T
1601 1468 1624 1492 χ
1636 1457 1792 1492 irritamque

1169 1510 1210 1517 —-
1231 1505 1287 1523 non
1301 1495 1372 1532 juris
1481 1493 1636 1522 liberalitas
1652 1495 1677 1523 C
1693 1495 1722 1522 T
1735 1508 1759 1533 χ
1771 1496 1801 1524 d.

1169 1551 1208 1557 —
1226 1535 1297 1572 juris
1314 1535 1330 1562 S
1347 1533 1452 1570 consulis

1175 1585 1207 1611 17
1229 1574 1355 1608 dicendi,
1380 1583 1434 1601 non
1453 1573 1470 1601 S
1485 1573 1598 1608 discendi
1611 1575 1687 1602 vitia

1175 1617 1207 1644 18
1230 1614 1390 1653 praeteriens
1405 1614 1429 1641 C
1440 1614 1618 1651 praeterhiem:

1173 1665 1210 1684 20
1232 1662 1343 1693 putares
1367 1655 1391 1682 C
1406 1667 1427 1689 χ
1441 1655 1541 1691 putasti
1564 1653 1592 1681 H
1609 1654 1626 1681 S
1641 1655 1751 1692 putaffis
1772 1654 1804 1684 Τ

1271 1696 1371 1733 putasti
1392 1693 1524 1731 (fiesfiaep.
1539 1693 1556 1721 l.
1575 1693 1610 1721 ab
1623 1693 1662 1721 al.
1676 1693 1732 1732 m.)

1173 1745 1204 1763 21
1231 1735 1284 1763 hoc
1300 1734 1424 1767 homine,
1449 1735 1473 1762 C
1489 1735 1544 1762 haec
1557 1733 1629 1762 bodie
1641 1747 1662 1769 χ
1673 1734 1770 1763 homine

1170 1791 1210 1797 —-
1231 1773 1511 1810 anCTzetSaut

1169 1831 1209 1838 —
1230 1815 1322 1852 stipite
1350 1814 1488 1850 AEthiope
1517 1813 1541 1842 C
1569 1827 1591 1849 χ
1611 1813 1677 1850 ςβρε
1704 1813 1735 1841 H
1756 1813 1807 1843 vel

1278 1855 1404 1889 AEthiopc
1419 1856 1436 1882 S
1444 1855 1513 1891 st1pe
1527 1854 1637 1891 Ethiope
1651 1853 1680 1882 T
1695 1854 1775 1891 aepro

1173 1905 1208 1932 23
1232 1895 1378 1933 negotium
1393 1908 1414 1929 χ
1427 1903 1546 1931 negatum

1171 1951 1209 1956 —
1230 1935 1389 1963 constitisset
1403 1947 1428 1971 χ
1440 1935 1567 1971 constitiffe

1173 1985 1210 2012 24
1231 1975 1381 2012 abreptum
1395 1977 1419 2003 C
1435 1982 1564 2014 arreptum
1580 1974 1654 2011 (sup.
1667 1974 1709 2007 l.)
1722 1985 1802 2010 xar-

1276 2026 1303 2042 re
1319 2023 1372 2043 tum

1171 2071 1211 2078 —
1230 2022 1373 2083 venalpium
1390 2054 1414 2083 C
1429 2057 1583 2083 venantium
1596 2068 1620 2092 χ
1632 2057 1772 2083 venariam

1172 2111 1212 2118 -
1233 2105 1318 2133 quam
1334 2094 1501 2122 libidinosus
1519 2108 1542 2131 χ
1554 2107 1581 2122 a.

1174 2145 1189 2164 2
1194 2146 1208 2174 5
1232 2144 1287 2162 non
1387 2133 1545 2161 intromiffis
1560 2133 1585 2161 C
1597 2133 1627 2161 T
1641 2144 1689 2162 nox
1702 2143 1803 2162 manere

1272 2175 1346 2211 ceptis
1364 2173 1415 2207 sed
1430 2180 1508 2210 porro
1532 2174 1674 2209 intermiffis
1701 2174 1730 2202 H
1755 2184 1802 2201 non

1270 2216 1298 2241 in
1307 2223 1394 2241 avare
1406 2216 1481 2250 ceptis
1487 2213 1611 2250 sedporra
1624 2214 1765 2249 rntnmffs
1781 2214 1801 2240 S

1272 2264 1320 2281 non
1335 2263 1434 2281 navare
1452 2257 1540 2290 ceptis,
1559 2253 1611 2290 sed
1623 2261 1698 2290 porro
1715 2261 1796 2282 unter-

1272 2294 1348 2330 miffi's
1370 2307 1391 2329 χ
1405 2304 1451 2321 non
1465 2303 1563 2322 manere
1579 2295 1654 2331 captis
1668 2301 1744 2331 porro
1757 2297 1800 2329 im-¹

1273 2333 1386 2369 termiffi's

1174 2373 1211 2402 26
1231 2372 1315 2401 etiam
1332 2373 1398 2401 CH
1414 2372 1550 2410 STxd.

1175 2421 1210 2450 27
1233 2414 1321 2443 literis
1334 2426 1358 2451 χ
1370 2412 1458 2443 literas
