2212 2835
719 224 854 263 PRO
913 225 964 263 A.
1025 223 1430 263 CLUENTIQ
1727 224 1777 276 67

389 329 627 366 notaverunt,
646 321 673 359 ii
694 335 771 360 non
793 322 910 360 modo
930 322 970 359 in
987 321 1159 360 senatum
1178 322 1386 365 redierunt,
1409 319 1470 358 sed
1489 319 1603 358 etiam
1625 318 1780 357 illarum

387 387 555 438 ipsarum
577 401 701 425 rerum
717 387 877 439 judiciis
897 386 1061 425 absoluti
1081 387 1181 425 sunt.

443 453 595 490 XLIII.
627 451 843 490 Neminem
865 452 1069 490 voluerunt
1088 453 1249 504 majores
1270 451 1386 489 nostri
1408 465 1486 489 non
1508 451 1624 489 modo
1645 450 1691 489 de
1710 463 1778 487 ex-

387 518 617 556 istimatione
638 519 880 571 cujusquam,
902 519 964 557 sed
984 533 1032 557 ne
1053 519 1271 571 pecuniaria
1290 519 1450 570 quidem
1471 518 1518 556 de
1538 532 1577 556 re
1600 518 1778 561 minima,

386 583 458 621 effe
482 585 673 636 judicem,
710 585 779 622 nisi
800 585 869 637 qui
888 585 989 623 inter
1008 585 1233 623 adversarios
1253 583 1501 623 conveniffet.
1535 584 1782 636 Qapropter

385 648 427 686 in
447 650 630 688 omnibus
662 650 827 702 legibus,
859 650 1001 703 quibus
1021 659 1230 704 exceptum
1251 649 1317 695 est,
1349 650 1395 688 de
1415 649 1557 702 quibus
1578 648 1695 686 caufis
1717 656 1781 685 aut

387 717 652 769 magistratum
687 730 819 770 capere
849 731 927 756 non
960 717 1086 762 liceat,
1122 725 1187 755 aut
1211 716 1388 769 judicem
1408 716 1500 769 legi,
1533 724 1598 753 aut
1617 714 1782 752 alterum

387 782 572 828 accusare,
603 782 687 821 haec
717 783 943 835 ignominiae
974 782 1083 821 causa
1101 781 1346 836 praetermiffa
1364 782 1431 821 est.
1467 781 1643 820 Timoris
1677 780 1782 818 enim

388 849 552 894 causam,
584 863 663 888 non
684 850 770 888 vitae
791 864 961 903 poenam,
992 851 1032 888 in
1053 850 1120 888 illa
1146 849 1330 903 potestate
1360 849 1432 888 esse
1451 849 1671 888 voluerunt.
1703 847 1783 885 Ita-

388 928 465 967 que
499 930 577 955 non
612 916 751 961 solum,
788 917 960 967 Judices,
1004 916 1103 955 illud
1137 917 1346 961 ostendam,
1390 915 1494 969 quod
1520 916 1604 968 jam
1632 913 1782 956 videtis¹

388 982 527 1034 populi
556 983 727 1020 Romani
763 982 950 1035 suffragiis
983 983 1243 1036 saepenumero
1276 983 1460 1022 censorias
1490 981 1783 1034 subscriptiones

391 1048 462 1086 effe
496 1049 650 1093 deletas,
690 1062 824 1087 verum
860 1050 975 1087 etiarn
1003 1049 1162 1102 judiciis
1194 1063 1344 1094 eorum,
1381 1050 1450 1102 qui
1474 1048 1592 1101 jurati
1625 1048 1784 1085 statuere

391 1115 534 1166 majore
553 1128 646 1152 cum
669 1114 854 1166 religione
874 1124 912 1152 et
931 1114 1132 1167 diligentia
1151 1115 1380 1153 debuerunt.
1413 1115 1592 1153 Primum
1618 1112 1783 1165 judices,

390 1180 576 1219 senatores
610 1180 833 1233 equitesque
866 1180 1053 1225 Romani,
1083 1181 1124 1219 in
1155 1181 1424 1233 compluribus
1453 1181 1538 1232 jam
1569 1179 1656 1224 reis,
1687 1191 1784 1230 quos

390 1254 523 1284 contra
541 1246 641 1299 leges
663 1246 843 1298 pecunias
875 1245 1058 1300 accepisse
1078 1246 1336 1300 subscriptum
1365 1246 1432 1291 est,
1463 1245 1536 1284 suae
1566 1245 1694 1298 potius
1724 1257 1784 1282 re-

389 1312 542 1365 ligioni,
575 1326 691 1365 quam
724 1312 926 1351 censorum
951 1313 1142 1366 opinioni,
1175 1321 1395 1367 paruerunt.
1427 1311 1582 1351 Deinde
1602 1312 1786 1350 Praetores

390 1379 542 1425 urbani,
563 1380 631 1433 qui
645 1380 764 1432 jurati
784 1380 926 1419 debent
957 1381 1156 1433 optimum
1177 1393 1375 1434 quemque
1405 1380 1447 1419 in
1467 1379 1620 1418 selectos
1635 1377 1786 1430 judices

394 1444 545 1491 referre,
567 1459 769 1498 nunquam
790 1446 860 1484 fibi
888 1446 935 1484 ad
962 1460 1047 1484 eam
1078 1460 1160 1484 rem
1191 1446 1402 1485 censoriam
1429 1444 1688 1499 ignominiam
1708 1444 1786 1482 im-

392 1512 615 1564 pedimento
636 1511 706 1551 effe
737 1522 912 1565 oportere
943 1513 1149 1551 duxerunt.
1183 1512 1367 1551 Censores
1388 1512 1555 1564 denique
1579 1511 1649 1564 ipfi
1671 1510 1786 1563 saepe-

392 1592 555 1616 numero
575 1578 813 1632 superiorum
844 1578 1044 1617 censorum
1069 1579 1228 1630 judiciis
1267 1580 1311 1631 (fi
1341 1579 1407 1617 ista
1429 1579 1578 1631 judicia
1604 1576 1788 1631 appellari

392 1644 530 1696 vultis)
562 1659 640 1683 non
661 1644 857 1683 steterunt.
890 1646 1022 1697 Atque
1043 1646 1159 1683 etiam
1180 1645 1248 1697 ipfi
1269 1646 1368 1683 inter
1388 1644 1423 1682 se
1451 1645 1620 1683 censores
1642 1644 1705 1681 sua
1719 1644 1788 1695 ju-

393 1710 493 1749 dicia
513 1712 610 1749 tanti
630 1710 701 1749 effe
721 1712 966 1756 arbitrantur,
1000 1722 1041 1749 ut
1063 1712 1155 1749 alter
1177 1712 1330 1749 alterins
1353 1711 1550 1762 judicium
1571 1724 1648 1748 non
1670 1709 1788 1748 modo

394 1776 658 1830 reprehendat,
689 1777 750 1815 sed
772 1777 887 1815 etiam
909 1778 1095 1816 rescindat
1113 1798 1125 1823 ς
1158 1788 1201 1816 ut
1223 1778 1315 1816 alter
1337 1779 1383 1815 de
1404 1778 1532 1816 senatu
1553 1777 1700 1815 moveri
1720 1790 1787 1813 ve-

393 1843 454 1888 lit,
475 1843 569 1882 alter
601 1843 773 1888 retineat,
809 1852 847 1881 et
877 1843 1010 1881 ordine
1037 1844 1271 1896 ampliffimo
1295 1844 1461 1896 dignum
1493 1842 1713 1887 existimet,
1745 1851 1789 1879 ut

393 1909 487 1947 alter
517 1910 558 1947 in
590 1909 735 1947 aerarios
767 1908 909 1954 referri,
941 1919 1006 1947 aut
1038 1911 1141 1948 tribu
1173 1911 1334 1955 moveri,
1368 1910 1515 1962 jubeat,
1547 1910 1641 1947 alter
1671 1916 1785 1946 vetet.

396 1976 524 2027 Qare
544 1975 612 2028 qui
632 1975 739 2012 vobis
770 1976 810 2012 in
843 1984 1016 2013 mentem
1037 1977 1154 2021 venit,
1186 1975 1267 2014 haec
1297 1975 1486 2029 appellare
1511 1975 1672 2028 judicia,
1704 1987 1789 2026 quae

395 2054 414 2077 a
435 2041 581 2094 populo
602 2041 783 2079 Romano
803 2040 979 2086 rescindi,
1002 2042 1048 2079 ab
1064 2042 1200 2093 juratis
1216 2041 1416 2094 judicibus
1438 2041 1640 2094 repudiari,
1662 2054 1681 2077 a
1703 2053 1786 2078 ma-

394 2106 610 2157 gistratibus
635 2106 796 2159 negligi,
829 2107 875 2144 ab
898 2107 959 2151 iis,
995 2108 1063 2159 qui
1084 2107 1244 2145 eandem
1268 2107 1493 2160 potestatem
1525 2107 1653 2159 adepti
1685 2106 1785 2149 sunt,

397 2173 644 2218 commutari,
666 2173 765 2210 inter
786 2173 950 2225 collegas
971 2173 1191 2226 discrepare,
1213 2173 1384 2211 videatis.

426 2238 574 2276 XLIV.
608 2239 706 2290 Qae
727 2252 819 2276 cum
838 2239 891 2275 ita
911 2239 997 2283 fint,
1020 2240 1230 2284 videamus,
1259 2239 1353 2291 quid
1376 2239 1530 2277 tandem
1551 2237 1718 2276 censores
1741 2236 1787 2273 de

398 2303 466 2340 illo
480 2303 630 2354 judicio
649 2314 830 2356 corrupto
845 2303 1029 2356 judicaffe
1049 2306 1239 2343 dicantur.
1259 2308 1319 2343 Ac
1340 2306 1512 2358 primum
1529 2303 1626 2341 illud
1647 2303 1786 2339 statua·

398 2382 509 2407 mus:
544 2378 690 2413 utrum,
712 2371 803 2421 quia
822 2371 990 2409 censores
1012 2371 1311 2424 subscripserint,
1346 2372 1396 2409 ita
1417 2371 1488 2414 slt;
1521 2383 1581 2413 an,
1615 2368 1705 2420 quia
1735 2369 1788 2405 ita

389 2435 529 2480 fuerit,
565 2435 623 2472 illi
655 2435 952 2487 subscripserint.
996 2438 1033 2474 Si
1054 2438 1152 2482 idco,
1188 2438 1278 2490 quia
1300 2435 1612 2487 subscripserint3
1647 2434 1785 2478 videte,

397 2502 492 2554 quid
509 2502 640 2554 agatis,
659 2515 706 2540 ne
722 2501 762 2540 in
779 2515 1099 2555 unumquemque
1116 2504 1287 2542 nostrum
1304 2503 1521 2541 censoribus
1538 2503 1576 2540 in
1594 2501 1786 2554 posterum

1416 2574 1431 2610 l
1464 2586 1483 2610 2
