2212 2835
650 176 783 216 PRO
842 175 1032 215 LEGE
1091 174 1440 214 MANILIA.
1696 187 1744 212 ar

345 277 439 316 huic
469 276 618 331 praeeffe
635 277 647 314 ?
679 274 832 330 praefuit
850 289 859 313 ε
892 288 973 313 rem
1004 273 1155 326 optime
1184 273 1302 311 ductu
1332 271 1398 310 suo
1429 283 1558 324 gerere
1578 271 1590 308 ?
1622 269 1744 322 geffit.

350 345 460 396 Qid
481 355 560 382 tarn
580 352 716 396 praeter
735 341 1070 385 consuetudinem,
1105 354 1223 391 quam
1252 338 1406 377 homini
1434 337 1747 391 peradolescenffi,

350 414 460 465 cujus
481 425 501 449 a
517 410 701 449 senatorio
721 408 840 461 gradu
861 416 947 446 aetas
968 407 1084 459 longe
1105 406 1257 451 abesset,
1274 407 1485 459 imperium
1506 398 1620 458 atque
1640 418 1749 443 exer-

350 479 474 516 citum
495 476 604 514 dari?
637 473 1018 527 Siciliamrpermitti,
1039 482 1156 525 atque
1177 470 1367 516 Africam,
1392 471 1620 523 bellumque
1647 471 1686 508 in
1709 484 1751 507 ea

349 542 696 582 administrandum
715 541 728 580 ?
766 541 860 579 Fuit
891 541 932 578 in
963 539 1024 578 his
1056 538 1266 592 provinciis
1298 537 1479 590 singulari
1513 538 1749 581 innocentia,

349 610 547 663 gravitate,
569 608 711 646 virtute
729 622 738 645 :
772 606 921 645 bellum
949 606 988 643 in
1010 604 1144 643 Africa
1165 604 1385 642 maximum
1407 602 1592 648 confecit,
1627 604 1750 641 vieto-

349 690 430 714 rem
461 675 677 713 exercitum
709 673 937 726 deportavit.
982 671 1092 721 Qid
1125 684 1214 709 vero
1246 680 1326 708 tam
1358 670 1595 715 inauditum,
1633 684 1751 722 quam

351 743 525 795 equitem
545 743 773 780 Romanum
806 737 1046 792 triumphare
1064 739 1076 775 ?
1108 746 1145 776 at
1176 751 1260 775 eam
1294 750 1450 789 quoque
1482 750 1564 774 rem
1585 736 1751 789 populus

353 809 555 847 Romanus
577 822 656 846 non
676 807 794 845 modo
813 806 925 851 vidit,
953 805 1016 843 sed
1036 804 1153 843 etiam
1173 803 1298 842 studio
1325 804 1434 841 omni
1455 803 1654 841 visendum
1676 817 1750 856 pu-

353 876 460 914 tavit.
494 875 603 926 Qid
623 883 704 912 tam
726 873 966 917 inusitatum,
986 885 1104 924 quam
1125 880 1182 915 ut,
1206 884 1299 908 cum
1321 870 1397 908 duo
1417 869 1602 908 Consules
1623 869 1751 907 claris-

353 942 438 980 fimi
458 941 731 992 fortiffimique
751 939 882 984 effent,
915 952 1032 991 eques
1054 939 1257 976 Romanus
1278 937 1324 975 ad
1351 937 1501 975 bellum
1533 937 1753 974 maximum

353 1007 831 1057 formidolosissimumque
851 1019 921 1057 pro
942 1004 1110 1042 Consule
1131 1004 1381 1041 mitteretur?
1414 1003 1546 1042 missus
1567 1003 1632 1041 est.
1705 1017 1755 1041 uo

354 1075 514 1127 quidem
535 1082 722 1125 tempore,
744 1084 836 1108 cum
857 1070 947 1108 esset
967 1083 1164 1108 nonnemo
1184 1070 1224 1106 in
1241 1069 1383 1114 senam,
1407 1070 1476 1121 qui
1494 1070 1650 1114 diceret,
1668 1071 1754 1108 ZVon

355 1150 515 1194 oportere
533 1139 633 1178 mitti
644 1137 814 1176 hominem
827 1137 1023 1189 privatum
1036 1144 1108 1188 pro
1129 1136 1276 1188 confide
1287 1153 1299 1180 3
1323 1136 1369 1173 L.
1396 1134 1602 1188 Philippus
1623 1135 1755 1174 dixifl‘e

355 1207 511 1251 dicitur,
542 1206 629 1244 Non
641 1205 686 1256 st
705 1203 802 1241 illum
810 1202 1079 1256 ficastntentia
1091 1210 1161 1254 pro
1184 1201 1342 1254 Constcle,
1360 1200 1433 1254 fid
1439 1210 1511 1254 pro
1533 1201 1753 1254 Corfidibus,

354 1273 510 1312 mittere.
542 1272 672 1310 Tanta
691 1270 731 1308 in
752 1283 797 1308 eo
818 1269 1040 1322 reipublicae
1067 1268 1165 1306 bene
1184 1267 1359 1320 gerendae
1380 1266 1462 1320 spes
1494 1268 1755 1306 constitueba-

354 1349 431 1385 tur,
476 1348 520 1378 ut
551 1339 719 1377 duorum
753 1336 971 1375 Consulum
1006 1348 1149 1374 munus
1183 1335 1298 1373 unius
1335 1334 1584 1373 adolescentis
1620 1335 1756 1373 virtuti

356 1406 683 1446 committeretur.
707 1403 817 1455 Qid
838 1412 918 1441 tam
937 1402 1138 1455 fingulare,
1155 1415 1274 1454 quam
1294 1409 1351 1446 ut,
1369 1414 1415 1439 ex
1432 1401 1757 1440 senatusconsulto

356 1473 509 1526 legibus
530 1471 691 1516 solutus,
715 1469 860 1509 Consul
880 1478 967 1508 ante
986 1469 1107 1515 fieret,
1129 1482 1247 1522 quam
1263 1467 1392 1506 ullum.
1411 1468 1534 1505 alium
1554 1468 1754 1521 magistra-

356 1549 443 1578 tum
464 1553 530 1593 per
548 1539 650 1592 leges
672 1551 805 1590 capere
828 1536 993 1575 licuiffet
1013 1536 1026 1573 ?
1060 1536 1170 1586 Qid
1190 1544 1270 1573 tam
1302 1534 1545 1580 incredibile,
1564 1549 1682 1588 quam
1714 1545 1759 1574 ut

357 1606 503 1644 iterum
520 1618 636 1657 eques
657 1605 859 1644 Romanus
878 1616 926 1641 ex
945 1601 1267 1641 senatusconsulto
1287 1600 1573 1654 triumpharet?
1597 1603 1695 1654 Qae
1715 1602 1757 1639 in

358 1671 542 1710 omnibus
563 1670 791 1709 hominibus
818 1682 917 1707 nova
947 1668 1029 1721 post
1058 1667 1270 1706 hominum
1300 1668 1530 1705 memoriam
1551 1668 1763 1706 constituta·

358 1738 459 1783 sunt,
482 1751 524 1775 ea
543 1746 623 1775 tam
645 1737 769 1775 multa
787 1749 866 1774 non
888 1736 991 1781 sunt,
1021 1749 1140 1787 quam
1160 1733 1258 1780 haec,
1288 1748 1373 1787 quae
1394 1735 1434 1772 in
1468 1733 1543 1772 hoc
1572 1748 1650 1772 uno
1680 1734 1755 1773 ho-

359 1804 465 1844 mine
484 1803 668 1843 vidimus.
700 1804 833 1855 Atque
852 1801 934 1840 haec
955 1810 1013 1840 tot
1033 1801 1224 1854 exempla,
1244 1810 1347 1839 tanta
1367 1814 1409 1838 ac
1431 1810 1510 1838 tam
1531 1814 1641 1845 nova,
1664 1815 1756 1854 pro-

357 1870 456 1909 fecta
475 1870 561 1908 sunt
581 1870 623 1908 in
642 1869 810 1907 eundem
827 1867 1033 1907 hominem
1053 1881 1074 1906 a
1094 1867 1326 1920 QCatulo,
1359 1876 1473 1919 atque
1491 1881 1511 1904 a
1531 1876 1757 1906 caeterorum

358 1936 529 1989 ejusdem
548 1935 747 1988 dignitatis
768 1934 1092 1987 ampliffimorum
1113 1932 1325 1972 hominum
1345 1933 1584 1972 auctoritate.

414 2003 548 2042 XXII.
582 2003 711 2054 Qare
732 2001 899 2047 videant,
931 2014 979 2038 ne
999 2001 1044 2039 fit
1063 2000 1329 2054 periniquum,
1365 2010 1403 2038 et
1436 2014 1513 2038 non
1536 1999 1756 2044 ferendum,

359 2069 520 2108 illorum
538 2069 804 2106 auctoritatem
826 2068 871 2106 de
892 2069 967 2106 Cn.
991 2067 1169 2120 Pompeii
1189 2067 1377 2119 dignitate
1394 2080 1414 2104 a
1433 2067 1542 2105 vobis
1572 2081 1756 2119 compro-

361 2137 490 2176 batam
510 2136 658 2189 semper
677 2135 772 2180 effe3
795 2136 962 2174 vestrum
983 2135 1030 2173 ab
1050 2135 1128 2173 illis
1149 2135 1196 2173 de
1212 2134 1348 2172 eodem
1368 2133 1529 2172 homine
1544 2135 1755 2186 judicium,

361 2204 573 2256 populique
593 2203 764 2240 Romani
784 2202 1064 2246 auetoritatem,
1081 2201 1317 2254 improbari:
1340 2200 1548 2253 praesertim
1565 2214 1656 2238 cum
1672 2201 1756 2252 jam

363 2268 428 2306 suo
442 2268 528 2319 jure
548 2267 715 2321 populus
734 2268 936 2306 Romanus
956 2267 997 2304 in
1017 2266 1092 2305 hoc
1112 2266 1274 2304 homine
1289 2265 1396 2304 suam
1416 2266 1689 2303 auctoritatem
1699 2265 1756 2302 vel

363 2342 496 2372 contra
515 2346 663 2378 omnes,
681 2333 749 2385 qui
770 2333 1006 2377 dissentiunt,
1027 2333 1139 2385 poffit
1160 2331 1361 2370 defendere
1379 2347 1388 2370 ς
1423 2340 1619 2384 propterea
1635 2331 1754 2383 quod,

362 2399 441 2437 istis
459 2398 769 2444 reclamantibus,
788 2413 853 2437 vos
875 2412 998 2437 unum
1020 2399 1135 2436 illurn
1151 2411 1197 2436 ex
1213 2398 1395 2436 omnibus
1412 2396 1616 2448 delegistis,
1639 2410 1757 2448 quem

365 2466 466 2505 bello
499 2464 727 2518 praedonum
757 2465 1040 2517 praeponeretis.
1091 2465 1182 2504 Hoc
1212 2464 1238 2503 fi
1269 2477 1334 2502 vos
1367 2472 1507 2501 temere
1532 2461 1688 2508 fecistis,
1719 2473 1757 2501 et
