2212 2835
371 235 419 276 52
860 218 1260 258 ORAT1o

368 320 528 359 omnino
557 317 727 363 fuerunt,
760 317 829 370 qui
858 317 973 356 illum
996 317 1161 356 vestrum
1191 317 1438 355 innocentem
1467 315 1745 371 Oppianicum,

366 387 438 424 five
463 383 735 437 imprudentia,
771 383 844 422 five
865 383 1134 429 misericordia,
1167 383 1240 422 five
1270 382 1398 436 aliqua
1416 382 1640 436 suspicione,
1674 383 1748 421 five

366 451 578 489 ambitione
597 449 765 494 adducti,
786 449 1034 488 absolverent.

421 516 688 554 Condemnato
710 515 942 568 Oppianico,
973 515 1099 553 statim
1120 515 1168 553 L.
1191 514 1393 566 Qintius,
1424 512 1545 553 homo
1574 513 1746 553 maxime

363 582 572 635 popularis,
594 581 662 634 qui
682 593 813 619 omnes
844 594 1045 619 rumorum
1074 590 1112 619 et
1141 581 1375 619 concionum
1405 588 1537 619 ventos
1567 580 1747 632 colligere

364 647 584 693 consuesset,
616 647 785 685 oblatam
816 647 884 685 fibi
904 646 1128 686 facultatem
1147 648 1309 699 putavit,
1331 656 1375 685 ut
1396 660 1443 685 ex
1471 646 1616 684 invidia
1639 645 1745 684 sena-

365 714 461 752 toria
479 713 598 767 posset
616 713 791 758 crescere,
824 713 928 766 quod
958 714 1038 765 ejus
1058 713 1202 752 ordinis
1227 713 1375 766 judicia
1393 713 1522 751 minus
1547 713 1629 765 jam
1654 725 1747 764 pro-

364 781 446 819 bari
464 780 608 833 populo
626 780 888 819 arbitrabatur.
920 780 1099 818 Habetur
1128 794 1204 818 una
1233 789 1347 832 atque
1376 780 1489 818 altera
1508 780 1644 817 concio
1677 791 1744 817 ve-

363 846 522 885 hemens
553 855 591 885 et
621 846 771 899 gravis:
803 845 984 899 accepiffe
1008 846 1211 899 pecuniam
1237 846 1403 898 judices,
1424 854 1468 884 ut
1494 846 1744 884 innocentem

362 926 472 951 reum
501 911 814 957 condemnarent,
847 912 1025 950 tribunus
1049 912 1171 965 plebis
1199 911 1448 950 clamitabat:
1478 911 1541 963 agi
1573 910 1745 949 fortunas

360 979 541 1017 omnium
562 978 712 1016 dicebat
730 992 740 1016 ε
771 978 877 1015 nulla
896 978 966 1015 effe
980 978 1128 1029 judicia
1146 992 1155 1015 ε
1178 978 1246 1029 qui
1266 977 1516 1030 pecuniosum
1535 977 1744 1015 inimicum

360 1042 531 1089 haberet,
553 1043 794 1081 incolumem
813 1042 883 1081 effe
906 1042 1102 1081 neminem
1123 1043 1236 1096 poffe.
1269 1043 1463 1081 Homines
1485 1043 1602 1081 totius
1621 1042 1745 1094 ignari

358 1109 519 1163 negotii,
551 1109 621 1162 qui
641 1109 908 1161 Oppianicum
939 1121 1139 1161 nunquam
1159 1107 1349 1153 vidissent,
1379 1108 1505 1146 virum
1535 1109 1752 1161 optimum,

359 1185 398 1214 et
427 1174 631 1214 hominem
650 1173 1000 1226 prudentissimum,
1031 1174 1192 1226 pecunia
1220 1173 1437 1227 oppreffum
1461 1173 1744 1220 arbitrarentur,

359 1241 501 1280 incensi
521 1240 733 1293 suspicione
762 1253 843 1278 rem
864 1240 904 1279 in
935 1240 1113 1279 medium¹
1129 1242 1261 1280 vocare
1291 1241 1504 1294 coeperunt,
1535 1249 1573 1278 et
1592 1240 1743 1279 causam

357 1307 467 1347 illam
487 1316 607 1346 totam
626 1305 838 1359 deposcere.

413 1374 545 1426 Atque
565 1371 634 1410 illo
654 1371 735 1425 ipso
754 1381 927 1425 tempore
956 1372 997 1410 in
1018 1371 1112 1410 aedes
1132 1372 1185 1411 T.
1208 1372 1343 1418 Annii,
1364 1371 1535 1411 hominis
1555 1371 1741 1410 honestis-

357 1438 467 1485 fimi,
503 1437 695 1477 necessarii
729 1447 767 1476 et
799 1439 915 1477 amici
948 1438 1050 1483 mei,
1086 1441 1203 1477 noctu
1237 1439 1436 1484 Stalenus‚
1470 1438 1658 1478 arceffitus
1693 1439 1742 1477 ab

358 1505 594 1558 Oppianico,
616 1504 735 1542 venit.
757 1505 845 1556 Jam
867 1513 998 1542 caetera
1018 1513 1108 1542 nota
1136 1504 1224 1543 sunt
1253 1505 1436 1544 omnibus
1455 1520 1463 1544 :
1496 1515 1540 1543 ut
1559 1518 1649 1544 cum
1671 1504 1742 1542 illo

358 1571 597 1625 Oppianicus
618 1570 737 1623 egerit
756 1570 801 1607 de
820 1569 1005 1623 pecunia:
1029 1578 1072 1608 ut
1092 1570 1157 1608 ille
1177 1570 1212 1608 se
1231 1571 1472 1609 redditurum
1487 1570 1557 1609 effe
1575 1571 1740 1609 dixeritz

355 1647 399 1675 ut
419 1651 552 1675 eorum
572 1637 786 1675 sermonem
817 1649 974 1674 omnem
1006 1636 1195 1675 audierint
1214 1637 1285 1675 viri
1317 1637 1424 1682 boni,
1452 1638 1519 1690 qui
1540 1646 1625 1676 tum
1645 1649 1740 1675 con-

355 1702 454 1741 sulto
473 1715 591 1755 prope
611 1702 652 1740 in
672 1701 826 1740 occulto
845 1700 1049 1739 stetissent:
1074 1710 1117 1738 ut
1137 1714 1194 1738 res
1214 1701 1400 1753 patefacta
1414 1711 1528 1753 atque
1548 1702 1587 1739 in
1607 1700 1739 1740 forum

356 1769 514 1822 prolata,
535 1777 573 1805 et
592 1768 753 1820 pecunia
771 1767 898 1805 omnis
919 1780 940 1804 a
959 1766 1111 1804 Staleno
1131 1775 1278 1804 extorta
1297 1775 1411 1819 atque
1431 1776 1556 1820 erepta
1575 1767 1633 1806 fit.

408 1834 560 1872 XXIX.
593 1833 725 1885 Hujus
747 1832 888 1871 Staleni
908 1831 1076 1884 persona,
1111 1832 1256 1885 populo
1283 1833 1366 1885 jam
1387 1842 1476 1871 nota
1504 1842 1617 1885 atque
1650 1845 1737 1885 per-

355 1900 491 1952 specta,
524 1899 570 1937 ab
590 1898 697 1937 nulla
716 1899 820 1951 turpi
838 1898 1049 1951 suspicione
1069 1897 1319 1938 abhorrebat:
1351 1898 1580 1952 suppressam
1600 1897 1671 1936 effe
1691 1899 1739 1936 ab

353 1980 398 2004 eo
418 1965 636 2018 pecuniam,
652 1977 766 2016 quam
788 1978 857 2017 pro
878 1978 941 2002 reo
959 1963 1246 2017 pronuntiasset,
1263 1965 1331 2017 qui
1352 1974 1457 2003 erant
1476 1964 1516 2002 in
1537 1964 1737 2010 concione,

353 2046 430 2070 non
452 2031 743 2083 intelligebant;
767 2044 891 2082 neque
911 2031 1016 2069 enim
1037 2030 1285 2069 docebantur.
1309 2031 1503 2069 Versatam
1523 2030 1593 2068 effe
1613 2031 1653 2068 in
1668 2032 1738 2083 ju-

353 2097 455 2136 dicio
485 2097 722 2135 mentionem
750 2097 919 2149 pecuniae
950 2096 1190 2134 sentiebant:
1221 2096 1468 2134 innocentem
1501 2109 1610 2134 reum
1640 2109 1736 2134 con-

352 2163 575 2201 demnatum
596 2162 666 2200 effe
687 2162 913 2200 audiebant:
943 2161 1084 2199 Staleni
1103 2161 1286 2200 sententia
1305 2161 1607 2200 condemnatum
1628 2162 1736 2200 vide-

351 2228 444 2266 bant
464 2243 472 2265 :
505 2242 582 2267 non
602 2228 716 2281 gratis
745 2228 784 2266 id
805 2229 850 2266 ab
871 2242 915 2266 co
936 2226 1080 2266 fanum
1100 2227 1184 2273 effe,
1217 2228 1321 2280 quod
1352 2227 1554 2266 hominem
1586 2237 1736 2272 norant,

352 2294 586 2344 iudicabant.
610 2295 753 2333 Similis
776 2295 815 2332 in
837 2295 977 2339 Bulbo,
999 2294 1039 2332 in
1058 2295 1196 2340 Gutta,
1218 2295 1258 2332 in
1278 2294 1360 2332 aliis
1381 2294 1591 2338 nonnullis,
1614 2293 1735 2346 suspi-

352 2363 412 2399 cio
433 2363 668 2401 consistebat.

407 2429 539 2480 Itaque
569 2428 754 2467 confiteor
786 2428 901 2480 (licet
931 2428 1036 2467 enim
1052 2428 1133 2480 jam
1164 2429 1339 2481 impune,
1367 2427 1442 2466 hoc
1473 2425 1677 2480 praesertim
1696 2426 1735 2464 in

352 2495 451 2538 loco,
473 2495 664 2547 confiteri)
683 2496 787 2549 quod
802 2495 1011 2548 Oppianici
1029 2509 1107 2536 non
1123 2496 1242 2534 modo
1258 2495 1347 2540 vita,
1377 2494 1437 2534 sed
1455 2493 1570 2532 etiam
1591 2505 1733 2531 nomen
