2212 2835
892 181 1116 235 [185]

330 574 422 647 L.
559 572 1691 647 CATILINAM

761 800 846 836 AD
907 800 1265 851 Qu1R1TEs

705 1005 1107 1044 ORATIO
1204 1006 1326 1044 XXL

324 1206 355 1244 I.
504 1209 536 1246 E
554 1208 603 1246 M
621 1208 650 1245 P
669 1208 707 1246 U
725 1208 754 1245 Β
773 1208 806 1245 L
825 1208 841 1245 Ι
860 1208 893 1244 C
911 1209 947 1245 A
964 1208 1027 1252 M,
1070 1208 1257 1256 Qirites,
1299 1209 1499 1261 vitamque
1537 1210 1717 1248 omnium

522 1274 702 1319 vestrum,
735 1274 849 1318 bona,
880 1273 1067 1319 fortunas,
1099 1275 1299 1327 conjuges,
1329 1275 1544 1327 liberosque
1564 1267 1713 1320 vestros,

322 1349 438 1393 atque
458 1339 533 1379 hoc
562 1340 810 1378 domicilium
838 1340 1031 1378 clariffimi
1060 1340 1228 1394 imperii,
1260 1341 1598 1380 fortunatiffimam
1628 1341 1718 1394 pul-

323 1406 637 1459 cherrimamque
679 1407 830 1452 urbem,
875 1405 1063 1445 hodierno
1101 1407 1175 1452 die,
1217 1408 1394 1446 Deorum
1435 1408 1719 1455 immortalium

325 1473 480 1512 summo
507 1487 594 1526 erga
614 1487 679 1511 vos
700 1487 844 1518 amore,
876 1474 1086 1518 laboribus,
1117 1474 1299 1519 confinis,
1331 1474 1587 1527 periculisque
1608 1461 1720 1519 meis,

325 1553 373 1576 ex
404 1538 562 1576 flamma
589 1548 703 1590 atque
729 1538 842 1583 ferro,
874 1552 916 1575 ac
945 1551 1042 1590 pene
1070 1551 1116 1576 ex
1145 1537 1321 1578 faucibus
1353 1539 1437 1584 fati,
1468 1550 1653 1593 ereptam,
1683 1551 1722 1578 et

325 1604 434 1642 vobis
455 1604 710 1642 conservatam
731 1618 772 1642 ac
794 1603 1019 1648 restitutam,
1042 1604 1191 1642 videtis.
1223 1605 1288 1649 Et,
1312 1605 1337 1642 fi
1359 1619 1438 1643 non
1459 1607 1588 1644 minus
1610 1606 1720 1644 nobis

323 1670 488 1723 jucundi
510 1679 622 1722 atque
644 1670 807 1708 illustres
836 1670 923 1708 sunt
951 1670 978 1708 ii
1000 1671 1094 1715 dies,
1126 1671 1268 1722 quibus
1291 1671 1571 1716 conservamur,
1603 1686 1721 1724 quam

327 1737 400 1781 illi,
433 1736 574 1788 quibus
606 1736 824 1780 nascimur3
858 1736 963 1788 quod
993 1736 1121 1774 salutis
1153 1746 1254 1774 certa
1285 1738 1417 1776 laetitia
1447 1738 1513 1782 est,
1546 1738 1723 1776 nascendi

325 1804 468 1846 incerta
494 1802 690 1847 conditio,
723 1812 760 1840 et
789 1804 893 1855 quod
924 1803 1000 1840 fine
1027 1803 1133 1841 sensu
1161 1803 1374 1850 nascimur,
1405 1818 1498 1843 cum
1525 1805 1722 1858 voluptate

328 1868 622 1908 conservamur:
655 1867 840 1921 profecto,
873 1868 1058 1920 quoniam
1084 1868 1212 1914 illurn,
1244 1870 1311 1922 qui
1339 1868 1439 1908 hanc
1466 1870 1603 1908 urbem
1624 1884 1721 1909 con-

328 1935 440 1980 didit,
478 1934 713 1980 Romulum,
750 1934 795 1972 ad
829 1935 933 1973 Deos
969 1936 1209 1974 immortales
1245 1936 1512 1975 benevolentia
1544 1934 1724 1989 famaque

329 2000 579 2046 sustulimus;
611 2000 681 2038 effe
701 2001 800 2054 apud
821 2015 886 2040 vos
908 2001 1148 2054 posterosque
1169 2002 1306 2040 vestros
1330 2004 1369 2040 in
1395 2002 1541 2041 honore
1567 2003 1724 2041 debebit

328 2067 374 2112 is,
406 2067 475 2119 qui
494 2066 653 2105 eandem
674 2066 773 2105 hanc
794 2068 929 2106 urbem
954 2068 1150 2106 conditam
1170 2069 1524 2122 amplificatamque
1549 2068 1720 2107 servavit.

330 2134 438 2172 Nam
457 2134 575 2172 totius
596 2134 700 2172 urbis
722 2134 894 2187 templis,
925 2135 1107 2180 delubris,
1139 2136 1246 2173 teffis
1267 2149 1309 2173 ac
1332 2137 1542 2180 moenibus,
1572 2136 1722 2187 subjec-

331 2208 390 2237 tos
424 2212 542 2251 prope
570 2201 652 2251 jam
691 2200 797 2251 ignes
837 2201 1172 2252 circumdatosque
1211 2201 1483 2245 restinximus5
1525 2201 1722 2252 iidemque

331 2264 478 2317 gladios
518 2265 558 2302 in
596 2266 877 2318 rempublicam
924 2267 1117 2305 destri&os
1166 2266 1395 2312 retudimus,
1445 2266 1722 2317 mucronesque

333 2344 466 2370 eorum
488 2344 507 2368 a
521 2331 670 2383 jugulis
692 2332 817 2369 vestris
840 2334 1054 2385 rejecimus.
1080 2334 1178 2385 Qae
1198 2335 1383 2385 quoniam
1406 2335 1445 2370 in
1467 2333 1593 2370 senatu
1614 2331 1722 2370 illus-

335 2407 443 2442 trata,
475 2396 671 2450 patefa&a‚
703 2409 975 2451 compertaque
996 2401 1081 2438 sunt
1102 2415 1169 2453 per
1189 2414 1265 2445 me,
1297 2400 1405 2436 vobis
1429 2400 1510 2450 jam
1531 2411 1723 2450 exponam

335 2464 514 2508 breviter,
552 2463 737 2514 Qirites,
775 2473 815 2502 ut
848 2475 885 2504 et
920 2477 1074 2518 quanta,
1111 2476 1148 2505 et
1182 2480 1298 2518 quam
1334 2464 1544 2509 manifesta,
1579 2474 1616 2502 et
1648 2478 1723 2516 qua

474 2530 540 2568 To
553 2542 604 2567 M.
628 2529 678 2568 V.
1343 2532 1376 2567 A
1403 2543 1422 2567 a
