2212 2835
687 163 823 203 PRO
885 163 936 202 A.
996 157 1407 200 CLUENTIO.
1699 170 1751 211 79

449 201 458 219 Ι

411 270 559 321 Atque,
590 275 635 305 ut
663 266 847 305 omittam
878 265 979 317 leges
1001 263 1090 301 alias
1111 275 1261 306 omnes,
1294 260 1438 312 quibus
1471 271 1538 297 nos
1561 266 1753 303 tenemur,

355 337 482 374 caeteri
502 343 632 373 autem
661 333 747 371 sunt
767 332 917 370 ordines
949 330 1099 368 liberati
1116 347 1128 374 ς
1160 328 1260 366 hanc
1280 327 1401 380 ipsam
1423 327 1566 379 legem,
1598 327 1659 365 Ne
1677 327 1757 380 quis

341 401 479 454 judicio
497 399 836 442 circumveniretur,
868 397 913 435 C.
943 394 1147 434 Gracchus
1168 394 1260 432 tulit
1278 409 1286 431 :
1319 407 1402 431 eam
1424 393 1550 445 legem
1570 406 1639 445 pro
1668 392 1754 445 ple-

357 467 418 511 be,
449 479 527 504 non
545 465 585 502 in
606 464 775 517 plebem,
798 462 903 500 tulit.
936 460 1067 498 Postea
1087 461 1136 498 L.
1160 458 1275 511 Sylla,
1308 456 1430 495 homo
1450 470 1470 494 a
1490 457 1626 510 populi
1647 456 1755 495 causa

356 531 642 576 remotiffimus,
672 539 816 574 tamen,
853 541 945 567 cum
980 527 1061 580 ejus
1096 526 1150 564 rei
1170 524 1421 578 quaestionem
1454 522 1526 561 hac
1560 523 1638 576 ipsa
1672 524 1755 576 lege

353 599 615 643 constitueret,
647 610 723 650 qua
754 610 820 635 vos
850 594 926 633 hoc
958 604 1132 647 tempore
1157 591 1355 645 judicatis,
1387 589 1580 644 populum
1603 590 1753 628 Roma-

354 679 466 710 num,
498 678 618 718 quem
650 663 697 701 ab
728 662 805 701 hoc
839 674 977 715 genere
1013 660 1181 698 liberum
1215 667 1425 710 acceperat,
1462 656 1618 709 alligare
1654 669 1755 694 novo

356 731 578 784 quaestionis‘
608 743 747 784 genere
777 729 884 767 ausus
916 741 995 765 non
1027 726 1092 764 est.
1126 725 1246 778 Qod
1267 724 1293 762 fi
1311 723 1393 761 fieri
1420 722 1520 776 poffe
1540 722 1753 760 existimas-

355 796 435 842 set,
467 811 536 850 pro
556 796 625 835 illo
645 795 749 840 odio,
772 793 879 847 quod
897 792 1034 831 habuit
1055 792 1094 829 in
1124 790 1337 844 equestrem
1356 789 1548 832 ordinem,
1573 786 1672 826 nihil
1694 786 1753 825 fe—

355 863 462 902 ciffet
492 863 692 908 libentius,
715 875 832 914 quam
864 873 1025 898 omnem
1056 859 1165 896 illam
1186 856 1434 895 acerbitatem
1464 853 1753 908 proscriptionis

357 930 444 975 suae,
465 929 618 983 questus
639 930 680 967 in
698 939 841 967 veteres
858 927 1022 980 judices,
1043 926 1083 963 in
1114 924 1213 963 hanc
1235 937 1352 962 unam
1373 921 1624 975 quaestionem
1656 934 1753 959 con-

357 995 514 1034 tuliffet.

413 1063 500 1101 Nec
534 1074 638 1100 nunc
659 1060 873 1113 quidquam
906 1058 1046 1111 agitur,
1079 1055 1180 1094 mihi
1207 1055 1365 1100 credite,
1388 1053 1561 1105 Judices‚
1593 1061 1631 1090 et
1661 1066 1765 1105 pro--

356 1129 491 1183 spicite
510 1129 563 1174 id,
586 1128 691 1181 quod
711 1125 994 1180 providendum
1026 1124 1092 1168 est,
1125 1123 1193 1161 nifi
1224 1132 1267 1160 ut
1287 1121 1456 1174 equester
1476 1120 1570 1157 ordo
1605 1120 1646 1156 in
1675 1119 1753 1157 hu-

349 1197 457 1249 jusce
476 1196 571 1248 legis
591 1194 809 1247 periculum
831 1191 1064 1230 includatur.
1088 1190 1230 1242 Neque
1249 1187 1326 1226 hoc
1343 1188 1469 1240 agitur
1488 1187 1535 1224 ab
1553 1186 1751 1231 omnibus,

355 1263 417 1301 sed
437 1276 457 1300 a
476 1261 622 1316 paucis.
655 1260 762 1299 Nam
793 1259 820 1297 ii
841 1259 1039 1302 senatores,
1065 1256 1135 1308 qui
1155 1256 1191 1294 se
1210 1254 1324 1293 facile
1356 1262 1515 1292 tuentur
1535 1252 1755 1305 integritate

355 1339 392 1369 et
423 1328 656 1373 innocentia,
690 1326 835 1380 quales,
867 1334 910 1364 ut
936 1337 1022 1362 vere
1055 1323 1198 1368 dicam,
1230 1334 1296 1359 vos
1317 1320 1418 1365 estis,
1448 1329 1485 1358 et
1513 1319 1654 1363 caeteri‚
1685 1319 1754 1370 qui

355 1397 432 1436 fine
451 1396 663 1450 cupiditate
682 1395 876 1437 vixerunt,
892 1392 1038 1444 equites
1059 1390 1186 1428 ordini
1207 1388 1395 1427 senatorio
1412 1387 1600 1440 dignitate
1620 1385 1753 1438 proxi-

355 1478 456 1510 mos,
478 1462 683 1502 concordia
702 1458 1048 1513 conjundfiflimos,
1074 1455 1146 1494 effe
1166 1456 1331 1508 cupiunt
1349 1469 1358 1492 :
1392 1453 1453 1491 sed
1474 1453 1516 1497 ii,
1538 1452 1607 1505 qui
1627 1451 1663 1489 se
1683 1466 1753 1490 vo-

356 1530 444 1569 lunt
463 1530 564 1583 posse
584 1528 728 1572 omnia,
752 1539 877 1579 neque
896 1533 1074 1578 praeterea
1093 1522 1310 1575 quidquam
1337 1520 1408 1558 effe
1427 1529 1492 1558 aut
1521 1519 1562 1557 in
1589 1518 1754 1557 homine

357 1596 453 1642 ullo,
475 1605 540 1634 aut
561 1596 600 1633 in
621 1594 767 1637 ordine,
790 1592 865 1630 hoc
886 1604 965 1629 uno
985 1598 1094 1630 metu
1114 1588 1149 1626 se
1168 1596 1305 1641 putant
1325 1587 1472 1640 equites
1494 1587 1693 1624 Romanos
1712 1585 1753 1623 in

356 1662 582 1716 potestatem
602 1660 709 1699 suam
740 1659 970 1701 redacturos,
1002 1656 1027 1694 fi
1059 1654 1316 1693 constitutum
1350 1652 1416 1698 est,
1450 1661 1492 1690 ut
1524 1651 1570 1689 de
1590 1651 1652 1695 iis,
1684 1650 1753 1703 qui

355 1743 436 1768 rem
462 1728 705 1781 judicarent,
737 1723 961 1777 hujusmodi
987 1722 1136 1775 judicia
1168 1721 1248 1759 fieri
1281 1719 1433 1773 poffint.
1467 1717 1614 1755 Vident
1644 1717 1752 1754 enim

355 1794 622 1834 aue‘toritatem
642 1792 757 1845 hujus
779 1790 924 1829 ordinis
950 1787 1200 1828 confirmari:
1233 1787 1364 1824 vident
1389 1784 1538 1837 judicia
1567 1796 1751 1835 compro-

356 1862 436 1900 bari
456 1876 464 1899 ε
498 1860 574 1899 hoc
595 1868 702 1898 metu
722 1857 928 1912 proposito,
952 1855 1111 1894 evellere
1132 1853 1167 1892 se
1198 1852 1377 1892 aculeum
1398 1850 1603 1889 severitatis
1625 1849 1753 1887 vestrae

355 1927 457 1981 poffe
477 1926 692 1966 confidunt.
725 1924 826 1976 Qis
847 1923 953 1961 enim
985 1922 1031 1959 de
1051 1920 1212 1958 homine
1243 1919 1376 1957 audeat
1406 1916 1522 1970 paulo
1541 1915 1752 1968 majoribus

356 1994 494 2048 opibus
516 1993 676 2047 praedito
697 2004 782 2029 vere
803 1999 840 2028 et
866 1987 1018 2027 fortiter
1042 1987 1229 2040 judicare,
1258 1999 1351 2023 curn
1371 1984 1510 2028 videat,
1533 1982 1603 2021 fibi
1625 1982 1670 2020 de
1692 1996 1749 2026 eo,

356 2061 461 2114 quod
481 2060 628 2104 coierit,
653 2066 718 2096 aut
738 2056 981 2100 consenserit,
1004 2054 1153 2092 causam
1175 2051 1245 2090 effe
1266 2051 1467 2089 dicendam
1489 2049 1502 2085 ?

411 2127 521 2164 LVI.
555 2127 591 2163 O
615 2125 714 2163 viros
735 2122 867 2166 fortes,
895 2122 1043 2174 equites
1065 2121 1264 2158 Romanos
1284 2118 1292 2154 l
1325 2118 1391 2169 qui
1417 2115 1571 2153 homini
1592 2113 1750 2152 clariffi-

358 2206 423 2231 mo
443 2206 485 2230 ac
506 2191 782 2244 potentissimo,
814 2190 876 2228 M.
900 2188 1042 2232 Druso,
1066 2187 1224 2224 tribuno
1245 2185 1383 2238 plebis,
1406 2182 1636 2225 restiterunt,
1658 2193 1755 2217 cum'

357 2260 423 2298 ille
444 2257 543 2296 nihil
563 2258 668 2296 aliud
688 2266 814 2310 ageret
837 2270 929 2294 cum
950 2255 1015 2292 illa
1035 2255 1185 2296 cunUa,
1205 2265 1290 2304 quae
1311 2261 1396 2288 tum
1417 2258 1510 2293 erat,
1532 2247 1747 2290 nobilitate,

358 2326 425 2364 nis]
449 2325 519 2369 uti,
542 2324 610 2375 qui
631 2337 686 2361 res
702 2322 944 2375 judicassent,
977 2319 1246 2372 hujuscemodi
1277 2315 1550 2369 quaestionibus
1578 2314 1617 2349 in
1639 2312 1748 2363 judi-¹

358 2393 465 2435 cium
498 2398 736 2427 vocarentur.
780 2390 897 2426 Tunc
931 2388 976 2425 C.
1002 2386 1157 2425 Flavius
1191 2384 1314 2427 Fusio,
1349 2384 1424 2419 Cn.
1448 2379 1664 2422 Titinnius,
1699 2378 1746 2415 C.

359 2458 565 2500 Maece11a5‚
599 2454 664 2492 illa
698 2453 832 2491 robora
867 2452 1001 2504 populi
1034 2450 1217 2493 Romani,
1248 2448 1451 2498 caeterique
1483 2442 1749 2496 hujuscemodi
