2212 2835
366 193 438 233 ¹50
866 174 1265 214 ORATIO

359 281 567 333 majoribus
587 278 636 316 est
659 276 855 320 traditum,
879 275 924 313 de
944 273 1142 327 republica
1162 273 1359 311 tolleretur
1371 290 1382 317 ς
1406 280 1449 310 ut
1468 271 1568 310 nihil
1588 271 1743 325 posthac

359 347 557 384 auctoritas
596 343 757 387 senatuS,
796 340 895 380 nihil
928 340 1122 379 consulare
1160 340 1382 392 imperium,
1423 337 1523 376 nihil
1554 337 1746 376 consenfio

359 413 565 455 bonorum,
597 418 730 448 contra
749 408 891 461 pestem
912 420 953 445 ac
980 407 1191 459 perniciem
1219 405 1384 444 civitatis
1411 405 1562 442 valeret.
1595 404 1745 442 Idcirco

359 479 399 515 in
420 477 479 515 his
501 478 611 515 rebus
632 475 842 514 evertendis
864 474 976 512 unius
996 472 1167 511 hominis
1192 472 1376 517 senectus,
1405 471 1622 516 infirmitas,
1654 470 1744 509 soli-

359 545 544 596 tudoque,
576 551 718 580 tentata
737 541 802 579 est.

414 609 696 660 Qamobrem,
719 608 744 645 fi
765 607 817 645 est
837 606 931 644 boni
951 605 1144 650 Consulis,
1165 618 1257 643 cum
1275 605 1412 642 cunsta
1427 603 1568 642 auxilia
1587 601 1744 656 reipub-

359 676 442 713 licae
467 674 683 713 labefactari
714 673 958 725 convellique
983 672 1122 716 videat,
1152 670 1250 709 ferre
1275 684 1389 723 opem
1415 670 1557 722 patriae,
1588 669 1745 707 succur-

359 755 439 780 rere
470 741 593 786 saluti,
624 739 865 791 fortunisque
893 738 1184 782 communibus,
1215 737 1420 790 implorare
1447 736 1593 774 civium
1613 735 1746 779 fidem,

360 809 466 846 suam
487 808 645 845 salutem
666 806 910 859 posteriorem
932 804 1049 842 salute
1067 804 1269 842 communi
1288 803 1426 840 ducere
1433 821 1445 846 ς
1467 802 1519 840 est
1537 803 1653 840 etiam
1673 802 1745 840 bo-

360 883 497 907 norum
520 878 557 906 et
577 867 738 905 fortium
760 867 920 911 civium,
952 865 1081 917 quales
1102 878 1167 902 vos
1194 864 1377 902 omnibus
1404 863 1623 915 reipublicae
1644 872 1746 900 tem-

360 935 517 987 poribus
549 933 740 977 extitistis,
772 931 1024 970 intercludere
1050 943 1184 969 omnes
1212 929 1441 967 seditionum
1472 929 1564 974 vias,
1596 928 1748 966 munire

362 1000 528 1053 praefidia
559 999 794 1051 reipublicae,
825 998 1024 1035 summum
1055 996 1096 1033 in
1123 995 1358 1033 Consulibus
1386 994 1608 1047 imperium,
1639 993 1748 1032 sum-

361 1080 473 1105 mum
507 1066 546 1103 in
582 1065 711 1103 senatu
744 1063 963 1108 confilium,
994 1071 1155 1115 putare:
1187 1075 1229 1099 ea
1263 1061 1330 1113 qui
1366 1060 1513 1099 secutus
1545 1061 1603 1106 fit,
1639 1059 1749 1098 laude

361 1133 489 1185 potius
520 1142 557 1170 et
587 1131 747 1175 honore,
778 1142 895 1181 quam
925 1142 1039 1181 poena
1068 1137 1107 1165 et
1137 1127 1340 1180 supplicio,
1372 1127 1536 1179 dignum
1561 1127 1747 1179 judicare.

362 1198 630 1249 Qamobrem
650 1197 756 1234 labor
776 1196 816 1233 in
836 1194 912 1232 hoc
939 1193 1178 1232 defendendo
1204 1193 1394 1246 praecipue
1421 1206 1528 1230 meus
1556 1193 1609 1231 est
1623 1211 1635 1238 3
1667 1193 1749 1231 stu—

362 1266 471 1302 dium
498 1277 586 1301 vero
617 1261 862 1301 conservandi
888 1259 1061 1299 hominis
1088 1273 1299 1297 commune
1324 1257 1425 1297 mihi
1451 1258 1750 1309 vobiscum-esse

363 1331 533 1368 debebit.

419 1398 472 1436 11.
505 1397 566 1434 Sic
587 1396 692 1434 enim
711 1394 926 1433 existimare
945 1393 1105 1438 debetis,
1127 1393 1314 1444 Qirites,
1336 1393 1419 1445 post
1438 1392 1647 1431 hominum
1664 1406 1750 1430 me-

365 1464 530 1502 moriam
561 1476 642 1501 rem
674 1461 822 1500 nullam
857 1461 1059 1512 majorem,
1095 1460 1217 1511 magis
1249 1459 1516 1511 periculosam,
1550 1459 1672 1510 magis
1703 1458 1751 1496 ab

363 1531 546 1569 omnibus
569 1529 675 1567 vobis
698 1526 987 1581 providendam,
1018 1539 1143 1578 neque
1163 1540 1183 1563 a
1203 1525 1360 1564 tribuno
1382 1526 1506 1578 plebis
1527 1525 1751 1578 susceptam,

363 1610 488 1649 neque
515 1610 536 1633 a
563 1594 730 1633 Consule
756 1591 963 1637 defensam,
994 1605 1120 1645 neque
1147 1592 1193 1630 ad
1219 1592 1410 1645 populum
1436 1592 1665 1630 Romanum
1682 1589 1754 1628 effe

364 1664 540 1702 delatam.
573 1662 716 1714 Agitur
731 1660 841 1698 enim
861 1658 961 1697 nihil
981 1659 1084 1697 aliud
1104 1659 1144 1697 in
1164 1658 1236 1697 hac
1262 1658 1383 1704 causa,
1415 1658 1602 1710 Qirites,
1633 1671 1753 1709 quam

365 1739 408 1768 ut
435 1729 589 1767 nullum
616 1728 660 1766 fit
685 1725 839 1779 posthac
867 1726 908 1763 in
933 1725 1129 1777 republica
1154 1724 1359 1776 publicum
1384 1724 1616 1766 confilium5
1647 1723 1754 1760 nulla

365 1796 557 1833 bonorum
583 1793 776 1830 consensio
805 1800 938 1829 contra
964 1790 1234 1842 improborum
1261 1788 1430 1826 furorem
1458 1798 1496 1826 et
1525 1788 1750 1832 audaciam;

365 1861 520 1899 nullum
540 1859 720 1898 extremis
742 1857 963 1911 reipublicae
984 1856 1221 1909 temporibus
1242 1854 1466 1909 perfugium
1482 1864 1520 1893 et
1537 1854 1754 1908 praefidium

368 1928 509 1966 salutis.

421 1994 520 2044 Qae
541 2005 631 2029 cum
653 1992 704 2028 ita
725 1991 810 2035 lint,
842 1990 1030 2043 primum,
1061 1990 1166 2042 quod
1186 1988 1226 2026 in
1248 1997 1349 2026 tanta
1376 1988 1625 2026 dimicatione
1645 1988 1754 2040 capi-

368 2062 431 2104 tis,
462 2058 588 2103 famae‚
620 2057 940 2109 fortunarumque
970 2056 1165 2101 omnium,
1196 2055 1278 2093 fieri
1310 2054 1452 2093 neceffe
1484 2054 1549 2099 est,
1581 2054 1628 2091 ab
1660 2055 1755 2104 Jove

368 2127 535 2178 Optimo
573 2124 767 2169 Maximo,
806 2122 1022 2175 caeterisque
1060 2122 1147 2161 Diis
1187 2121 1417 2174 Deabusque
1450 2120 1753 2165 immortalibus,

368 2205 535 2244 quorum
563 2203 635 2242 ope
660 2199 698 2228 et
722 2189 866 2228 auxilio
894 2188 1019 2226 multo
1045 2188 1167 2240 magiS
1193 2186 1274 2225 haec
1300 2187 1525 2240 respublica,
1556 2199 1673 2239 quam
1694 2199 1755 2223 ra-

370 2260 474 2297 tione
493 2256 701 2295 hominum
722 2265 761 2295 et
779 2255 951 2300 confilio,
981 2255 1229 2307 gubernatur,
1254 2267 1388 2306 pacem
1408 2267 1450 2292 ac
1470 2254 1620 2292 veniam
1641 2262 1730 2306 peto
1741 2270 1753 2296 ς

370 2337 580 2378 precorque
599 2324 645 2361 ab
666 2324 726 2369 iis,
757 2333 801 2361 ut
820 2322 1053 2361 hodiernum
1074 2322 1193 2366 diem,
1224 2331 1261 2359 et
1280 2321 1325 2359 ad
1346 2320 1461 2374 hujus
1481 2321 1640 2359 salutem
1657 2332 1755 2357 con-

369 2391 602 2434 servandam,
632 2398 670 2428 et
696 2389 742 2427 ad
769 2388 1051 2442 rempublicam
1074 2387 1393 2433 constituendam,
1424 2385 1587 2425 illuxiffe
1606 2384 1754 2438 patian-

370 2465 446 2495 tur.
469 2456 619 2494 Deinde
639 2469 719 2502 vos,
741 2456 929 2509 Qirites,
951 2467 1119 2508 quorum
1136 2455 1295 2509 potestas
1316 2453 1494 2508 proxime
1513 2452 1559 2491 ad
1579 2452 1754 2490 Deorum
