2212 2835
821 183 960 221 PRO
1020 183 1063 222 P.
1125 182 1368 222 SYLLA.
1725 197 1800 239 305

410 288 539 319 tamen
563 280 731 319 nostrum
755 280 898 332 Syllam
920 291 984 319 aut
1011 282 1214 320 Caecilium
1243 281 1472 319 verebatur?
1504 281 1649 320 Nonne
1675 281 1801 319 omnis

410 345 476 382 ille
513 356 642 390 terror,
674 347 801 384 omnis
836 346 1030 384 seditionis
1066 347 1184 383 timor
1218 355 1333 397 atque
1364 346 1510 398 opinio,
1542 360 1588 384 ex
1618 345 1802 384 Autronii

411 412 658 464 improbitate
678 412 898 466 pendebat?
929 413 1008 463 ejus
1030 425 1156 455 voces,
1188 413 1268 463 ejus
1291 412 1419 456 minae,
1451 412 1698 450 ferebantur:
1722 413 1801 463 ejus

410 476 602 529 aspedtus,
634 477 896 521 concursatio,
928 477 1102 528 stipatio,
1133 489 1266 528 greges
1299 475 1508 513 hominum
1535 477 1772 528 perditorum
1791 506 1800 519 ,

411 552 561 580 metum
585 543 695 580 nobis
716 542 993 594 seditionesque
1013 541 1233 580 afferebant.
1268 542 1401 594 Itaque
1424 543 1467 580 P.
1492 542 1605 594 Sylla,
1629 541 1703 580 hoc
1724 543 1801 579 im-

409 608 678 660 portunissimo
700 618 784 646 tum
805 608 988 653 honoris,
1020 617 1106 646 tum
1133 608 1248 646 etiam
1277 608 1504 646 calamitatis
1520 638 1530 654 ‚
1563 608 1663 646 socio
1689 618 1803 660 atque

409 675 575 719 comite,
606 684 643 712 et
664 674 843 713 secundas
864 673 1037 712 fortunas
1058 675 1234 713 amittere
1254 676 1405 712 emistus
1427 675 1497 720 est,
1528 684 1566 713 et
1586 675 1625 713 in
1647 675 1803 713 adversis

409 740 486 778 fine
508 740 589 778 ullo
609 741 778 779 remedio
797 749 912 793 atque
932 741 1185 780 allevamento
1209 754 1444 793 permanere.

464 806 616 845 XXIV.
650 807 732 845 Hic
751 806 1020 859 tu.epistolam
1048 819 1174 844 meam
1201 806 1295 859 saepe
1321 806 1454 845 recitas
1472 836 1482 851 ,
1514 820 1631 859 quam
1660 820 1731 859 ego
1758 807 1804 844 ad

411 871 487 909 Cn.
512 873 744 925 Pompeium
765 872 811 910 de
832 872 927 910 meis
949 872 1059 910 rebus
1080 871 1191 924 gestis
1206 901 1217 918 ,
1247 881 1285 910 et
1305 873 1350 910 de
1380 873 1530 910 summa
1556 873 1776 926 reipublicae
1792 902 1803 917 ,

411 938 522 982 misi3
555 947 592 976 et
612 952 659 976 ex
679 952 720 976 ea
739 938 887 976 crimen
909 939 1064 991 aliquod
1085 940 1124 976 in
1146 939 1190 977 P.
1214 938 1358 990 Syllam
1379 939 1541 991 quaeris:
1573 948 1623 984 et,
1647 939 1672 977 fi
1693 938 1803 977 furo-

412 1018 494 1042 rem
515 1005 783 1043 incredibilem
806 1005 962 1042 biennio
982 1014 1067 1042 ante
1087 1013 1322 1058 conceptum
1343 1004 1505 1058 erupiffe
1525 1005 1564 1043 in
1593 1018 1680 1043 meo
1708 1018 1804 1043 con-

413 1069 536 1108 sulatu
557 1070 681 1124 scripsi
697 1100 707 1116 ,
739 1084 802 1109 me
829 1069 905 1108 hoc
932 1070 1197 1108 demonstrasse
1223 1071 1344 1116 dicis,
1376 1071 1521 1122 Syllam
1546 1071 1587 1108 in
1611 1071 1677 1108 illa
1697 1071 1806 1109 fuiffe

411 1135 601 1189 superiore
621 1136 896 1189 conjuratione.
930 1136 1085 1174 Scilicet
1104 1137 1135 1176 is
1157 1136 1241 1174 sum
1256 1166 1268 1182 ,
1299 1137 1366 1189 qui
1393 1137 1611 1175 existimem
1637 1138 1713 1176 Cn.
1737 1138 1805 1176 Pi-

411 1203 557 1248 sonem,
588 1212 626 1241 et
647 1203 871 1248 Catilinam,
894 1212 932 1241 et
952 1203 1248 1255 Vargunteium,
1271 1211 1308 1240 et
1329 1204 1583 1248 Autronium,
1606 1202 1705 1241 nihil
1726 1203 1805 1241 sce-

412 1268 541 1314 lerate,
572 1267 672 1307 nihil
693 1269 879 1314 audacter,
901 1269 1000 1322 ipsos
1021 1283 1087 1322 per
1107 1269 1179 1307 sese
1200 1269 1276 1307 fine
1297 1269 1340 1307 P.
1365 1269 1467 1321 Sylla
1486 1269 1609 1308 facere
1629 1269 1804 1322 potuiffe.

411 1336 474 1374 De
494 1349 573 1388 quo
593 1337 710 1374 etiam
732 1336 758 1374 fi
779 1336 865 1389 quis
887 1335 1090 1374 dubitaffet
1110 1345 1230 1381 antea,
1262 1349 1374 1381 num,
1405 1336 1445 1374 id
1466 1336 1572 1389 quod
1598 1345 1641 1374 tu
1664 1335 1805 1389 arguis,

411 1401 630 1454 cogitasset,
661 1401 862 1440 interfecto
896 1411 1000 1455 patre
1034 1411 1126 1447 tuo,
1157 1402 1338 1446 consule,
1370 1401 1592 1440 descendere
1622 1402 1806 1440 Kalendis

412 1468 602 1518 januariis
623 1481 715 1506 cum
735 1468 961 1511 licftoribus5
995 1466 1292 1505 sustulistihanc
1313 1466 1582 1520 suspicionem,
1603 1481 1696 1506 cum
1718 1468 1806 1506 dix·
1843 1470 1846 1471 ⁷

413 1532 487 1577 isti,
514 1532 634 1577 hunc,
656 1542 699 1571 ut
720 1533 931 1571 Catilinam
953 1532 1149 1570 consulem
1172 1532 1351 1576 efficeret,
1374 1542 1507 1571 contra
1523 1541 1672 1585 patrem
1693 1541 1807 1571 tuum

412 1611 543 1651 operas
577 1607 616 1636 et
645 1612 804 1636 manum
835 1597 1078 1651 comparasse.
1110 1598 1227 1647 Qod
1258 1597 1282 1635 fi
1315 1598 1387 1635 tibi
1416 1611 1488 1650 ego
1519 1598 1731 1643 confiteor,
1763 1607 1807 1636 tu

414 1663 516 1702 mihi
539 1664 724 1703 concedas
752 1663 895 1703 necesse
922 1665 998 1709 est,
1030 1663 1161 1708 hunc,
1191 1677 1282 1701 cum
1312 1664 1488 1703 Catilinae
1515 1664 1805 1717 suffragaretur,

414 1729 515 1769 nihil
536 1731 582 1769 de
602 1731 668 1770 suo
688 1731 901 1776 consulatu,
933 1745 1050 1784 quem
1066 1731 1216 1783 judicio
1238 1731 1424 1776 amiserat,
1455 1745 1522 1784 per
1541 1732 1622 1769 vim
1644 1744 1806 1784 recupe-

414 1796 531 1836 rando
564 1797 781 1850 cogitavisse
799 1812 807 1836 :
844 1811 970 1850 neque
1004 1798 1110 1836 enim
1145 1797 1306 1835 istorum
1340 1796 1558 1835 facinorum
1593 1806 1803 1842 tantorum,

414 1873 494 1903 tam
513 1865 718 1910 atrocium,
750 1864 912 1909 crImen,
944 1864 1114 1916 Judices,
1147 1864 1191 1902 P.
1216 1864 1327 1916 Syllae
1344 1863 1501 1916 persona
1521 1863 1688 1916 suscipit.
1716 1864 1806 1914 Jam

414 1930 519 1968 enim
545 1929 683 1968 faciam
698 1959 709 1975 ,
741 1930 971 1968 criminibus
992 1930 1174 1968 omnibus
1196 1928 1272 1967 fere
1293 1929 1478 1968 diffolutis
1495 1959 1505 1975 ‚
1537 1939 1670 1967 contra
1692 1939 1806 1981 atque

414 1996 456 2033 in
476 1996 620 2034 caeteris
640 1996 757 2034 causis
779 1996 861 2034 fieri
883 1995 998 2040 solet,
1031 2006 1073 2034 ut
1094 2009 1198 2033 nunc
1221 1995 1387 2048 denique
1407 1996 1453 2033 de
1475 1997 1550 2034 vita
1570 1995 1740 2034 hominis
1762 2009 1804 2033 ac

414 2061 461 2099 de
482 2062 654 2100 moribus
675 2063 816 2101 dicam.
849 2063 1008 2100 Etenim
1029 2063 1075 2100 de
1099 2062 1291 2115 principio
1318 2062 1461 2100 studuit
1488 2062 1639 2100 animus
1665 2075 1803 2099 occur-

415 2140 494 2165 rere
527 2128 787 2180 magnitudini
821 2129 1009 2172 criminis,
1041 2127 1251 2166 satisfacere
1279 2129 1531 2181 expeftationi
1565 2127 1800 2171 hominum3

415 2193 462 2230 de
483 2206 546 2230 me
566 2193 712 2244 aliquid
732 2193 825 2246 ipso,
857 2194 924 2246 qui
945 2193 1139 2232 accusatus
1160 2207 1275 2238 eram,
1298 2194 1421 2231 dicere
1439 2209 1447 2230 z
1472 2206 1574 2231 nunc
1590 2194 1672 2244 jam
1692 2205 1802 2229 revo-

414 2259 527 2297 candi
547 2258 631 2296 estis
652 2272 710 2303 eo,
741 2273 819 2311 quo
839 2273 904 2297 vos
927 2261 1001 2312 ipsa
1023 2260 1142 2305 causa,
1174 2261 1289 2298 etiam
1312 2268 1456 2297 tacente
1478 2273 1553 2302 me,
1585 2259 1690 2309 cogit
1717 2257 1801 2294 ani-

415 2338 499 2363 mos
522 2324 743 2376 mentesque
763 2334 993 2363 convertere.

471 2390 602 2428 XXV.
637 2390 833 2428 Omnibus
854 2391 893 2427 In
914 2391 1040 2436 rebus,
1063 2391 1232 2442 Judices,
1256 2406 1339 2443 qua:
1359 2390 1544 2442 graviores
1567 2387 1802 2441 majoresque

412 2457 517 2502 sunt,
536 2455 630 2508 quid
651 2456 810 2508 quisque
831 2457 1008 2502 voluerit,
1027 2458 1215 2509 cogitarit,
1235 2457 1438 2499 admiserit,
1464 2469 1538 2492 uon
1559 2469 1604 2493 ex
1624 2455 1799 2500 crimine,

496 2523 568 2560 To
585 2534 636 2561 M.
670 2523 719 2561 V.
1406 2523 1498 2572 Qfl
