2212 2835
948 178 1183 232 [245]

966 378 1167 412 PRO

510 569 1630 647 L.FLACCO

735 791 1140 830 ORATIO
1227 792 1400 830 XXIV.

372 1006 404 1044 Ι.
424 1003 516 1103 C
542 1004 580 1042 U
598 1003 647 1041 M
677 1003 717 1041 in
749 1002 930 1042 maximis
961 1001 1143 1055 periculis
1176 1001 1292 1056 hujus
1323 1003 1429 1043 urbis
1456 1013 1571 1058 atque
1597 1006 1776 1060 imperii,³

550 1069 768 1123 graviffimo
788 1079 903 1122 atque
920 1068 1159 1108 acerbiffimo
1179 1070 1401 1123 reipublicae
1417 1072 1517 1117 casu,
1536 1072 1638 1112 socio
1654 1079 1771 1127 atque

371 1138 543 1190 adjutore
562 1136 809 1176 consiliorum
830 1136 1170 1189 periculorumque
1186 1150 1363 1175 meorum
1384 1139 1432 1176 L.
1450 1140 1605 1186 Flacco,
1623 1142 1776 1180 caedem.

371 1218 392 1243 a
411 1204 534 1249 vobis,
565 1202 813 1255 conjugibus,
844 1202 974 1240 liberis
994 1202 1139 1248 vestris,
1169 1202 1383 1241 vastitatem
1411 1218 1432 1242 a
1455 1207 1626 1259 templis,
1657 1208 1769 1246 delu-

371 1271 466 1316 bris,
498 1269 606 1315 urbe,
638 1268 761 1314 Italia,
792 1269 1061 1322 depellebam3
1084 1269 1294 1322 sperabam,
1317 1270 1489 1321 JudiceS,
1519 1271 1676 1312 honoris
1697 1288 1770 1327 po-

371 1337 449 1375 tius
470 1337 518 1375 L.
538 1335 670 1375 Flacci
690 1348 754 1374 me
772 1335 987 1388 adjutorem
1007 1334 1201 1381 futurum,
1232 1350 1352 1389 quam
1372 1338 1614 1378 miseriarum
1635 1340 1771 1394 depre-

371 1412 555 1443 catorem.
588 1403 708 1455 Qod
738 1402 845 1440 enim
876 1402 964 1441 effet
991 1403 1199 1456 praemium
1225 1403 1440 1456 dignitatis,
1470 1407 1577 1458 quod
1604 1408 1772 1461 populus

372 1470 589 1515 Romanus,
614 1483 708 1507 cum
728 1467 845 1521 hujus
866 1469 1077 1520 majoribus
1099 1468 1247 1521 semper
1265 1470 1468 1516 detuliffet,
1490 1471 1584 1511 huic
1605 1473 1770 1526 denega-

373 1545 430 1574 ret
446 1555 458 1581 3
490 1550 583 1575 cum
603 1537 652 1574 L.
672 1535 835 1574 Flaccus
858 1544 1026 1573 veterem
1046 1535 1209 1574 Valeriae
1229 1536 1353 1588 gentis
1375 1537 1415 1575 in
1436 1538 1631 1577 liberanda
1650 1542 1773 1593 patria

372 1601 527 1640 laudem
548 1615 665 1654 prope
685 1600 996 1653 quingentesimo
1015 1614 1114 1639 anno
1135 1602 1356 1654 reipublicae
1384 1604 1595 1643 retuliffet?
1628 1606 1712 1651 Sed,
1744 1606 1771 1644 fi

372 1668 473 1707 forte
493 1668 699 1721 aliquando
719 1677 785 1706 aut
805 1668 985 1706 beneficii
1004 1667 1121 1721 hujus
1143 1669 1390 1716 obtrectator,
1421 1680 1486 1710 aut
1506 1672 1659 1710 virtutis
1680 1671 1771 1710 hos-

372 1735 437 1781 tis,
468 1744 533 1773 aut
553 1735 674 1773 laudis
696 1735 864 1779 invidus,
896 1735 1105 1781 extitiffet3
1137 1736 1403 1775 existimabam
1429 1738 1477 1776 L.
1501 1739 1645 1777 Flacco
1663 1739 1775 1777 mul·

373 1802 552 1840 titudinis
574 1801 701 1854 potius
722 1801 928 1853 imperim,
959 1801 1069 1840 nullo
1090 1812 1221 1841 tamen
1241 1817 1335 1842 cum
1356 1805 1541 1856 periculo,
1574 1820 1692 1858 quam
1714 1806 1770 1843 sa-

371 1867 696 1922 pientissimorum
716 1877 754 1906 et
774 1867 1067 1907 leftiffimorum
1089 1870 1273 1915 virorum,
1294 1871 1492 1923 judicium
1513 1872 1582 1910 effe
1604 1873 1771 1911 subeun-

373 1936 484 1974 dum.
517 1935 691 1980 Etenim,
722 1934 865 1987 quibus
892 1935 1110 1973 auctoribus
1137 1945 1174 1974 et
1200 1935 1464 1976 defensoribus
1485 1940 1664 1977 omnium
1687 1949 1772 1978 tum

374 2001 470 2039 salus
490 2000 579 2038 effet
600 2015 677 2038 non
697 2001 844 2039 civium
866 2001 1005 2047 solum,
1036 2016 1172 2041 verum
1193 2003 1308 2042 etiam
1335 2005 1529 2055 gentium,
1559 2005 1710 2044 defensa
1729 2019 1772 2043 ac

374 2075 531 2111 retenta,
556 2066 753 2104 neminem
776 2080 948 2119 unquam
970 2069 1101 2119 putavi
1122 2082 1189 2121 per
1209 2082 1272 2106 eos
1294 2069 1393 2121 ipsos
1414 2071 1634 2122 periculum
1656 2070 1771 2122 hujus

374 2132 555 2177 fortunis,
587 2142 701 2185 atque
723 2134 888 2177 infidias,
918 2143 1150 2173 creaturum.
1185 2136 1303 2189 Qod
1324 2136 1349 2173 fi
1370 2136 1458 2174 effet
1478 2137 1685 2188 aliquando
1705 2136 1770 2174 fu-

375 2208 523 2242 turum,
557 2206 599 2235 ut
619 2199 756 2250 aliquis
779 2199 825 2236 de
846 2200 894 2237 L.
920 2199 1049 2238 Flacci
1070 2200 1238 2252 pernicie
1258 2201 1458 2252 cogitaret,
1491 2216 1690 2253 nunquam
1714 2211 1770 2238 ta-

376 2278 467 2302 men
488 2263 715 2308 existimavi,
737 2265 908 2316 Judices,
932 2267 984 2303 D.
1004 2267 1184 2312 Laelium,
1207 2268 1349 2319 optimi
1369 2268 1440 2305 viri
1461 2267 1602 2312 filium,
1625 2268 1773 2319 optima

376 2331 504 2383 ipsum
526 2330 587 2382 spe
608 2331 827 2382 praeditum,
850 2332 1009 2370 summae
1030 2334 1242 2385 dignitatis,
1265 2348 1347 2372 earn
1371 2334 1632 2386 suscepturum
1655 2347 1770 2370 accu-

377 2397 575 2441 sationem,
607 2410 690 2448 quae
711 2396 975 2435 sceleratorum
997 2399 1143 2436 civium
1164 2401 1294 2452 potius
1316 2400 1405 2437 odio
1425 2409 1461 2436 et
1488 2399 1621 2443 furori,
1653 2413 1771 2451 quam

377 2463 490 2516 ipfius
517 2463 650 2501 virtuti
677 2472 791 2515 atque
817 2463 998 2503 institutae
1024 2465 1296 2510 adolescentiae,
1328 2465 1562 2504 conveniret.
1595 2466 1770 2511 Etenim,
