2212 2835
463 162 542 216 458
963 158 1365 197 ORATIO

519 257 667 296 Eadem
688 254 828 307 igitur,
861 253 981 299 Caffi,
1015 252 1078 291 via
1098 253 1251 291 munita
1270 252 1463 292 Laterenfi
1483 252 1555 299 est,
1586 253 1689 292 idem
1712 253 1864 293 virtutis

464 323 596 362 cursus
627 320 673 359 ad
704 320 897 373 gloriam:
929 318 1005 357 hoc
1036 318 1188 357 facilior
1218 318 1382 365 fortaffe,
1415 319 1519 373 quod
1550 333 1621 373 ego
1652 319 1730 358 huc
1758 334 1779 359 a
1804 333 1868 358 me

465 399 584 433 ortus,
616 396 655 426 et
684 400 751 440 per
782 400 846 425 me
878 387 1006 432 nixus,
1037 385 1214 432 ascendi,
1250 385 1355 425 istius
1383 387 1534 440 egregia
1562 387 1683 426 virtus
1710 386 1867 439 adjuva-

466 457 573 495 bitur
593 453 933 494 commendatione
955 454 1162 505 majorum.
1195 453 1267 491 Sed
1285 483 1296 499 ,
1329 462 1371 491 ut
1392 454 1544 492 redeam
1565 454 1611 492 ad
1632 454 1836 493 Plancium
1856 481 1869 498 ,

467 535 669 574 nunquam
691 534 737 558 ex
760 519 854 558 urbe
873 518 1013 565 abfuit,
1045 519 1114 557 nifi
1141 518 1256 564 forte,
1288 519 1386 571 lege,
1418 519 1648 558 neceffitate.
1682 519 1779 558 Non
1804 532 1871 557 va-

468 590 543 628 luit
564 589 674 627 rebus
695 588 845 632 iisdem,
876 587 1018 639 quibus
1040 585 1190 625 fortaffe
1210 587 1414 633 nonnulli,
1447 597 1485 626 at
1505 588 1625 627 valuit
1644 587 1871 632 affiduitate,

469 665 508 695 at
535 655 656 694 valuit
676 654 916 693 observandis
937 653 1071 691 amicis
1090 682 1101 699 ,
1133 654 1252 692 valuit
1273 654 1500 693 liberalitate
1519 669 1527 692 ε
1559 654 1636 692 fuit
1656 655 1697 693 in
1717 653 1840 692 oculis
1860 667 1870 691 :

469 723 607 776 petivit
625 736 633 759 :
666 734 708 758 ea
727 720 779 758 est
800 719 886 757 usus
907 719 1067 763 ratione,
1090 733 1178 771 qua,
1212 720 1375 757 minima
1394 721 1552 766 invidia,
1583 721 1674 759 novi
1694 719 1874 758 homines

471 787 633 841 plurimi
654 786 806 824 eosdem
827 783 991 823 honores
1012 784 1207 823 consecuti
1227 785 1329 823 sunt.

527 854 724 893 XXVIII.
757 852 879 897 Nam,
902 851 1007 904 quod
1027 851 1094 897 ais,
1113 851 1226 896 Caffi,
1249 865 1327 889 non
1348 851 1435 905 plus
1461 865 1524 890 me
1544 852 1703 891 Plancio
1723 852 1874 897 debere,

472 934 589 973 quam
613 919 724 958 bonis
745 918 946 963 omnibus,
978 918 1084 970 quod
1104 918 1150 955 iis
1172 931 1279 970 aeque
1300 931 1385 955 mea
1406 917 1502 956 salus
1523 932 1606 957 cara
1626 917 1772 963 fuerit;
1804 930 1876 969 ego

473 1001 538 1026 me
558 986 694 1025 debere
714 985 825 1023 bonis
847 984 1031 1022 omnibus
1052 983 1186 1022 fateor.
1220 984 1290 1022 Sed
1311 985 1427 1023 etiam
1451 983 1518 1030 hi,
1552 985 1695 1039 quibus
1716 998 1788 1038 ego
1808 984 1877 1022 de-

472 1054 561 1099 beo,
584 1053 679 1091 boni
699 1052 769 1090 viri
790 1060 829 1089 et
848 1051 965 1096 cives,
987 1050 1154 1089 aedilitiis
1177 1051 1362 1096 comitiis,
1385 1051 1533 1104 aliquid
1554 1065 1642 1090 meo
1662 1051 1697 1090 se
1718 1051 1879 1090 nomine

473 1120 613 1159 debere
633 1118 793 1157 Plancio
812 1118 1007 1156 dicebant.
1032 1117 1182 1155 Verum
1203 1116 1263 1155 fac
1285 1131 1348 1155 me
1370 1117 1504 1156 multis
1526 1117 1675 1164 debere,
1707 1126 1745 1156 et
1769 1118 1810 1155 in
1830 1116 1877 1155 iis

477 1187 638 1226 Plancio
657 1201 665 1224 :
690 1194 824 1224 utrum
846 1185 967 1237 igitur
985 1197 1048 1222 me
1067 1184 1297 1223 conturbare
1316 1194 1467 1238 oportet
1484 1204 1495 1229 ς
1527 1199 1574 1223 an
1595 1185 1754 1231 caeteris,
1786 1197 1880 1222 cum

477 1253 665 1307 cujusque
684 1252 764 1290 dies
785 1252 945 1297 venerit,
967 1250 1042 1289 hoc
1063 1265 1222 1297 nomen,
1250 1252 1355 1304 quod
1376 1261 1500 1305 urget,
1523 1266 1640 1298 nunc,
1663 1266 1755 1290 cum
1776 1251 1879 1304 peti-

478 1330 555 1366 tur,
573 1318 770 1358 diffolvere
787 1318 800 1355 ?
818 1320 1056 1370 Qanquam
1077 1318 1268 1355 diffimilis
1289 1318 1341 1355 est
1361 1320 1534 1371 pecuniae
1554 1319 1714 1363 debitio,
1733 1327 1770 1356 et
1790 1331 1883 1370 grae

478 1387 556 1425 tiae.
588 1386 696 1424 Nam
711 1414 722 1430 ,
753 1385 822 1437 qui
843 1384 1048 1438 pecuniam
1069 1383 1235 1422 dissolvit
1249 1413 1260 1429 ,
1292 1384 1420 1423 statim
1440 1399 1518 1423 non
1539 1384 1656 1423 habet
1677 1384 1716 1422 id
1731 1413 1742 1429 ‚
1774 1383 1881 1436 quod

481 1452 668 1497 reddidit;
688 1452 757 1504 qui
778 1460 907 1489 autem
923 1450 1051 1495 debet,
1070 1463 1117 1488 aes
1137 1451 1277 1488 retinet
1292 1451 1481 1490 alienum:
1500 1453 1662 1504 gratiam
1683 1460 1825 1494 autem,
1844 1459 1882 1488 et

480 1519 549 1572 qui
570 1517 699 1562 refert,
730 1515 874 1561 habet;
906 1524 958 1560 et,
989 1516 1057 1568 qui
1076 1514 1207 1561 habet,
1239 1516 1279 1553 in
1300 1529 1345 1554 eo
1366 1516 1447 1570 ipso
1467 1517 1572 1569 quod
1591 1516 1721 1562 habet,
1751 1514 1880 1554 refert.

479 1585 623 1638 Neque
641 1597 713 1637 ego
733 1596 837 1621 nunc
857 1582 1016 1622 Plancio
1034 1582 1198 1620 definam
1220 1582 1371 1628 debere,
1390 1583 1414 1621 s1
1436 1582 1510 1621 hoc
1531 1582 1695 1629 solver03
1713 1596 1783 1620 nec
1805 1581 1883 1620 mi-

482 1666 553 1691 nus
575 1652 609 1689 ei
630 1650 827 1689 redderem
849 1650 1047 1688 voluntate
1068 1649 1160 1702 ipsa,
1191 1649 1217 1687 fi
1238 1648 1313 1688 hoc
1335 1650 1516 1689 molestiae
1537 1664 1615 1689 non
1635 1648 1840 1688 accidisset.

538 1717 689 1769 Qaeris
718 1730 738 1755 a
763 1729 825 1754 me
842 1745 852 1761 ,
885 1715 983 1754 Caffi
1001 1745 1012 1761 ,
1044 1715 1139 1768 quid
1160 1729 1229 1768 pro
1249 1715 1363 1754 fratre
1384 1730 1496 1761 meo,
1529 1717 1596 1768 qui
1624 1715 1725 1754 mihi
1745 1714 1797 1752 est
1817 1727 1882 1752 ca-

484 1784 649 1823 riffimus
667 1812 677 1828 ,
711 1782 806 1835 quid
828 1795 897 1834 pro
918 1781 1015 1819 meis
1036 1781 1165 1819 liberis
1182 1810 1192 1825 ‚
1225 1782 1367 1833 quibus
1389 1780 1488 1819 nihil
1509 1781 1631 1832 potest
1650 1781 1722 1818 effe
1736 1768 1892 1832 jucun--

485 1851 597 1895 dius,
628 1849 822 1900 amplius,
854 1860 972 1899 quam
1003 1861 1073 1899 pro
1106 1847 1265 1885 Plancio
1299 1846 1428 1891 facio,
1459 1846 1583 1885 facere
1616 1847 1780 1900 poffim;
1813 1860 1884 1884 nec

483 1916 589 1955 vides
607 1944 618 1960 ,
650 1913 809 1952 istorum
835 1912 1008 1966 ipsorum
1035 1913 1189 1951 caritate
1218 1913 1265 1951 ad
1286 1912 1400 1966 hujus
1422 1913 1583 1952 salutem
1605 1912 1886 1951 defendendam

484 1982 656 2021 maxime
686 1979 874 2018 stimulari
905 1993 983 2025 me,
1014 1988 1130 2032 atque
1161 1980 1334 2018 excitari.
1367 1980 1476 2018 Nam
1507 1993 1632 2032 neque
1663 1980 1738 2018 illis
1769 1978 1886 2032 hujus

485 2048 603 2087 salute
619 2076 631 2092 ‚
663 2060 682 2084 a
709 2059 788 2098 quo
815 2059 941 2084 meam
969 2045 1095 2084 sciunt
1120 2046 1191 2084 effe
1211 2045 1404 2085 defensam
1423 2075 1434 2091 ,
1466 2047 1682 2099 quidquam
1703 2046 1755 2084 est
1775 2056 1886 2099 opta-

486 2114 591 2159 tius;
624 2122 661 2152 et
682 2126 753 2165 ego
775 2111 852 2164 ipse
872 2125 1075 2164 nunquam
1096 2112 1183 2151 illos
1204 2112 1344 2165 aspicio
1363 2141 1374 2157 ,
1406 2113 1500 2165 quin
1529 2126 1595 2165 per
1615 2111 1721 2150 hunc
1743 2126 1806 2151 me
1825 2111 1886 2150 his

487 2180 754 2219 conservatum
776 2177 846 2216 effe
868 2178 1132 2223 meminerim,
1163 2178 1354 2232 hujusque
1375 2179 1505 2217 meriti
1525 2179 1565 2216 in
1586 2192 1649 2217 me
1670 2179 1857 2217 recorder.

545 2246 758 2300 Opimium
793 2244 1021 2283 damnatum
1054 2245 1124 2283 effe
1157 2258 1439 2284 commemoras
1458 2274 1469 2290 ,
1501 2245 1726 2283 servatorem
1760 2245 1888 2299 ipsum

488 2313 709 2366 reipublicae
729 2326 738 2350 :
772 2310 971 2350 Calidium
992 2312 1181 2365 adjungis,
1213 2312 1322 2364 cujus
1344 2312 1426 2364 lege
1447 2311 1706 2364 QMetellus
1728 2311 1768 2349 in
1788 2312 1886 2349 civi-

488 2389 606 2418 tatem
629 2379 672 2417 fit
694 2377 886 2416 restitutus
906 2392 915 2416 :
948 2376 1194 2431 reprehendis
1215 2391 1318 2416 meas
1340 2392 1409 2431 pro
1432 2378 1590 2416 Plancio
1608 2391 1752 2430 preces,
1782 2377 1888 2429 quod

489 2458 560 2483 nec
583 2445 766 2498 Opimius
788 2444 854 2484 suo
875 2445 1034 2485 nomine
1054 2444 1236 2485 liberatus
1258 2446 1316 2490 fit,
1348 2458 1417 2484 nec
1441 2444 1675 2498 QMetelli
1697 2443 1885 2483 Calidius.
