2212 2835
962 144 1198 202 [315]

976 340 1179 377 PRO

463 512 543 570 A.
634 500 1138 567 LICINIO
1225 489 1701 552 ARCHIA

862 703 1102 753 POE
1163 699 1310 747 TA

757 909 1164 954 ORATIO
1248 902 1424 946 XXVI,

395 1121 429 1160 Ι.
448 1115 518 1222 S
534 1117 553 1156 I
583 1114 680 1170 quid
699 1113 752 1154 est
771 1112 813 1151 in
833 1125 898 1151 me
919 1108 1096 1164 ingenii,
1127 1104 1285 1158 Judices
1302 1132 1314 1149 ,
1345 1100 1451 1154 quod
1471 1098 1591 1138 sentio
1612 1108 1731 1150 quam
1750 1094 1796 1134 fit

548 1184 736 1237 exiguum
752 1198 764 1225 3
795 1188 861 1219 aut
880 1178 908 1217 fi
927 1190 1005 1231 qua
1023 1171 1247 1214 exercitatio
1267 1167 1448 1213 dicendi,
1479 1166 1519 1204 in
1539 1178 1616 1219 qua
1635 1176 1699 1203 me
1719 1175 1800 1201 non

398 1253 547 1295 infitior
566 1247 811 1290 mediocriter
830 1245 902 1285 effe
922 1242 1111 1283 versatum
1124 1259 1137 1286 ;
1159 1247 1225 1278 aut
1244 1236 1270 1276 fi
1289 1234 1449 1289 hujusce
1468 1232 1522 1271 rei
1542 1231 1638 1270 ratio
1656 1229 1800 1281 aliqua,

399 1323 448 1362 ab
473 1319 714 1375 optimarum
739 1315 882 1354 artium
907 1310 1040 1351 studiis
1066 1322 1109 1348 ac
1135 1304 1337 1359 disciplina
1360 1300 1555 1357 profecta,
1586 1311 1607 1336 a
1633 1309 1711 1351 qua
1728 1308 1802 1349 ego

402 1388 559 1430 nullum
579 1385 767 1425 confiteor
787 1380 905 1422 aetatis
926 1392 1022 1418 rneae
1041 1385 1196 1428 tempus
1220 1367 1455 1411 abhorruiffe
1473 1382 1484 1407 ε
1515 1379 1648 1405 earum
1675 1375 1804 1402 rerum

403 1455 585 1496 omnium
611 1452 673 1491 vel
699 1451 740 1489 in
768 1447 904 1502 primis
930 1444 997 1484 hic
1025 1444 1076 1482 A.
1099 1439 1278 1480 Licinius
1305 1436 1487 1475 fructum>
1504 1446 1525 1472 a
1551 1445 1617 1472 me
1636 1437 1806 1484 repetere

405 1535 526 1576 prope
552 1520 618 1558 suo
632 1520 720 1572 jure
745 1516 871 1555 debet.
903 1512 1012 1552 Nam
1039 1506 1167 1562 quoad
1192 1502 1411 1557 longissime
1435 1499 1558 1554 potest
1583 1510 1694 1538 mens
1722 1508 1808 1534 mea

406 1588 592 1642 respicere
612 1584 778 1638 spatium
799 1579 979 1635 praeteriti
999 1573 1185 1628 temporis
1199 1601 1211 1618 ,
1242 1579 1281 1609 et
1301 1568 1474 1623 pueritiae
1495 1565 1726 1605 memoriam
1746 1575 1807 1600 re-

408 1654 557 1695 cordari
578 1651 774 1694 ultimam,
805 1647 894 1686 inde
914 1645 1031 1697 usque
1051 1649 1239 1695 repetens,
1269 1636 1376 1676 hunc
1397 1633 1508 1673 video
1536 1629 1638 1670 mihi
1661 1627 1807 1682 princi-

410 1734 501 1776 pem
521 1729 559 1758 et
578 1717 624 1756 ad
643 1714 923 1769 suscipiendam
940 1741 950 1756 ‚
981 1719 1018 1748 et
1039 1708 1085 1746 ad
1105 1703 1396 1759 ingrediendam
1414 1730 1426 1747 ‚
1457 1699 1645 1738 rationem
1664 1694 1810 1733 horum

411 1787 627 1827 studiorum
646 1781 824 1822 extitisse.
857 1778 977 1830 Qod
998 1776 1023 1815 s1
1042 1774 1125 1814 haec
1145 1786 1220 1812 vox
1235 1801 1245 1817 ‚
1274 1769 1390 1822 hujus
1410 1767 1566 1806 hortatu
1592 1760 1810 1817 praeceptis-

413 1868 490 1909 que
509 1851 775 1894 conformata,
806 1844 1004 1886 nonnullis
1032 1839 1238 1894 aliquando
1268 1836 1377 1876 saluti
1397 1834 1500 1878 fuit;
1531 1846 1552 1870 a
1577 1843 1656 1885 quo
1682 1829 1723 1867 id
1745 1840 1812 1866 ac-

415 1921 606 1974 cepimus,
637 1930 715 1970 quo
735 1914 880 1954 caeteris
901 1910 1097 1965 opitulari,
1128 1917 1165 1946 et
1185 1906 1279 1944 alios
1300 1902 1456 1946 servare,
1487 1897 1692 1953 possemus,
1718 1893 1814 1933 huic

417 1986 590 2041 profecto
610 1985 679 2037 ipfi
696 2012 708 2028 ‚
740 1990 931 2036 quantum
951 1978 1003 2017 est
1022 1976 1137 2015 fitum
1158 1973 1198 2012 in
1219 1971 1330 2011 nobis
1347 1999 1359 2016 ‚
1389 1978 1426 2007 et
1453 1980 1568 2020 opem
1589 1972 1627 2003 et
1654 1961 1816 2002 salutem

418 2052 517 2092 ferre
539 2052 737 2091 debemus.

476 2121 551 2164 Ac,
582 2131 630 2156 ne
660 2117 747 2169 quis
780 2129 799 2154 a
831 2114 942 2153 nobis
972 2110 1047 2150 hoc
1080 2111 1133 2148 ita
1163 2106 1241 2146 dici
1274 2105 1372 2143 forte
1403 2101 1578 2143 miretur,
1609 2095 1713 2149 quod
1745 2093 1816 2131 alia

421 2185 599 2239 quaedam
618 2184 659 2221 in
678 2182 754 2220 hoc
775 2180 935 2220 facultas
957 2179 1001 2216 sit
1021 2175 1182 2229 ingenii,
1202 2184 1324 2224 neque
1343 2169 1424 2206 haec
1446 2164 1600 2204 dicendi
1620 2162 1728 2204 ratio,
1751 2167 1817 2196 aut

424 2251 652 2304 disciplina;
684 2261 732 2287 ne
760 2261 828 2286 nos
856 2245 1016 2299 quidem
1042 2242 1135 2281 huic
1163 2238 1292 2278 cunCti
1321 2234 1444 2273 studio
1471 2231 1623 2284 penitus
1646 2237 1819 2277 unquam

426 2317 546 2357 dediti
566 2314 729 2354 fuimus.
762 2314 922 2351 Etenim
942 2322 1077 2349 ornnes
1098 2316 1194 2345 artes
1210 2334 1220 2350 ‚
1251 2317 1336 2356 quae
1363 2301 1408 2338 ad
1429 2295 1709 2336 humanitatem
1732 2304 1819 2343 per-

426 2386 552 2424 tinent
570 2412 581 2428 ,
612 2381 755 2420 habent
775 2379 971 2431 quoddam
992 2386 1204 2415 commune
1225 2368 1425 2411 vinculum
1443 2393 1454 2409 ‚
1485 2372 1521 2400 et
1548 2360 1650 2414 quafi
1678 2371 1821 2411 cogna-

427 2452 535 2490 tione
555 2447 720 2502 quadam
741 2447 839 2484 inter
859 2444 894 2482 se
913 2443 1174 2482 continentur.

1387 2498 1422 2535 R
1454 2509 1471 2533 r
1502 2507 1524 2533 2
