<?xml version="1.0" encoding="UTF-8"?>
<!DOCTYPE html PUBLIC "-//W3C//DTD XHTML 1.0 Transitional//EN"
    "http://www.w3.org/TR/xhtml1/DTD/xhtml1-transitional.dtd">
<html xmlns="http://www.w3.org/1999/xhtml" xml:lang="en" lang="en">
 <head>
  <title>
</title>
<meta http-equiv="Content-Type" content="text/html;charset=utf-8" />
  <meta name='ocr-system' content='tesseract 3.04.00' />
  <meta name='ocr-capabilities' content='ocr_page ocr_carea ocr_par ocr_line ocrx_word'/>
</head>
<body>
  <div class='ocr_page' id='page_1' title='image "./operacumindicibu05ciceuoft_0292.png"; bbox 0 0 2212 2835; ppageno 0'>
   <div class='ocr_carea' id='block_1_1' title="bbox 502 122 1409 164">
    <p class='ocr_par' dir='ltr' id='par_1_1' title="bbox 502 122 1409 164">
     <span class='ocr_line' id='line_1_1' title="bbox 502 122 1409 164; baseline -0.004 0"><span class='ocrx_word' id='word_1_1' title='bbox 502 125 581 164; x_wconf 71' lang='lat'>280</span> <span class='ocrx_word' id='word_1_2' title='bbox 1009 122 1409 160; x_wconf 89' lang='lat' dir='ltr'><strong>ORATIO</strong></span> 
     </span>
    </p>
   </div>
   <div class='ocr_carea' id='block_1_2' title="bbox 502 218 1949 2457">
    <p class='ocr_par' dir='ltr' id='par_1_2' title="bbox 502 218 1896 735">
     <span class='ocr_line' id='line_1_2' title="bbox 502 218 1889 274; baseline 0.002 -16"><span class='ocrx_word' id='word_1_3' title='bbox 502 222 598 273; x_wconf 88' lang='lat' dir='ltr'>quid</span> <span class='ocrx_word' id='word_1_4' title='bbox 632 220 773 258; x_wconf 78' lang='lat' dir='ltr'>utilitas</span> <span class='ocrx_word' id='word_1_5' title='bbox 806 218 992 263; x_wconf 86' lang='lat' dir='ltr'>civitatis,</span> <span class='ocrx_word' id='word_1_6' title='bbox 1025 218 1119 270; x_wconf 89' lang='lat' dir='ltr'>quid</span> <span class='ocrx_word' id='word_1_7' title='bbox 1146 219 1366 257; x_wconf 87' lang='lat' dir='ltr'>communis</span> <span class='ocrx_word' id='word_1_8' title='bbox 1394 219 1512 264; x_wconf 79' lang='lat' dir='ltr'>salus,</span> <span class='ocrx_word' id='word_1_9' title='bbox 1543 220 1637 272; x_wconf 90' lang='lat' dir='ltr'>quid</span> <span class='ocrx_word' id='word_1_10' title='bbox 1669 221 1889 274; x_wconf 85' lang='lat' dir='ltr'>reipublicae</span> 
     </span>
     <span class='ocr_line' id='line_1_3' title="bbox 505 285 1890 338; baseline 0.002 -15"><span class='ocrx_word' id='word_1_11' title='bbox 505 296 677 338; x_wconf 86' lang='lat' dir='ltr'>tempora</span> <span class='ocrx_word' id='word_1_12' title='bbox 707 285 925 337; x_wconf 89' lang='lat' dir='ltr'>poscerent,</span> <span class='ocrx_word' id='word_1_13' title='bbox 956 285 1233 336; x_wconf 76' lang='lat' dir='ltr'>cogitaverunt.</span> <span class='ocrx_word' id='word_1_14' title='bbox 1271 286 1376 323; x_wconf 91' lang='lat' dir='ltr'>Cum</span> <span class='ocrx_word' id='word_1_15' title='bbox 1408 285 1547 323; x_wconf 91' lang='lat' dir='ltr'>tabella</span> <span class='ocrx_word' id='word_1_16' title='bbox 1577 286 1686 324; x_wconf 84' lang='lat' dir='ltr'>vobis</span> <span class='ocrx_word' id='word_1_17' title='bbox 1717 287 1890 333; x_wconf 89' lang='lat' dir='ltr'>dabitur,</span> 
     </span>
     <span class='ocr_line' id='line_1_4' title="bbox 502 351 1890 403; baseline 0.001 -14"><span class='ocrx_word' id='word_1_18' title='bbox 502 353 674 403; x_wconf 86' lang='lat' dir='ltr'>Judices,</span> <span class='ocrx_word' id='word_1_19' title='bbox 697 365 773 390; x_wconf 92' lang='lat' dir='ltr'>non</span> <span class='ocrx_word' id='word_1_20' title='bbox 795 352 840 389; x_wconf 90' lang='lat' dir='ltr'>de</span> <span class='ocrx_word' id='word_1_21' title='bbox 860 352 1001 390; x_wconf 85' lang='lat' dir='ltr'>Flacco</span> <span class='ocrx_word' id='word_1_22' title='bbox 1021 352 1173 389; x_wconf 88' lang='lat' dir='ltr'>dabitur</span> <span class='ocrx_word' id='word_1_23' title='bbox 1192 351 1317 390; x_wconf 89' lang='lat' dir='ltr'>solum</span> <span class='ocrx_word' id='word_1_24' title='bbox 1335 366 1344 389; x_wconf 71' lang='grc' dir='ltr'>ε</span> <span class='ocrx_word' id='word_1_25' title='bbox 1377 352 1530 390; x_wconf 85' lang='lat' dir='ltr'>dabitur</span> <span class='ocrx_word' id='word_1_26' title='bbox 1549 352 1595 389; x_wconf 92' lang='lat' dir='ltr'>de</span> <span class='ocrx_word' id='word_1_27' title='bbox 1615 353 1778 391; x_wconf 87' lang='lat' dir='ltr'>ducibus</span> <span class='ocrx_word' id='word_1_28' title='bbox 1799 367 1890 391; x_wconf 91' lang='lat' dir='ltr'>auc-</span> 
     </span>
     <span class='ocr_line' id='line_1_5' title="bbox 504 419 1892 471; baseline 0.001 -14"><span class='ocrx_word' id='word_1_29' title='bbox 504 419 727 471; x_wconf 87' lang='lat' dir='ltr'>toribusque</span> <span class='ocrx_word' id='word_1_30' title='bbox 745 419 1005 457; x_wconf 81' lang='lat' dir='ltr'>conservandae</span> <span class='ocrx_word' id='word_1_31' title='bbox 1025 419 1188 456; x_wconf 83' lang='lat' dir='ltr'>civitatis</span> <span class='ocrx_word' id='word_1_32' title='bbox 1205 437 1217 464; x_wconf 64' lang='grc' dir='ltr'><strong><em>ς</em></strong></span> <span class='ocrx_word' id='word_1_33' title='bbox 1249 419 1403 456; x_wconf 88' lang='lat' dir='ltr'>dabitur</span> <span class='ocrx_word' id='word_1_34' title='bbox 1423 420 1468 457; x_wconf 88' lang='lat' dir='ltr'>de</span> <span class='ocrx_word' id='word_1_35' title='bbox 1494 420 1676 458; x_wconf 87' lang='lat' dir='ltr'>omnibus</span> <span class='ocrx_word' id='word_1_36' title='bbox 1700 420 1812 458; x_wconf 88' lang='lat' dir='ltr'>bonis</span> <span class='ocrx_word' id='word_1_37' title='bbox 1833 420 1892 458; x_wconf 90' lang='lat' dir='ltr'>ci-</span> 
     </span>
     <span class='ocr_line' id='line_1_6' title="bbox 504 485 1893 537; baseline 0 -13"><span class='ocrx_word' id='word_1_38' title='bbox 504 487 643 531; x_wconf 73' lang='lat' dir='ltr'>vibus,</span> <span class='ocrx_word' id='word_1_39' title='bbox 675 486 827 523; x_wconf 85' lang='lat' dir='ltr'>dabitur</span> <span class='ocrx_word' id='word_1_40' title='bbox 852 486 899 523; x_wconf 90' lang='lat' dir='ltr'>de</span> <span class='ocrx_word' id='word_1_41' title='bbox 926 485 1230 537; x_wconf 79' lang='lat' dir='ltr'>vobismetipsis3</span> <span class='ocrx_word' id='word_1_42' title='bbox 1263 485 1414 523; x_wconf 89' lang='lat' dir='ltr'>dabitur</span> <span class='ocrx_word' id='word_1_43' title='bbox 1441 486 1487 523; x_wconf 89' lang='lat' dir='ltr'>de</span> <span class='ocrx_word' id='word_1_44' title='bbox 1514 486 1644 524; x_wconf 89' lang='lat' dir='ltr'>liberis</span> <span class='ocrx_word' id='word_1_45' title='bbox 1671 486 1814 532; x_wconf 86' lang='lat' dir='ltr'>vestris,</span> <span class='ocrx_word' id='word_1_46' title='bbox 1845 486 1893 524; x_wconf 87' lang='lat' dir='ltr'>de</span> 
     </span>
     <span class='ocr_line' id='line_1_7' title="bbox 504 550 1896 603; baseline 0.001 -14"><span class='ocrx_word' id='word_1_47' title='bbox 504 553 594 596; x_wconf 88' lang='lat' dir='ltr'>vita,</span> <span class='ocrx_word' id='word_1_48' title='bbox 626 552 671 589; x_wconf 89' lang='lat' dir='ltr'>de</span> <span class='ocrx_word' id='word_1_49' title='bbox 693 551 825 603; x_wconf 82' lang='lat' dir='ltr'>patria,</span> <span class='ocrx_word' id='word_1_50' title='bbox 856 551 902 588; x_wconf 86' lang='lat' dir='ltr'>de</span> <span class='ocrx_word' id='word_1_51' title='bbox 923 551 1039 588; x_wconf 85' lang='lat' dir='ltr'>salute</span> <span class='ocrx_word' id='word_1_52' title='bbox 1059 551 1276 588; x_wconf 87' lang='lat' dir='ltr'>communi.</span> <span class='ocrx_word' id='word_1_53' title='bbox 1310 551 1402 588; x_wconf 90' lang='lat' dir='ltr'>Non</span> <span class='ocrx_word' id='word_1_54' title='bbox 1418 551 1599 603; x_wconf 86' lang='lat' dir='ltr'>judicatis</span> <span class='ocrx_word' id='word_1_55' title='bbox 1620 552 1660 589; x_wconf 91' lang='lat' dir='ltr'>in</span> <span class='ocrx_word' id='word_1_56' title='bbox 1689 550 1760 589; x_wconf 89' lang='lat' dir='ltr'>hac</span> <span class='ocrx_word' id='word_1_57' title='bbox 1788 551 1896 590; x_wconf 84' lang='lat' dir='ltr'>causa</span> 
     </span>
     <span class='ocr_line' id='line_1_8' title="bbox 505 616 1892 672; baseline 0.001 -17"><span class='ocrx_word' id='word_1_58' title='bbox 505 618 552 655; x_wconf 91' lang='lat' dir='ltr'>de</span> <span class='ocrx_word' id='word_1_59' title='bbox 573 618 711 656; x_wconf 84' lang='lat' dir='ltr'>exteris</span> <span class='ocrx_word' id='word_1_60' title='bbox 731 617 965 662; x_wconf 86' lang='lat' dir='ltr'>nationibus,</span> <span class='ocrx_word' id='word_1_61' title='bbox 996 630 1075 654; x_wconf 91' lang='lat' dir='ltr'>non</span> <span class='ocrx_word' id='word_1_62' title='bbox 1095 617 1141 654; x_wconf 88' lang='lat' dir='ltr'>de</span> <span class='ocrx_word' id='word_1_63' title='bbox 1161 616 1270 655; x_wconf 89' lang='lat' dir='ltr'>sociis</span> <span class='ocrx_word' id='word_1_64' title='bbox 1288 635 1299 661; x_wconf 78' lang='lat'>3</span> <span class='ocrx_word' id='word_1_65' title='bbox 1332 617 1378 655; x_wconf 91' lang='lat' dir='ltr'>de</span> <span class='ocrx_word' id='word_1_66' title='bbox 1398 618 1521 663; x_wconf 87' lang='lat' dir='ltr'>vobis,</span> <span class='ocrx_word' id='word_1_67' title='bbox 1552 631 1594 656; x_wconf 88' lang='lat' dir='ltr'>ac</span> <span class='ocrx_word' id='word_1_68' title='bbox 1615 618 1731 656; x_wconf 87' lang='lat' dir='ltr'>vestra</span> <span class='ocrx_word' id='word_1_69' title='bbox 1750 618 1892 672; x_wconf 92' lang='lat' dir='ltr'>repub-</span> 
     </span>
     <span class='ocr_line' id='line_1_9' title="bbox 504 684 813 735; baseline -0.003 -14"><span class='ocrx_word' id='word_1_70' title='bbox 504 684 592 728; x_wconf 88' lang='lat' dir='ltr'>lica,</span> <span class='ocrx_word' id='word_1_71' title='bbox 618 684 813 735; x_wconf 85' lang='lat' dir='ltr'>judicatis.</span> 
     </span>
    </p>

    <p class='ocr_par' dir='ltr' id='par_1_3' title="bbox 505 748 1898 2058">
     <span class='ocr_line' id='line_1_10' title="bbox 562 748 1895 803; baseline 0.002 -16"><span class='ocrx_word' id='word_1_72' title='bbox 562 751 650 787; x_wconf 90' lang='lat' dir='ltr'>XL.</span> <span class='ocrx_word' id='word_1_73' title='bbox 685 749 802 800; x_wconf 86' lang='lat' dir='ltr'>Qod</span> <span class='ocrx_word' id='word_1_74' title='bbox 834 749 859 786; x_wconf 91' lang='lat' dir='ltr'>s1</span> <span class='ocrx_word' id='word_1_75' title='bbox 890 748 1178 801; x_wconf 85' lang='lat' dir='ltr'>provinciarum</span> <span class='ocrx_word' id='word_1_76' title='bbox 1209 762 1275 786; x_wconf 85' lang='lat' dir='ltr'>vos</span> <span class='ocrx_word' id='word_1_77' title='bbox 1308 750 1403 787; x_wconf 88' lang='lat' dir='ltr'>ratio</span> <span class='ocrx_word' id='word_1_78' title='bbox 1434 751 1555 802; x_wconf 83' lang='lat' dir='ltr'>magis</span> <span class='ocrx_word' id='word_1_79' title='bbox 1590 759 1744 796; x_wconf 90' lang='lat' dir='ltr'>movet,</span> <span class='ocrx_word' id='word_1_80' title='bbox 1776 763 1895 803; x_wconf 87' lang='lat' dir='ltr'>quam</span> 
     </span>
     <span class='ocr_line' id='line_1_11' title="bbox 505 814 1895 868; baseline 0 -14"><span class='ocrx_word' id='word_1_81' title='bbox 505 816 649 859; x_wconf 83' lang='lat' dir='ltr'>vestra;</span> <span class='ocrx_word' id='word_1_82' title='bbox 682 828 753 866; x_wconf 83' lang='lat' dir='ltr'>ego</span> <span class='ocrx_word' id='word_1_83' title='bbox 779 828 867 853; x_wconf 92' lang='lat' dir='ltr'>vero</span> <span class='ocrx_word' id='word_1_84' title='bbox 893 828 970 852; x_wconf 92' lang='lat' dir='ltr'>non</span> <span class='ocrx_word' id='word_1_85' title='bbox 997 814 1115 852; x_wconf 90' lang='lat' dir='ltr'>modo</span> <span class='ocrx_word' id='word_1_86' title='bbox 1142 828 1218 852; x_wconf 92' lang='lat' dir='ltr'>non</span> <span class='ocrx_word' id='word_1_87' title='bbox 1246 815 1389 859; x_wconf 89' lang='lat' dir='ltr'>recuso,</span> <span class='ocrx_word' id='word_1_88' title='bbox 1421 815 1482 852; x_wconf 91' lang='lat' dir='ltr'>sed</span> <span class='ocrx_word' id='word_1_89' title='bbox 1507 816 1624 854; x_wconf 87' lang='lat' dir='ltr'>etiam</span> <span class='ocrx_word' id='word_1_90' title='bbox 1655 816 1818 868; x_wconf 90' lang='lat' dir='ltr'>postulo,</span> <span class='ocrx_word' id='word_1_91' title='bbox 1850 824 1895 853; x_wconf 92' lang='lat' dir='ltr'>ut</span> 
     </span>
     <span class='ocr_line' id='line_1_12' title="bbox 506 880 1894 933; baseline 0.001 -15"><span class='ocrx_word' id='word_1_92' title='bbox 506 880 791 933; x_wconf 83' lang='lat' dir='ltr'>provinciarum</span> <span class='ocrx_word' id='word_1_93' title='bbox 815 880 1036 918; x_wconf 52' lang='lat' dir='ltr'>auctoritate</span> <span class='ocrx_word' id='word_1_94' title='bbox 1062 880 1310 918; x_wconf 87' lang='lat' dir='ltr'><strong>moveamini.</strong></span> <span class='ocrx_word' id='word_1_95' title='bbox 1343 880 1503 918; x_wconf 85' lang='lat' dir='ltr'><strong>Etenim</strong></span> <span class='ocrx_word' id='word_1_96' title='bbox 1529 894 1770 933; x_wconf 90' lang='lat' dir='ltr'>opponemus</span> <span class='ocrx_word' id='word_1_97' title='bbox 1797 881 1894 919; x_wconf 85' lang='lat' dir='ltr'>Afiae</span> 
     </span>
     <span class='ocr_line' id='line_1_13' title="bbox 507 946 1897 1000; baseline -0.001 -15"><span class='ocrx_word' id='word_1_98' title='bbox 507 947 712 999; x_wconf 79' lang='lat' dir='ltr'>provinciae</span> <span class='ocrx_word' id='word_1_99' title='bbox 733 947 905 999; x_wconf 90' lang='lat' dir='ltr'>primum</span> <span class='ocrx_word' id='word_1_100' title='bbox 926 960 1105 999; x_wconf 84' lang='lat' dir='ltr'>magnam</span> <span class='ocrx_word' id='word_1_101' title='bbox 1127 955 1273 998; x_wconf 89' lang='lat' dir='ltr'>partem</span> <span class='ocrx_word' id='word_1_102' title='bbox 1294 946 1461 998; x_wconf 86' lang='lat' dir='ltr'>ejusdem</span> <span class='ocrx_word' id='word_1_103' title='bbox 1481 947 1701 998; x_wconf 66' lang='lat' dir='ltr'>provinciae,</span> <span class='ocrx_word' id='word_1_104' title='bbox 1723 961 1808 1000; x_wconf 87' lang='lat' dir='ltr'>quae</span> <span class='ocrx_word' id='word_1_105' title='bbox 1828 960 1897 999; x_wconf 87' lang='lat' dir='ltr'>pro</span> 
     </span>
     <span class='ocr_line' id='line_1_14' title="bbox 506 1012 1896 1065; baseline -0.001 -15"><span class='ocrx_word' id='word_1_106' title='bbox 506 1013 622 1064; x_wconf 84' lang='lat' dir='ltr'>hujus</span> <span class='ocrx_word' id='word_1_107' title='bbox 644 1013 823 1065; x_wconf 83' lang='lat' dir='ltr'>periculis</span> <span class='ocrx_word' id='word_1_108' title='bbox 850 1013 991 1065; x_wconf 88' lang='lat' dir='ltr'>legatos</span> <span class='ocrx_word' id='word_1_109' title='bbox 1019 1012 1304 1064; x_wconf 84' lang='lat' dir='ltr'>laudatoresque</span> <span class='ocrx_word' id='word_1_110' title='bbox 1331 1013 1460 1057; x_wconf 83' lang='lat' dir='ltr'>mifit3</span> <span class='ocrx_word' id='word_1_111' title='bbox 1493 1013 1631 1050; x_wconf 90' lang='lat' dir='ltr'>deinde</span> <span class='ocrx_word' id='word_1_112' title='bbox 1657 1013 1896 1065; x_wconf 90' lang='lat' dir='ltr'>provinciam</span> 
     </span>
     <span class='ocr_line' id='line_1_15' title="bbox 506 1078 1895 1132; baseline -0.001 -16"><span class='ocrx_word' id='word_1_113' title='bbox 506 1079 693 1123; x_wconf 76' lang='lat' dir='ltr'>Galliam,</span> <span class='ocrx_word' id='word_1_114' title='bbox 726 1078 964 1131; x_wconf 89' lang='lat' dir='ltr'>provinciam</span> <span class='ocrx_word' id='word_1_115' title='bbox 987 1078 1184 1122; x_wconf 86' lang='lat' dir='ltr'>Ciliciam,</span> <span class='ocrx_word' id='word_1_116' title='bbox 1215 1078 1452 1130; x_wconf 85' lang='lat' dir='ltr'>provinciam</span> <span class='ocrx_word' id='word_1_117' title='bbox 1474 1079 1717 1131; x_wconf 86' lang='lat' dir='ltr'>Hispaniam,</span> <span class='ocrx_word' id='word_1_118' title='bbox 1730 1078 1895 1132; x_wconf 72' lang='lat' dir='ltr'>,provin-</span> 
     </span>
     <span class='ocr_line' id='line_1_16' title="bbox 509 1142 1895 1196; baseline 0 -14"><span class='ocrx_word' id='word_1_119' title='bbox 509 1145 610 1182; x_wconf 83' lang='lat' dir='ltr'>ciam</span> <span class='ocrx_word' id='word_1_120' title='bbox 642 1146 814 1183; x_wconf 84' lang='lat' dir='ltr'>Cretam.</span> <span class='ocrx_word' id='word_1_121' title='bbox 847 1144 993 1182; x_wconf 85' lang='lat' dir='ltr'>Graecis</span> <span class='ocrx_word' id='word_1_122' title='bbox 1022 1153 1164 1188; x_wconf 87' lang='lat' dir='ltr'>autem,</span> <span class='ocrx_word' id='word_1_123' title='bbox 1196 1143 1330 1194; x_wconf 91' lang='lat' dir='ltr'>Lydis,</span> <span class='ocrx_word' id='word_1_124' title='bbox 1361 1153 1399 1181; x_wconf 88' lang='lat' dir='ltr'>et</span> <span class='ocrx_word' id='word_1_125' title='bbox 1428 1142 1660 1196; x_wconf 81' lang='lat' dir='ltr'>Phrygibus,</span> <span class='ocrx_word' id='word_1_126' title='bbox 1691 1154 1729 1182; x_wconf 92' lang='lat' dir='ltr'>et</span> <span class='ocrx_word' id='word_1_127' title='bbox 1757 1143 1895 1196; x_wconf 89' lang='lat' dir='ltr'>Myfis,</span> 
     </span>
     <span class='ocr_line' id='line_1_17' title="bbox 508 1208 1895 1255; baseline -0.001 -6"><span class='ocrx_word' id='word_1_128' title='bbox 508 1211 685 1249; x_wconf 69' lang='lat' dir='ltr'>obsistent</span> <span class='ocrx_word' id='word_1_129' title='bbox 724 1210 999 1254; x_wconf 82' lang='lat' dir='ltr'>Maffilienses,</span> <span class='ocrx_word' id='word_1_130' title='bbox 1039 1208 1213 1254; x_wconf 89' lang='lat' dir='ltr'>Rhodii,</span> <span class='ocrx_word' id='word_1_131' title='bbox 1259 1210 1567 1254; x_wconf 66' lang='lat' dir='ltr'>Lacedaemonii,</span> <span class='ocrx_word' id='word_1_132' title='bbox 1614 1209 1895 1255; x_wconf 82' lang='lat' dir='ltr'>Athenienses,</span> 
     </span>
     <span class='ocr_line' id='line_1_18' title="bbox 508 1275 1895 1329; baseline -0.001 -14"><span class='ocrx_word' id='word_1_133' title='bbox 508 1280 645 1315; x_wconf 63' lang='lat' dir='ltr'>cuneta</span> <span class='ocrx_word' id='word_1_134' title='bbox 666 1275 826 1321; x_wconf 81' lang='lat' dir='ltr'>Achaia,</span> <span class='ocrx_word' id='word_1_135' title='bbox 858 1275 1064 1321; x_wconf 75' lang='lat' dir='ltr'>Thessalia,</span> <span class='ocrx_word' id='word_1_136' title='bbox 1096 1277 1258 1314; x_wconf 83' lang='lat' dir='ltr'>Boeotia.</span> <span class='ocrx_word' id='word_1_137' title='bbox 1290 1277 1476 1328; x_wconf 87' lang='lat' dir='ltr'>Septimio</span> <span class='ocrx_word' id='word_1_138' title='bbox 1494 1286 1531 1314; x_wconf 92' lang='lat' dir='ltr'>et</span> <span class='ocrx_word' id='word_1_139' title='bbox 1556 1277 1691 1329; x_wconf 85' lang='lat' dir='ltr'>Caelio,</span> <span class='ocrx_word' id='word_1_140' title='bbox 1722 1277 1895 1321; x_wconf 89' lang='lat' dir='ltr'>testibus,</span> 
     </span>
     <span class='ocr_line' id='line_1_19' title="bbox 510 1340 1896 1395; baseline 0 -15"><span class='ocrx_word' id='word_1_141' title='bbox 510 1344 551 1381; x_wconf 89' lang='lat' dir='ltr'>P.</span> <span class='ocrx_word' id='word_1_142' title='bbox 578 1343 755 1381; x_wconf 85' lang='lat' dir='ltr'>Servilius</span> <span class='ocrx_word' id='word_1_143' title='bbox 777 1352 814 1380; x_wconf 91' lang='lat' dir='ltr'>et</span> <span class='ocrx_word' id='word_1_144' title='bbox 834 1344 884 1380; x_wconf 92' lang='lat' dir='ltr'>A.</span> <span class='ocrx_word' id='word_1_145' title='bbox 908 1342 1109 1386; x_wconf 84' lang='lat' dir='ltr'>Metellus,</span> <span class='ocrx_word' id='word_1_146' title='bbox 1131 1340 1246 1393; x_wconf 86' lang='lat' dir='ltr'>hujus</span> <span class='ocrx_word' id='word_1_147' title='bbox 1270 1343 1425 1394; x_wconf 88' lang='lat' dir='ltr'>pudoris</span> <span class='ocrx_word' id='word_1_148' title='bbox 1446 1342 1751 1395; x_wconf 85' lang='lat' dir='ltr'>integritatisque</span> <span class='ocrx_word' id='word_1_149' title='bbox 1772 1342 1896 1387; x_wconf 89' lang='lat' dir='ltr'>testes,</span> 
     </span>
     <span class='ocr_line' id='line_1_20' title="bbox 509 1408 1896 1461; baseline 0 -15"><span class='ocrx_word' id='word_1_150' title='bbox 509 1409 792 1461; x_wconf 83' lang='lat' dir='ltr'>repugnabunt.</span> <span class='ocrx_word' id='word_1_151' title='bbox 823 1408 1268 1460; x_wconf 57' lang='lat' dir='ltr'>Afiaticaejurisdiffi&#39;tioni</span> <span class='ocrx_word' id='word_1_152' title='bbox 1294 1408 1432 1445; x_wconf 83' lang='lat' dir='ltr'>urbana</span> <span class='ocrx_word' id='word_1_153' title='bbox 1451 1409 1666 1460; x_wconf 68' lang='lat' dir='ltr'>jurisdid‘tio</span> <span class='ocrx_word' id='word_1_154' title='bbox 1693 1408 1896 1461; x_wconf 89' lang='lat' dir='ltr'>responde-</span> 
     </span>
     <span class='ocr_line' id='line_1_21' title="bbox 509 1475 1898 1528; baseline 0 -15"><span class='ocrx_word' id='word_1_155' title='bbox 509 1476 593 1514; x_wconf 87' lang='lat' dir='ltr'>bit:</span> <span class='ocrx_word' id='word_1_156' title='bbox 626 1477 741 1514; x_wconf 88' lang='lat' dir='ltr'>annui</span> <span class='ocrx_word' id='word_1_157' title='bbox 770 1476 953 1528; x_wconf 86' lang='lat' dir='ltr'>temporis</span> <span class='ocrx_word' id='word_1_158' title='bbox 981 1475 1295 1513; x_wconf 84' lang='lat' dir='ltr'>criminationem</span> <span class='ocrx_word' id='word_1_159' title='bbox 1324 1475 1451 1512; x_wconf 87' lang='lat' dir='ltr'>omnis</span> <span class='ocrx_word' id='word_1_160' title='bbox 1482 1485 1568 1513; x_wconf 85' lang='lat' dir='ltr'>aetas</span> <span class='ocrx_word' id='word_1_161' title='bbox 1600 1477 1649 1514; x_wconf 92' lang='lat' dir='ltr'>L.</span> <span class='ocrx_word' id='word_1_162' title='bbox 1673 1476 1828 1520; x_wconf 90' lang='lat' dir='ltr'>Flacci,</span> <span class='ocrx_word' id='word_1_163' title='bbox 1857 1484 1898 1517; x_wconf 86' lang='lat' dir='ltr'>et</span> 
     </span>
     <span class='ocr_line' id='line_1_22' title="bbox 509 1541 1896 1596; baseline 0 -16"><span class='ocrx_word' id='word_1_164' title='bbox 509 1552 688 1596; x_wconf 86' lang='lat' dir='ltr'>perpetua</span> <span class='ocrx_word' id='word_1_165' title='bbox 707 1543 798 1587; x_wconf 84' lang='lat' dir='ltr'>vita,</span> <span class='ocrx_word' id='word_1_166' title='bbox 829 1541 1018 1580; x_wconf 87' lang='lat' dir='ltr'>defendet.</span> <span class='ocrx_word' id='word_1_167' title='bbox 1051 1542 1117 1586; x_wconf 86' lang='lat' dir='ltr'>Et,</span> <span class='ocrx_word' id='word_1_168' title='bbox 1148 1541 1175 1579; x_wconf 90' lang='lat' dir='ltr'>fi</span> <span class='ocrx_word' id='word_1_169' title='bbox 1195 1541 1361 1594; x_wconf 78' lang='lat' dir='ltr'>prodesse</span> <span class='ocrx_word' id='word_1_170' title='bbox 1381 1543 1428 1580; x_wconf 94' lang='lat' dir='ltr'>L.</span> <span class='ocrx_word' id='word_1_171' title='bbox 1452 1542 1606 1587; x_wconf 84' lang='lat' dir='ltr'>Flacco,</span> <span class='ocrx_word' id='word_1_172' title='bbox 1628 1542 1798 1593; x_wconf 86' lang='lat' dir='ltr'>Judices,</span> <span class='ocrx_word' id='word_1_173' title='bbox 1829 1541 1896 1580; x_wconf 91' lang='lat' dir='ltr'>de-</span> 
     </span>
     <span class='ocr_line' id='line_1_23' title="bbox 510 1607 1897 1661; baseline 0 -15"><span class='ocrx_word' id='word_1_174' title='bbox 510 1609 588 1653; x_wconf 86' lang='lat' dir='ltr'>bet,</span> <span class='ocrx_word' id='word_1_175' title='bbox 620 1609 723 1661; x_wconf 89' lang='lat' dir='ltr'>quod</span> <span class='ocrx_word' id='word_1_176' title='bbox 751 1608 785 1646; x_wconf 86' lang='lat' dir='ltr'>se</span> <span class='ocrx_word' id='word_1_177' title='bbox 815 1609 1017 1647; x_wconf 87' lang='lat' dir='ltr'>tribunum</span> <span class='ocrx_word' id='word_1_178' title='bbox 1044 1607 1233 1653; x_wconf 88' lang='lat' dir='ltr'>militum,</span> <span class='ocrx_word' id='word_1_179' title='bbox 1265 1608 1369 1660; x_wconf 91' lang='lat' dir='ltr'>quod</span> <span class='ocrx_word' id='word_1_180' title='bbox 1395 1608 1634 1660; x_wconf 85' lang='lat' dir='ltr'>quaestorem,</span> <span class='ocrx_word' id='word_1_181' title='bbox 1667 1607 1772 1661; x_wconf 90' lang='lat' dir='ltr'>quod</span> <span class='ocrx_word' id='word_1_182' title='bbox 1791 1607 1897 1660; x_wconf 89' lang='lat' dir='ltr'>lega-</span> 
     </span>
     <span class='ocr_line' id='line_1_24' title="bbox 508 1674 1896 1728; baseline -0.001 -15"><span class='ocrx_word' id='word_1_183' title='bbox 508 1685 609 1721; x_wconf 89' lang='lat' dir='ltr'>tum,</span> <span class='ocrx_word' id='word_1_184' title='bbox 641 1676 933 1728; x_wconf 76' lang='lat' dir='ltr'>imperatoribus</span> <span class='ocrx_word' id='word_1_185' title='bbox 954 1674 1180 1720; x_wconf 85' lang='lat' dir='ltr'>clariffimis‚</span> <span class='ocrx_word' id='word_1_186' title='bbox 1205 1675 1436 1713; x_wconf 83' lang='lat' dir='ltr'>exercitibus</span> <span class='ocrx_word' id='word_1_187' title='bbox 1456 1675 1713 1720; x_wconf 84' lang='lat' dir='ltr'>ornatiffimis,</span> <span class='ocrx_word' id='word_1_188' title='bbox 1736 1675 1896 1727; x_wconf 91' lang='lat' dir='ltr'>provin-</span> 
     </span>
     <span class='ocr_line' id='line_1_25' title="bbox 511 1739 1898 1795; baseline -0.002 -15"><span class='ocrx_word' id='word_1_189' title='bbox 511 1743 579 1780; x_wconf 88' lang='lat' dir='ltr'>ciis</span> <span class='ocrx_word' id='word_1_190' title='bbox 600 1742 837 1795; x_wconf 82' lang='lat' dir='ltr'>graviffimis,</span> <span class='ocrx_word' id='word_1_191' title='bbox 869 1742 1033 1794; x_wconf 83' lang='lat' dir='ltr'>dignum</span> <span class='ocrx_word' id='word_1_192' title='bbox 1060 1740 1134 1778; x_wconf 89' lang='lat' dir='ltr'>suis</span> <span class='ocrx_word' id='word_1_193' title='bbox 1162 1740 1371 1791; x_wconf 86' lang='lat' dir='ltr'>majoribus</span> <span class='ocrx_word' id='word_1_194' title='bbox 1402 1741 1601 1792; x_wconf 81' lang='lat' dir='ltr'>praestitit;</span> <span class='ocrx_word' id='word_1_195' title='bbox 1633 1741 1762 1792; x_wconf 79' lang='lat' dir='ltr'>prosit,</span> <span class='ocrx_word' id='word_1_196' title='bbox 1793 1739 1898 1792; x_wconf 91' lang='lat' dir='ltr'>quod</span> 
     </span>
     <span class='ocr_line' id='line_1_26' title="bbox 509 1805 1896 1858; baseline -0.002 -12"><span class='ocrx_word' id='word_1_197' title='bbox 509 1807 590 1852; x_wconf 86' lang='lat' dir='ltr'>hic,</span> <span class='ocrx_word' id='word_1_198' title='bbox 621 1809 729 1846; x_wconf 89' lang='lat' dir='ltr'>vobis</span> <span class='ocrx_word' id='word_1_199' title='bbox 761 1808 995 1851; x_wconf 88' lang='lat' dir='ltr'>videntibus,</span> <span class='ocrx_word' id='word_1_200' title='bbox 1026 1807 1067 1844; x_wconf 91' lang='lat' dir='ltr'>in</span> <span class='ocrx_word' id='word_1_201' title='bbox 1095 1806 1274 1858; x_wconf 89' lang='lat' dir='ltr'>periculis</span> <span class='ocrx_word' id='word_1_202' title='bbox 1302 1805 1579 1843; x_wconf 85' lang='lat' dir='ltr'>communibus</span> <span class='ocrx_word' id='word_1_203' title='bbox 1609 1806 1787 1843; x_wconf 88' lang='lat' dir='ltr'>omnium</span> <span class='ocrx_word' id='word_1_204' title='bbox 1815 1805 1896 1844; x_wconf 90' lang='lat' dir='ltr'>ves-</span> 
     </span>
     <span class='ocr_line' id='line_1_27' title="bbox 511 1863 1898 1925; baseline -0.001 -14"><span class='ocrx_word' id='word_1_205' title='bbox 511 1863 622 1911; x_wconf 29' lang='lat' dir='ltr'>trum*</span> <span class='ocrx_word' id='word_1_206' title='bbox 638 1874 699 1911; x_wconf 84' lang='lat' dir='ltr'>sua</span> <span class='ocrx_word' id='word_1_207' title='bbox 720 1873 886 1925; x_wconf 89' lang='lat' dir='ltr'>pericula</span> <span class='ocrx_word' id='word_1_208' title='bbox 905 1886 997 1911; x_wconf 91' lang='lat' dir='ltr'>cum</span> <span class='ocrx_word' id='word_1_209' title='bbox 1018 1872 1114 1909; x_wconf 86' lang='lat' dir='ltr'>meis</span> <span class='ocrx_word' id='word_1_210' title='bbox 1133 1871 1337 1924; x_wconf 81' lang='lat' dir='ltr'>conjunxit</span> <span class='ocrx_word' id='word_1_211' title='bbox 1354 1886 1362 1908; x_wconf 74' lang='grc' dir='ltr'>ε</span> <span class='ocrx_word' id='word_1_212' title='bbox 1386 1871 1528 1923; x_wconf 84' lang='lat' dir='ltr'>profint</span> <span class='ocrx_word' id='word_1_213' title='bbox 1548 1870 1898 1910; x_wconf 88' lang='lat' dir='ltr'>honestiffimorum</span> 
     </span>
     <span class='ocr_line' id='line_1_28' title="bbox 510 1938 1897 1992; baseline -0.001 -14"><span class='ocrx_word' id='word_1_214' title='bbox 510 1940 818 1992; x_wconf 83' lang='lat' dir='ltr'>municipiorum</span> <span class='ocrx_word' id='word_1_215' title='bbox 839 1939 1157 1990; x_wconf 87' lang='lat' dir='ltr'>coloniarumque</span> <span class='ocrx_word' id='word_1_216' title='bbox 1176 1938 1410 1976; x_wconf 83' lang='lat' dir='ltr'>laudationes</span> <span class='ocrx_word' id='word_1_217' title='bbox 1431 1953 1438 1975; x_wconf 95' lang='lat'><strong>:</strong></span> <span class='ocrx_word' id='word_1_218' title='bbox 1471 1938 1586 1990; x_wconf 88' lang='lat' dir='ltr'>profit</span> <span class='ocrx_word' id='word_1_219' title='bbox 1606 1939 1722 1976; x_wconf 87' lang='lat' dir='ltr'>etiam</span> <span class='ocrx_word' id='word_1_220' title='bbox 1751 1938 1897 1976; x_wconf 79' lang='lat' dir='ltr'>senatus</span> 
     </span>
     <span class='ocr_line' id='line_1_29' title="bbox 509 2004 1469 2058; baseline -0.003 -14"><span class='ocrx_word' id='word_1_221' title='bbox 509 2006 723 2058; x_wconf 89' lang='lat' dir='ltr'>populique</span> <span class='ocrx_word' id='word_1_222' title='bbox 745 2006 912 2044; x_wconf 88' lang='lat' dir='ltr'>Romani</span> <span class='ocrx_word' id='word_1_223' title='bbox 934 2005 1109 2058; x_wconf 76' lang='lat' dir='ltr'>praeclara</span> <span class='ocrx_word' id='word_1_224' title='bbox 1127 2013 1165 2042; x_wconf 91' lang='lat' dir='ltr'>et</span> <span class='ocrx_word' id='word_1_225' title='bbox 1185 2017 1270 2042; x_wconf 85' lang='lat' dir='ltr'>vera</span> <span class='ocrx_word' id='word_1_226' title='bbox 1290 2004 1469 2041; x_wconf 85' lang='lat' dir='ltr'>laudatio.</span> 
     </span>
    </p>

    <p class='ocr_par' dir='ltr' id='par_1_4' title="bbox 510 2070 1949 2457">
     <span class='ocr_line' id='line_1_30' title="bbox 567 2070 1949 2125; baseline -0.001 -15"><span class='ocrx_word' id='word_1_227' title='bbox 567 2074 604 2110; x_wconf 92' lang='lat' dir='ltr'>O</span> <span class='ocrx_word' id='word_1_228' title='bbox 626 2086 703 2110; x_wconf 85' lang='lat' dir='ltr'>nox</span> <span class='ocrx_word' id='word_1_229' title='bbox 735 2072 812 2117; x_wconf 86' lang='lat' dir='ltr'>illa,</span> <span class='ocrx_word' id='word_1_230' title='bbox 844 2087 928 2124; x_wconf 69' lang='lat' dir='ltr'>qua²</span> <span class='ocrx_word' id='word_1_231' title='bbox 955 2085 1051 2125; x_wconf 89' lang='lat' dir='ltr'>pene</span> <span class='ocrx_word' id='word_1_232' title='bbox 1079 2081 1231 2109; x_wconf 84' lang='lat' dir='ltr'>aeternas</span> <span class='ocrx_word' id='word_1_233' title='bbox 1264 2070 1356 2108; x_wconf 89' lang='lat' dir='ltr'>huic</span> <span class='ocrx_word' id='word_1_234' title='bbox 1388 2071 1474 2108; x_wconf 89' lang='lat' dir='ltr'>urbi</span> <span class='ocrx_word' id='word_1_235' title='bbox 1506 2072 1679 2109; x_wconf 84' lang='lat' dir='ltr'>tenebras</span> <span class='ocrx_word' id='word_1_236' title='bbox 1708 2071 1894 2109; x_wconf 88' lang='lat' dir='ltr'>attulisti!</span> <span class='ocrx_word' id='word_1_237' title='bbox 1945 2099 1949 2102; x_wconf 35' lang='lat' dir='ltr'>v</span> 
     </span>
     <span class='ocr_line' id='line_1_31' title="bbox 511 2137 1899 2190; baseline -0.001 -13"><span class='ocrx_word' id='word_1_238' title='bbox 511 2153 602 2178; x_wconf 89' lang='lat' dir='ltr'>cum</span> <span class='ocrx_word' id='word_1_239' title='bbox 633 2139 739 2177; x_wconf 86' lang='lat' dir='ltr'>Galli</span> <span class='ocrx_word' id='word_1_240' title='bbox 765 2139 810 2177; x_wconf 86' lang='lat' dir='ltr'>ad</span> <span class='ocrx_word' id='word_1_241' title='bbox 839 2139 1001 2184; x_wconf 85' lang='lat' dir='ltr'>bellum,</span> <span class='ocrx_word' id='word_1_242' title='bbox 1033 2138 1201 2176; x_wconf 86' lang='lat' dir='ltr'>Catilina</span> <span class='ocrx_word' id='word_1_243' title='bbox 1226 2138 1271 2176; x_wconf 84' lang='lat' dir='ltr'>ad</span> <span class='ocrx_word' id='word_1_244' title='bbox 1299 2138 1449 2183; x_wconf 85' lang='lat' dir='ltr'>urbem,</span> <span class='ocrx_word' id='word_1_245' title='bbox 1481 2138 1668 2190; x_wconf 84' lang='lat' dir='ltr'>conjurati</span> <span class='ocrx_word' id='word_1_246' title='bbox 1688 2138 1733 2176; x_wconf 83' lang='lat' dir='ltr'>ad</span> <span class='ocrx_word' id='word_1_247' title='bbox 1754 2137 1899 2176; x_wconf 87' lang='lat' dir='ltr'>ferrum</span> 
     </span>
     <span class='ocr_line' id='line_1_32' title="bbox 511 2204 1898 2257; baseline -0.001 -13"><span class='ocrx_word' id='word_1_248' title='bbox 511 2216 550 2244; x_wconf 85' lang='lat' dir='ltr'>et</span> <span class='ocrx_word' id='word_1_249' title='bbox 571 2205 782 2250; x_wconf 86' lang='lat' dir='ltr'>flammam,</span> <span class='ocrx_word' id='word_1_250' title='bbox 814 2206 1074 2249; x_wconf 80' lang='lat' dir='ltr'>vocabantur3</span> <span class='ocrx_word' id='word_1_251' title='bbox 1106 2218 1197 2243; x_wconf 93' lang='lat' dir='ltr'>cum</span> <span class='ocrx_word' id='word_1_252' title='bbox 1218 2218 1290 2257; x_wconf 87' lang='lat' dir='ltr'>ego</span> <span class='ocrx_word' id='word_1_253' title='bbox 1310 2214 1360 2249; x_wconf 88' lang='lat' dir='ltr'>te,</span> <span class='ocrx_word' id='word_1_254' title='bbox 1392 2204 1541 2248; x_wconf 83' lang='lat' dir='ltr'>Flacce,</span> <span class='ocrx_word' id='word_1_255' title='bbox 1564 2205 1702 2242; x_wconf 74' lang='lat' dir='ltr'>caelum</span> <span class='ocrx_word' id='word_1_256' title='bbox 1723 2207 1898 2242; x_wconf 70' lang='lat' dir='ltr'>noctem-</span> 
     </span>
     <span class='ocr_line' id='line_1_33' title="bbox 510 2270 1898 2324; baseline -0.001 -14"><span class='ocrx_word' id='word_1_257' title='bbox 510 2286 587 2323; x_wconf 87' lang='lat' dir='ltr'>que</span> <span class='ocrx_word' id='word_1_258' title='bbox 607 2272 832 2316; x_wconf 72' lang='lat' dir='ltr'>contestans,</span> <span class='ocrx_word' id='word_1_259' title='bbox 864 2271 956 2310; x_wconf 81' lang='lat' dir='ltr'>fiens</span> <span class='ocrx_word' id='word_1_260' title='bbox 978 2271 1134 2309; x_wconf 86' lang='lat' dir='ltr'>flentem</span> <span class='ocrx_word' id='word_1_261' title='bbox 1155 2271 1394 2315; x_wconf 84' lang='lat' dir='ltr'>obtestabar;</span> <span class='ocrx_word' id='word_1_262' title='bbox 1426 2284 1517 2308; x_wconf 90' lang='lat' dir='ltr'>cum</span> <span class='ocrx_word' id='word_1_263' title='bbox 1539 2280 1612 2309; x_wconf 85' lang='lat' dir='ltr'>tuae</span> <span class='ocrx_word' id='word_1_264' title='bbox 1633 2270 1720 2308; x_wconf 90' lang='lat' dir='ltr'>fidei</span> <span class='ocrx_word' id='word_1_265' title='bbox 1742 2271 1898 2324; x_wconf 87' lang='lat' dir='ltr'>optimae</span> 
     </span>
     <span class='ocr_line' id='line_1_34' title="bbox 511 2337 1897 2390; baseline -0.001 -14"><span class='ocrx_word' id='word_1_266' title='bbox 511 2349 550 2376; x_wconf 84' lang='lat' dir='ltr'>et</span> <span class='ocrx_word' id='word_1_267' title='bbox 581 2338 852 2390; x_wconf 66' lang='lat' dir='ltr'>spectatiffimae</span> <span class='ocrx_word' id='word_1_268' title='bbox 883 2338 1042 2376; x_wconf 84' lang='lat' dir='ltr'>salutem</span> <span class='ocrx_word' id='word_1_269' title='bbox 1074 2337 1178 2375; x_wconf 89' lang='lat' dir='ltr'>urbis</span> <span class='ocrx_word' id='word_1_270' title='bbox 1210 2346 1247 2375; x_wconf 94' lang='lat' dir='ltr'>et</span> <span class='ocrx_word' id='word_1_271' title='bbox 1273 2337 1419 2375; x_wconf 85' lang='lat' dir='ltr'>civium</span> <span class='ocrx_word' id='word_1_272' title='bbox 1450 2337 1785 2375; x_wconf 86' lang='lat' dir='ltr'>commendabam.</span> <span class='ocrx_word' id='word_1_273' title='bbox 1817 2337 1897 2380; x_wconf 92' lang='lat' dir='ltr'>Tu,</span> 
     </span>
     <span class='ocr_line' id='line_1_35' title="bbox 515 2402 1899 2457; baseline -0.003 -15"><span class='ocrx_word' id='word_1_274' title='bbox 515 2416 626 2449; x_wconf 74' lang='lat' dir='ltr'>tum,</span> <span class='ocrx_word' id='word_1_275' title='bbox 663 2404 824 2449; x_wconf 87' lang='lat' dir='ltr'>Flacce,</span> <span class='ocrx_word' id='word_1_276' title='bbox 859 2413 1021 2457; x_wconf 68' lang='lat' dir='ltr'>praetor,</span> <span class='ocrx_word' id='word_1_277' title='bbox 1060 2403 1279 2443; x_wconf 85' lang='lat' dir='ltr'>communis</span> <span class='ocrx_word' id='word_1_278' title='bbox 1318 2403 1425 2442; x_wconf 81' lang='lat' dir='ltr'>exitii</span> <span class='ocrx_word' id='word_1_279' title='bbox 1463 2404 1619 2442; x_wconf 86' lang='lat' dir='ltr'>nuntios</span> <span class='ocrx_word' id='word_1_280' title='bbox 1656 2402 1817 2456; x_wconf 73' lang='lat' dir='ltr'>cepisti,</span> <span class='ocrx_word' id='word_1_281' title='bbox 1856 2410 1899 2438; x_wconf 91' lang='lat' dir='ltr'>tu</span> 
     </span>
    </p>
   </div>
  </div>
 </body>
</html>
