2212 2835
462 160 536 215 343
905 155 1439 196 ORATIOII.

458 257 685 297 memoriam
722 255 938 308 temporis?
974 266 1052 307 quo
1088 253 1150 291 die
1185 266 1252 291 nos
1287 252 1458 291 comitiis
1494 252 1732 298 centuriatis,
1767 268 1853 306 quae

459 326 629 363 maxime
650 324 811 375 majores
831 321 990 360 comitia
1003 320 1104 374 justa
1123 320 1200 358 dici
1220 319 1429 372 haberique
1453 319 1672 366 voluerunt,
1703 320 1852 359 arceffi-

458 390 513 427 vit
534 390 574 426 in
594 390 754 441 patriam
772 406 784 433 3
817 397 860 425 ut
882 386 1024 425 eaedem
1044 386 1240 431 centuriae‚
1263 399 1348 438 quae
1369 398 1432 423 me
1452 385 1651 424 consulem
1670 384 1853 430 fecerant,

459 455 701 494 consulatum
722 467 857 492 meum
878 452 1190 506 comprobarent.

515 523 608 574 Qo
628 521 689 559 die
710 520 797 573 quis
818 519 912 557 civis
931 518 1031 563 fuit,
1064 518 1133 571 qui
1152 517 1207 556 fas
1229 517 1300 556 effe
1320 526 1491 570 putaret,
1523 531 1772 571 quacumque
1791 526 1857 556 aut

460 597 566 627 aetate
586 596 651 625 aut
671 586 886 625 valetudine
908 585 1010 630 effer,
1028 598 1106 623 non
1127 584 1161 622 se
1182 585 1227 622 de
1248 584 1364 622 salute
1386 597 1470 622 mea
1490 583 1716 623 sententiam
1732 583 1853 622 ferre?

460 654 613 707 quando
635 662 778 691 tantam
798 651 1056 703 frequentiam
1077 651 1117 688 in
1137 664 1290 703 campo,
1309 659 1461 688 tanturn
1478 650 1719 703 splendorem
1739 649 1860 689 Italiae

461 721 579 759 totius
598 749 608 764 ,
640 719 903 768 ordinumque
924 717 1103 754 omnium
1122 735 1133 761 ς
1166 716 1321 768 quando
1341 716 1407 754 illa
1427 717 1615 768 dignitate
1634 726 1825 770 rogatores
1844 745 1856 761 ‚

461 786 693 829 diribitores,
725 782 987 834 custodesque,
1019 781 1196 819 vidistis?
1228 782 1379 834 Itaque,
1410 782 1453 819 P.
1477 783 1637 821 Lentuli
1668 782 1860 821 beneficio

461 851 667 891 excellenti
698 858 813 901 atque
845 848 991 893 divino,
1026 860 1105 885 non
1136 846 1282 884 reducti
1314 846 1446 884 sumus
1478 847 1517 885 in
1549 849 1728 900 patriam,
1762 848 1858 887 ficut

461 916 642 957 nonnulli
663 914 858 954 clariffimi
879 914 1002 959 cives,
1033 912 1096 951 fed
1116 913 1224 965 equis
1245 912 1480 966 insignibus,
1512 922 1550 951 et
1570 926 1685 952 curru
1705 922 1859 959 aurato,

462 983 658 1038 reportati.

517 1049 676 1089 Poffum
701 1062 772 1101 ego
803 1048 886 1087 satis
918 1047 960 1086 in
993 1047 1066 1085 Cn.
1093 1046 1329 1100 Pompeium
1360 1059 1534 1099 unquam
1567 1055 1695 1100 gratus
1725 1046 1859 1092 videri,

462 1117 531 1170 qui
552 1130 631 1156 non
651 1115 775 1154 solum
795 1115 897 1168 apud
917 1127 998 1159 vos,
1029 1113 1098 1166 qui
1119 1127 1252 1152 omnes
1274 1113 1379 1151 idem
1398 1112 1631 1158 sentiebatis,
1662 1113 1724 1152 sed
1744 1114 1861 1152 etiam

462 1184 563 1238 apud
584 1181 804 1222 universum
824 1181 1018 1235 populum
1034 1181 1275 1226 Romanum,
1294 1180 1455 1218 salutem
1472 1180 1693 1234 reipublicae
1709 1189 1747 1219 et
1763 1194 1860 1219 con-

464 1252 645 1290 servatam
672 1263 740 1303 per
766 1262 829 1287 me
847 1278 857 1293 ,
889 1258 926 1286 et
954 1249 1202 1300 conjundtam
1229 1246 1300 1285 effe
1325 1260 1418 1286 cum
1445 1261 1530 1286 mea
1546 1277 1557 1292 ,
1588 1247 1760 1286 dixerit?
1792 1247 1862 1300 qui

464 1318 614 1356 causam
636 1329 763 1355 meam
791 1314 1043 1368 prudentibus
1071 1314 1353 1352 commendarit
1371 1342 1382 1358 ,
1413 1314 1614 1366 imperitos
1635 1314 1859 1358 edocuerit,

464 1385 679 1437 eodemque
703 1392 875 1434 tempore
902 1380 1102 1433 improbos
1129 1380 1349 1418 auctoritate
1375 1379 1439 1418 sua
1465 1379 1756 1433 compresserit?
1788 1380 1861 1419 bo-

465 1465 533 1491 nos
564 1449 772 1489 excitarit?
804 1448 872 1500 qui
899 1446 1090 1499 populum
1118 1447 1346 1485 Romanum
1371 1460 1441 1499 pro
1469 1459 1546 1491 me,
1577 1456 1763 1499 tanquam
1791 1460 1863 1499 pro

464 1518 592 1562 fratre,
623 1525 688 1554 aut
718 1529 788 1568 pro
818 1522 985 1567 parente,
1016 1526 1095 1551 non
1127 1512 1253 1551 solum
1283 1511 1457 1551 hortatus
1488 1513 1546 1558 fit,
1578 1526 1713 1552 verum
1744 1513 1862 1552 etiam

464 1582 697 1624 obsecrarit?
729 1581 798 1634 qui
824 1579 901 1634 ipse
917 1609 928 1625 ,
960 1593 1053 1618 cum
1080 1588 1236 1632 propter
1262 1588 1414 1618 metum
1439 1579 1700 1618 dimicationis
1720 1588 1759 1618 et
1778 1579 1863 1618 san-

465 1651 593 1705 guinis
614 1650 732 1689 domo
753 1647 787 1686 se
808 1655 981 1692 teneret,
1011 1647 1129 1685 etiam
1150 1659 1170 1684 a
1200 1645 1455 1699 superioribus
1485 1646 1651 1685 tribunis
1679 1646 1860 1700 petierit,

467 1727 509 1756 ut
529 1718 576 1756 de
596 1716 714 1756 salute
735 1728 819 1753 mea
839 1722 877 1751 et
906 1711 1195 1766 promulgarent
1211 1740 1221 1756 ,
1254 1720 1291 1751 et
1316 1711 1500 1750 referrent
1518 1713 1532 1749 ?
1563 1713 1630 1764 qui
1648 1741 1659 1758 ,
1690 1713 1730 1750 in
1752 1713 1861 1751 colo-

466 1785 527 1822 nia
547 1796 668 1835 nuper
687 1780 893 1820 constituta
912 1792 1004 1816 cum
1024 1777 1102 1829 ipse
1123 1786 1270 1829 gereret
1290 1777 1569 1828 magistratum,
1591 1778 1631 1815 in
1652 1791 1727 1830 qua
1744 1791 1860 1817 nemo

465 1859 543 1888 erat
573 1854 729 1901 emptus
759 1843 1003 1889 intercessor,
1035 1844 1116 1882 vim
1147 1853 1185 1881 et
1216 1843 1483 1882 crudelitatem
1514 1844 1737 1898 privilegii,
1768 1859 1860 1884 auc-

468 1917 619 1955 toritate
645 1911 994 1952 honestiffimorum
1022 1909 1232 1949 hominum
1249 1939 1262 1956 ‚
1293 1919 1331 1948 et
1358 1910 1526 1963 publicis
1557 1910 1678 1949 literis
1708 1912 1860 1965 config-

468 1983 587 2027 navit,
623 1978 875 2034 princepsque
910 1977 1029 2015 Italiae
1063 1978 1181 2015 totius
1215 1976 1433 2030 praefidium
1467 1976 1514 2015 ad
1542 1990 1670 2015 meam
1702 1977 1863 2017 salutem

467 2047 757 2102 implorandum
779 2044 957 2098 putavit?
990 2044 1073 2095 qui,
1103 2057 1196 2081 cum
1216 2043 1294 2096 ipse
1314 2043 1414 2082 mihi
1441 2043 1588 2096 semper
1613 2044 1862 2084 amiciffimus

469 2115 611 2160 fuiffet,
642 2113 773 2158 etiam,
805 2120 847 2149 ut
882 2110 965 2149 suos
1000 2109 1219 2149 neceffarios
1253 2108 1354 2148 mihi
1387 2109 1532 2148 amicos
1567 2110 1752 2157 redderet,
1783 2111 1862 2150 ela-

469 2182 618 2222 boravit
636 2182 648 2219 ?

523 2248 618 2287 XII.
651 2245 808 2297 Qibus
829 2253 958 2282 autem
979 2242 1116 2282 officiis
1139 2243 1191 2281 T.
1213 2241 1335 2281 Annii
1357 2241 1542 2280 beneficia
1562 2242 1861 2281 remunerabor?

470 2316 578 2366 cujus
599 2312 726 2350 omnis
748 2311 845 2349 aetio
863 2339 874 2355 ‚
906 2310 999 2347 ratio
1016 2338 1027 2354 ,
1058 2308 1242 2362 cogitatio
1257 2338 1268 2353 ,
1300 2316 1402 2346 totus
1424 2308 1588 2360 denique
1615 2308 1832 2347 tribunatus
1850 2337 1862 2354 ,

469 2380 570 2418 nihil
591 2378 694 2416 aliud
715 2377 804 2422 suit,
836 2375 904 2414 nisi
924 2373 1111 2419 constans,
1143 2382 1339 2427 perpetua,
1371 2373 1496 2418 fortis,
1528 2374 1670 2412 invic'ta
1697 2372 1862 2411 defensio

469 2447 598 2485 salutis
635 2445 761 2484 meae?
799 2443 908 2495 Qid
938 2442 983 2481 de
1020 2443 1062 2480 P.
1091 2442 1219 2480 Sextio
1249 2441 1414 2494 loquar?
1451 2440 1519 2493 qui
1548 2440 1654 2479 suam
1683 2453 1770 2492 erga
1799 2451 1863 2477 me
