2212 2835
752 136 892 175 PRO
951 137 1170 176 DOMO
1229 139 1375 179 SUA.
1686 158 1761 198 399

363 237 538 276 libertate
572 237 708 292 populi
743 239 915 277 Romani
949 239 1149 293 oppreffa,
1186 240 1333 280 senatus
1368 243 1591 282 auCtoritate
1626 245 1762 285 deleta.

362 305 441 344 Res
462 305 528 343 illa
547 306 661 359 plena
673 305 845 358 justitiae,
867 306 1070 359 sapientiae,
1092 307 1292 360 dignitatis
1313 324 1321 347 :
1353 311 1486 350 censor
1503 312 1624 357 enim,
1646 327 1762 366 penes

360 386 479 425 quem
500 374 662 426 majores
683 373 815 419 nostri,
846 373 886 411 id
906 374 1011 426 quod
1033 383 1075 412 tu
1095 373 1289 420 sustulisti,
1314 376 1510 428 judicium
1538 379 1686 419 senatus
1714 382 1762 419 de

359 438 548 491 dignitate
580 438 651 477 effe
686 438 904 484 voluerunt,
942 439 1172 478 Concordiae
1201 440 1355 493 fignum
1386 442 1537 482 volebat
1568 445 1608 483 in
1640 448 1759 492 curia,

358 505 587 557 curiamque
618 505 654 542 ei
684 505 777 543 Deae
794 533 805 550 ,
836 505 1024 543 dedicare.
1058 506 1242 544 Praeclara
1273 507 1446 546 voluntas
1465 538 1475 554 ‚
1507 519 1621 563 atque
1650 515 1760 551 omni

356 568 468 607 laude
497 569 641 622 digna:
673 570 912 622 praescribere
941 570 1049 608 enim
1079 570 1115 608 se
1143 570 1411 618 arbitrabatur,
1445 583 1487 612 ut
1516 574 1594 613 fine
1627 577 1759 616 studiis

354 635 586 674 diffenfionis
618 636 810 675 sententiae
841 637 1084 683 dicerentur,
1116 638 1143 676 fi
1175 638 1303 678 sedem
1335 640 1456 693 ipsam
1488 655 1531 680 ac
1564 644 1758 697 templum

355 703 506 757 publici
525 703 675 742 consilii
695 704 882 758 religione
903 705 1130 744 Concordiae
1151 706 1389 747 devinxisset.
1422 710 1504 755 Tu,
1526 724 1618 749 cum
1641 711 1756 758 ferro,

353 782 446 807 cum
482 778 620 814 metu,
655 783 749 808 cum
783 771 945 816 edictis,
976 784 1069 810 cum
1104 772 1316 826 privilegiis
1335 803 1346 819 ,
1378 787 1470 813 cum
1506 776 1756 829 praesentibus

351 836 474 888 copiis
495 837 749 889 perditorum,
781 837 944 876 absentis
964 839 1154 878 exercitus
1176 848 1317 878 terrore
1337 850 1374 879 et
1393 842 1525 888 minis,
1548 844 1755 884 consulum

352 901 542 947 societate,
574 911 613 940 et
632 901 779 941 nefario
799 902 958 950 foedere,
991 904 1169 945 servitute
1191 906 1403 960 oppreffam
1424 909 1622 948 civitatem
1644 919 1753 948 tene-

350 982 438 1014 res3
462 970 671 1008 Libertatis
689 970 842 1023 fignum
862 971 1017 1024 posuisti
1038 974 1161 1026 magis
1181 974 1227 1012 ad
1248 974 1462 1014 ludibrium
1482 977 1751 1030 impudentiae,

348 1048 467 1088 quam
499 1036 546 1074 ad
576 1036 861 1076 simulationem
894 1038 1104 1091 religionis.
1147 1039 1218 1078 Ille
1249 1041 1289 1078 in
1320 1042 1439 1087 curia,
1471 1057 1555 1095 quae
1587 1054 1750 1097 poterat,

347 1101 424 1140 fine
456 1102 684 1156 cujusquam
714 1103 970 1143 incommodo
997 1105 1223 1144 dedicabat:
1256 1116 1299 1145 tu
1326 1108 1367 1145 in
1399 1109 1493 1147 civis
1524 1111 1672 1163 optime
1703 1112 1752 1150 de

346 1170 547 1222 republica
566 1170 696 1208 meriti
717 1184 865 1217 cruore,
895 1185 938 1210 ac
957 1185 1055 1225 pene
1075 1172 1231 1218 offibus,
1261 1173 1508 1214 fimulacrum
1530 1191 1607 1215 non
1629 1177 1748 1216 liber-

346 1235 434 1273 tatis
454 1237 636 1289 publicae,
667 1237 728 1275 sed
749 1237 928 1284 licentiae,
959 1239 1168 1278 collocasti.
1205 1242 1339 1293 Atque
1358 1240 1426 1279 ille
1447 1251 1577 1281 tamen
1598 1244 1642 1282 ad
1664 1245 1747 1283 col-

344 1300 493 1354 legium
514 1303 646 1341 retulit
663 1318 674 1342 ;
706 1312 749 1342 tu
769 1304 815 1343 ad
835 1317 955 1357 quem
975 1305 1138 1343 retulisti
1156 1305 1172 1342 ?

400 1369 439 1407 Si
466 1370 562 1423 quid
588 1370 830 1417 deliberares,
861 1371 887 1410 fi
915 1372 1010 1424 quid
1039 1372 1112 1410 tibi
1139 1380 1204 1411 aut
1233 1373 1422 1426 piandum
1449 1384 1513 1413 aut
1541 1375 1746 1416 instituen-

342 1433 439 1473 dum
459 1434 585 1474 fuiffet
605 1436 790 1490 religione
811 1437 1018 1476 domestica
1033 1456 1045 1483 5
1069 1447 1212 1484 tamen,
1234 1439 1410 1479 instituto
1429 1451 1655 1481 caeterorum
1677 1457 1743 1482 ve-

341 1508 420 1544 tere
436 1530 448 1546 ,
479 1502 526 1539 ad
553 1502 781 1555 pontificem
801 1503 1020 1543 detuliffes:
1053 1517 1199 1543 novum
1219 1504 1425 1544 delubrum
1454 1521 1547 1546 cum
1567 1510 1609 1547 in
1639 1511 1744 1550 urbis

340 1566 546 1605 clariffimo
575 1568 678 1614 loco,
708 1568 875 1607 nefando
905 1570 1077 1621 quodam
1109 1580 1224 1623 atque
1253 1571 1428 1611 inaudito
1458 1574 1648 1622 instituto,
1679 1577 1743 1615 in-

340 1630 522 1678 choares;
555 1632 796 1673 referendum
817 1634 863 1673 ad
883 1635 1090 1675 sacerdotes
1111 1636 1289 1689 publicos
1311 1651 1388 1676 non
1410 1640 1549 1692 putasti
1569 1641 1582 1678 ?
1613 1643 1682 1686 At,
1714 1643 1741 1681 fi

338 1699 551 1752 collegium
571 1700 805 1752 pontificum
825 1700 1091 1741 adhibendum
1111 1716 1190 1741 non
1212 1703 1437 1751 videbatur,
1470 1720 1636 1746 nemone
1664 1708 1739 1747 ho-

338 1778 425 1803 rum
446 1766 519 1804 tibi
539 1766 698 1805 idoneus
719 1766 818 1805 visus
840 1768 893 1806 est
908 1797 921 1814 ,
953 1770 1022 1822 qui
1050 1777 1158 1807 aetate
1172 1799 1184 1815 ,
1214 1769 1360 1809 honore
1376 1801 1386 1817 ,
1417 1774 1639 1812 auctoritate
1669 1789 1738 1813 an—

337 1832 551 1878 tecellunt,
587 1842 631 1871 ut
663 1847 757 1872 cum
791 1848 835 1873 eo
869 1834 1151 1875 dedicationem
1186 1838 1530 1877 communicares?
1568 1854 1739 1893 quorum

335 1900 495 1952 quidem
517 1909 559 1937 tu
581 1914 658 1938 non
678 1902 954 1955 contempsisti,
986 1903 1047 1941 sed
1067 1904 1315 1956 pertimuisti,
1347 1905 1591 1958 dignitatem.

391 1965 482 2002 LII.
514 1966 579 2003 An
600 1974 642 2003 tu
662 1966 815 2005 auderes
835 1981 1002 2020 quaerere
1027 1983 1076 2007 ex
1102 1970 1146 2008 P.
1170 1971 1329 2008 Servilio
1347 2000 1358 2015 ,
1389 1981 1455 2010 aut
1485 1986 1531 2010 ex
1563 1974 1625 2011 M.
1650 1975 1735 2012 Lu·

334 2030 439 2068 cullo
456 2060 466 2076 ,
498 2045 665 2083 quorum
687 2047 759 2086 ego
779 2034 937 2073 confilio
956 2045 1071 2089 atque
1090 2036 1313 2075 amitoritate
1333 2039 1617 2091 rempublicam
1637 2054 1732 2079 con-

333 2098 389 2135 sul
410 2111 457 2135 ex
477 2098 604 2137 vestris
626 2100 805 2139 manibus
826 2115 867 2139 ac
887 2101 1064 2142 faucibus
1086 2103 1223 2156 eripui,
1256 2105 1486 2156 quibusnam
1507 2107 1645 2151 verbis,
1668 2117 1733 2145 aut

334 2177 413 2215 quo
435 2164 510 2201 ritu
526 2194 536 2209 ,
567 2165 741 2217 primum
762 2166 837 2205 hoc
858 2168 966 2213 dico,
998 2169 1091 2207 civis
1112 2169 1276 2208 domum
1298 2170 1532 2210 consecrares
1550 2191 1560 2216 ‚-
1594 2173 1731 2210 deinde

333 2232 428 2268 civis
462 2231 572 2282 ejus,
603 2232 667 2269 cui
703 2233 881 2287 princeps
915 2235 1091 2281 senatus,
1128 2238 1192 2274 cui
1227 2236 1345 2275 etiam
1379 2238 1528 2275 ordines
1564 2252 1727 2284 omncs,

332 2297 469 2334 deinde
491 2297 600 2334 Italia
620 2306 712 2343 tota,
744 2300 826 2352 post
846 2304 993 2340 cun&ae
1014 2311 1161 2355 gentes,
1194 2303 1458 2341 testimonium
1486 2302 1600 2354 hujus
1622 2305 1727 2342 urbis

329 2372 441 2414 atque
463 2364 616 2415 imperii
637 2364 846 2402 conservati
867 2367 1051 2406 dediffent
1071 2369 1084 2405 ?
1116 2368 1224 2419 Qid
1245 2369 1387 2406 diceres
1405 2397 1416 2413 ,
1449 2369 1485 2404 O
1508 2368 1668 2407 nefanda
1689 2380 1726 2409 et

329 2429 538 2481 perniciosa
559 2429 659 2467 labes
681 2430 846 2468 civitatis
865 2433 893 2468 ?·
910 2433 1011 2470 Ades
1028 2462 1038 2477 ,
1070 2433 1156 2471 ades
1171 2461 1182 2479 ,
1215 2433 1404 2479 Luculle,
1437 2434 1570 2471 Servili
1588 2463 1598 2480 ,
1631 2436 1725 2475 dum
