2212 2835
532 195 612 242 ,μό
1032 189 1431 227 ORATIO

533 290 813 333 dubitabimus,
850 300 946 340 quos
981 286 1047 325 ille
1080 286 1259 325 fremitus
1294 286 1449 324 nuntiet
1480 284 1590 323 ludos
1624 284 1694 323 effe
1726 286 1924 338 pollutos?

532 359 607 400 Ac,
640 357 665 393 fi
702 356 880 393 volumus
916 367 971 399 ea,
1003 367 1087 406 quae
1121 353 1168 390 de
1203 366 1358 405 quoque
1393 353 1479 390 Deo
1513 352 1624 390 nobis
1661 352 1795 389 tradita
1827 352 1927 395 sunt,

533 419 734 466 recordari,
765 420 865 458 hanc
900 421 1074 458 Matrem
1109 432 1304 471 magnam,
1336 419 1444 470 cujus
1480 418 1562 455 ludi
1596 418 1741 462 violati,
1774 417 1928 470 polluti,

533 502 631 541 pene
659 488 703 525 ad
735 487 878 525 caedem
908 495 946 524 et
976 486 1022 523 ad
1046 484 1170 523 ‘funus
1200 485 1365 522 civitatis
1395 485 1562 522 conversi
1590 483 1690 529 sunt,
1720 482 1835 527 hanc,
1867 484 1929 520 in-

533 568 665 607 quam,
693 553 927 606 accepimus,
950 564 1058 604 agros
1079 559 1116 589 et
1135 564 1292 589 nemora
1312 564 1404 588 cum
1426 550 1593 602 quodam
1614 548 1929 602 strepitufremi-

530 629 653 672 tuque
673 632 882 672 peragrare.

588 686 683 723 XII.
716 685 814 722 Haec
845 683 965 735 igitur
994 682 1119 726 vobis,
1149 681 1232 720 haec
1267 682 1414 734 populo
1448 683 1642 726 Romano,
1674 690 1711 718 et
1745 679 1931 719 scelerum

534 751 677 789 indicia
696 750 860 787 ostendit
877 778 888 794 ‚
919 757 956 786 et
977 748 1240 800 periculorum
1255 749 1364 799 signa
1384 747 1578 800 patefecit.
1617 748 1722 786 Nam
1745 747 1839 799 quid
1860 759 1932 801 ego

534 817 580 854 de
607 816 684 853 illis
710 815 811 852 ludis
839 814 1001 866 loquar,
1032 826 1128 865 quos
1155 813 1197 850 in
1224 813 1371 850 Palatio
1398 812 1514 850 nostri
1542 813 1702 863 majores
1724 821 1810 849 ante
1827 822 1930 850 tem-

532 883 660 935 plum,
682 882 722 918 in
743 880 824 933 ipso
845 880 985 918 Matris
1007 892 1156 932 magnae
1176 878 1394 931 consped'm,
1417 877 1705 930 Megalensibus
1727 877 1809 914 fieri
1828 877 1931 915 cele-

534 948 712 1000 brarique
733 946 969 984 voluerunt?
1002 945 1071 997 qui
1097 944 1185 982 sunt
1212 958 1319 982 more
1345 943 1604 996 institutisque
1623 943 1795 981 maxime
1815 942 1904 981 casti
1919 971 1931 988 ,

535 1015 753 1058 sollemnes,
773 1012 958 1065 religiosi:
977 1012 1120 1064 quibus
1140 1011 1242 1049 ludis
1263 1012 1439 1064 primum
1459 1019 1546 1048 ante
1566 1010 1701 1063 populi
1722 1008 1933 1048 consessum

533 1081 678 1118 senatui
714 1080 846 1117 locum
882 1079 927 1116 P.
951 1076 1158 1115 Africanus
1193 1077 1335 1115 iterum
1370 1076 1436 1114 ille
1467 1076 1600 1114 consul
1636 1076 1766 1128 Major
1798 1075 1931 1113 dedit:

536 1158 578 1185 ut
598 1161 660 1185 eos
683 1147 793 1184 ludos
814 1145 896 1183 haec
916 1145 996 1183 lues
1017 1145 1171 1197 impura
1191 1144 1381 1197 pollueret
1400 1144 1412 1180 ?
1444 1157 1523 1196 quo
1539 1173 1550 1188 ,
1582 1143 1609 1181 fi
1638 1144 1725 1196 quis
1750 1143 1850 1181 liber
1870 1150 1934 1180 aut

534 1214 726 1266 specstandi
739 1242 750 1258 ‚
782 1221 847 1250 aut
867 1212 983 1250 etiarn
1004 1211 1201 1263 religionis
1215 1240 1227 1256 ,
1257 1210 1367 1248 causa
1387 1210 1583 1248 accefferat
1599 1239 1610 1255 ‚
1642 1223 1778 1248 manus
1798 1208 1933 1247 affere-

535 1282 701 1324 bantur;
734 1293 813 1332 quo
834 1287 1008 1316 matrona
1027 1277 1133 1315 nulla
1152 1278 1245 1315 adiit
1265 1286 1420 1329 propter
1446 1277 1527 1315 vim
1548 1276 1837 1328 consessumque
1856 1275 1933 1313 ser-

536 1361 687 1384 vorum.
720 1347 779 1383 Ita
805 1345 915 1383 ludos
934 1357 998 1382 eos
1015 1372 1026 1388 ‚
1058 1356 1226 1395 quorum
1254 1343 1390 1395 religio
1411 1352 1513 1382 tanta
1531 1343 1583 1380 est
1599 1371 1611 1387 ‚
1643 1352 1686 1380 ut
1713 1357 1760 1381 ex
1782 1342 1932 1380 ultimis

536 1414 643 1451 terris
675 1411 841 1450 arceffita
870 1411 911 1448 in
942 1409 1015 1448 hac
1041 1409 1135 1447 urbe
1162 1408 1404 1453 consederit;
1437 1411 1506 1461 qui
1534 1409 1600 1447 uni
1626 1409 1708 1446 ludi
1738 1422 1786 1447 ne
1816 1407 1932 1446 verbo

536 1481 695 1532 quidem
717 1477 958 1531 appellantur
978 1476 1120 1514 Latino
1137 1503 1148 1520 ‚
1179 1484 1223 1512 ut
1250 1475 1436 1513 vocabulo
1456 1475 1537 1528 ipso
1557 1484 1595 1513 et
1615 1475 1781 1528 appetita
1799 1474 1934 1526 reilgio

537 1555 705 1589 externa,
728 1553 765 1581 et
785 1543 925 1581 Matris
946 1555 1094 1595 magnae
1109 1541 1274 1579 ‚nomine
1294 1539 1475 1594 suscepta,
1507 1541 1718 1579 declaretur
1737 1555 1746 1578 :
1778 1539 1848 1578 hos
1868 1539 1933 1578 lu-

536 1614 603 1651 dos
625 1613 719 1651 servi
740 1611 929 1655 fecerunt,
961 1610 1055 1648 servi
1075 1609 1336 1662 sped'taverunt
1351 1625 1363 1652 ς
1396 1618 1475 1647 tota
1493 1608 1674 1661 denique,
1704 1607 1781 1646 hoc
1811 1606 1934 1652 aedile,

537 1680 730 1717 servorum
753 1676 959 1730 Megalesia
978 1675 1150 1714 fuerunt.

592 1746 667 1783 Pro
696 1745 765 1782 Dii
791 1742 1055 1781 immortales!
1089 1742 1158 1793 qui
1184 1743 1306 1793 magis
1331 1741 1534 1780 nobiseum
1561 1741 1671 1793 loqui
1696 1739 1846 1793 poffetis
1862 1768 1874 1784 ,
1904 1739 1932 1776 fi

538 1811 659 1860 effetis
686 1809 1007 1860 versareminique
1033 1806 1267 1845 nobiscum?
1300 1808 1433 1846 Ludos
1460 1807 1531 1845 effe
1550 1807 1720 1859 pollutos
1741 1804 1931 1858 fignifica-

538 1878 611 1921 εἰς,
642 1889 684 1913 ac
720 1875 832 1927 plane
862 1874 1006 1912 dicitis.
1039 1873 1148 1925 Qid
1182 1874 1303 1927 magis
1334 1873 1622 1917 deformatum,
1654 1872 1931 1924 inquinatum,

538 1941 752 1995 perversum
767 1969 777 1985 ,
809 1940 1085 1978 conturbatum
1103 1968 1114 1984 ,
1145 1940 1223 1978 dici
1244 1939 1364 1992 potest
1382 1968 1392 1984 ,
1425 1953 1542 1991 quarn
1563 1951 1679 1977 omne
1706 1938 1902 1975 servitium
1920 1965 1932 1982 ‚

538 2007 720 2061 permiffu
742 2006 981 2059 magistratus
1002 2005 1208 2044 liberatum
1227 2021 1238 2051 3
1271 2007 1311 2044 in
1332 2006 1488 2044 alteram
1516 2005 1666 2043 scenam
1688 2003 1903 2042 immissum
1921 2032 1933 2049 ‚

537 2074 643 2112 alteri
671 2073 930 2126 praepofitum,
963 2081 1005 2110 ut
1035 2071 1129 2110 alter
1159 2072 1344 2110 conieffus
1372 2071 1545 2124 potestati
1572 2070 1765 2109 servorum
1786 2070 1932 2121 objice-

539 2149 642 2178 retur
656 2168 666 2184 ,
697 2139 791 2176 alter
812 2138 1005 2176 servorum
1027 2147 1130 2176 totus
1151 2137 1266 2176 effet?
1298 2138 1335 2175 Si
1356 2150 1517 2175 examen
1538 2150 1654 2189 apum
1675 2137 1775 2175 ludis
1794 2137 1834 2174 in
1854 2122 1947 2174 sce-⁷

539 2220 629 2244 nam
651 2204 807 2243 veniffet
825 2234 835 2249 ,
866 2204 1082 2256 haruspices
1109 2204 1308 2242 acciendos
1335 2218 1381 2242 ex
1412 2203 1567 2241 Etruria
1591 2212 1841 2255 putaremus:
1874 2203 1934 2241 vi-

540 2274 677 2311 demus
699 2271 859 2309 univerfi
881 2280 1034 2323 repente
1062 2271 1240 2309 examina
1268 2279 1370 2308 tanta
1397 2269 1589 2308 servorum
1616 2268 1781 2307 immiffa
1800 2269 1840 2306 in
1861 2281 1933 2321 po-

540 2339 680 2392 pulum
702 2338 928 2375 Romanum
945 2366 957 2382 ,
988 2336 1138 2390 septum
1159 2345 1274 2389 atque
1300 2335 1492 2374 inclusum
1510 2365 1521 2381 ,
1552 2345 1590 2373 ct
1610 2349 1688 2373 non
1708 2348 1934 2373 commove-

541 2405 654 2442 mur?
672 2406 804 2456 Atque
824 2404 863 2441 in
885 2417 1002 2456 apum
1023 2402 1171 2441 fortaffe
1191 2403 1368 2441 examine
1388 2416 1456 2440 nos
1477 2416 1523 2440 ex
1544 2402 1796 2442 Etruscorum
1814 2400 1932 2453 scrip-

537 2471 590 2510 ris
611 2469 842 2524 haruspices,
875 2480 917 2508 ut
937 2484 957 2508 a
977 2469 1127 2509 servitio
1147 2483 1381 2516 caveremus,
1413 2477 1628 2508 monerent.
