2212 2835
619 180 753 219 PRO
811 180 863 219 A.
924 175 1334 217 CLUENTIO.
1631 180 1675 219 61

279 281 477 335 judicium
497 279 678 333 appellet,
710 287 839 316 tamen
860 275 935 315 hoc
955 274 1186 314 confiteatur
1205 273 1348 313 necefi‘e
1368 273 1434 320 est,
1463 273 1572 313 nullo
1593 289 1682 313 mo-

285 349 335 387 do
356 348 465 386 illam
495 346 676 389 multam,
708 358 794 396 quae
824 356 844 380 a
864 342 985 394 Junio
1019 343 1137 394 petita
1169 341 1228 385 fit,
1259 354 1352 379 cum
1374 340 1547 379 Cluentii
1574 342 1683 380 causa

284 413 388 467 poffe
407 411 607 464 conjungi.
636 410 741 448 Illud
760 409 881 461 igitur
895 407 1109 459 Junianum
1130 419 1198 458 per
1217 407 1298 445 vim
1319 406 1464 445 fastum
1486 407 1561 452 est;
1585 408 1681 446 Bul-

286 480 342 525 bi,
375 489 413 518 et
433 477 607 531 Popillii,
629 485 667 514 et
688 477 836 520 Guttae,
872 482 1005 513 contra
1025 472 1256 511 Cluentium
1291 486 1370 511 non
1401 474 1480 518 est;
1524 474 1682 520 Staleni‚

284 546 402 585 etiam
423 558 494 598 pro
515 542 699 582 Cluentio
719 542 785 580 est.
807 541 1036 586 Videamus,
1058 538 1211 593 ecquod
1226 539 1330 578 aliud
1344 539 1556 592 judicium,
1578 542 1683 594 quod

282 626 354 666 pro
375 611 562 650 Cluentio
581 610 639 655 fit,
660 607 828 663 proferre
847 608 1045 661 poffimus.

339 678 503 717 Dixitne
524 675 680 715 tandem
707 675 858 714 causam
886 676 934 713 C.
958 673 1211 713 Fidiculanus
1233 672 1403 718 Falcula,
1439 673 1508 726 qui
1530 674 1683 727 Oppia-

282 744 428 795 nicum³
438 743 726 788 condemnarat,
747 755 840 780 cum
862 740 1085 794 praesertim,
1107 740 1147 778 id
1167 740 1272 792 quod
1291 738 1368 778 fuit
1388 741 1428 778 in
1449 740 1518 778 illo
1532 741 1684 792 judicio

282 810 633 855 invidiofiffimum,
655 822 797 863 paucos
819 809 898 846 dies
919 821 966 846 ex
985 807 1254 846 subsortitione
1274 806 1419 845 sediffet
1438 807 1450 844 ?
1483 807 1611 853 Dixit,
1644 817 1684 847 et

283 877 342 917 bis
363 878 523 931 quidem
544 876 666 914 dixit:
696 876 736 913 in
757 875 950 913 summam
971 874 1078 912 enim
1099 875 1148 913 L.
1170 873 1358 926 Qintius
1379 873 1565 911 invidiam
1585 887 1682 912 con-

283 944 461 983 cionibus
494 957 585 982 eum
606 942 857 995 quotidianis,
892 941 1074 980 seditiofis
1108 949 1147 979 et
1178 940 1426 985 turbulentis,
1458 940 1680 980 adduxerat.

284 1013 377 1050 Uno
392 1011 542 1064 judicio
559 1010 683 1048 multa
701 1009 753 1047 est
773 1009 820 1047 ab
840 1022 885 1047 eo
905 1009 1037 1061 petita,
1056 1009 1151 1046 ficut
1172 1008 1218 1045 ab
1232 1008 1365 1058 Junio,
1388 1007 1494 1060 quod
1514 1021 1592 1046 non
1609 1009 1682 1048 suae

283 1078 448 1117 decuriae
464 1091 637 1122 munere,
656 1089 781 1128 neque
801 1089 847 1114 ex
868 1075 964 1128 lege,
988 1074 1147 1112 sedisset.
1172 1074 1291 1112 Paulo
1311 1074 1491 1111 sedatiore
1508 1083 1683 1127 tempore

282 1145 336 1183 est
366 1144 575 1188 accusatus,
611 1155 729 1195 quam
750 1142 905 1192 Junius,
937 1141 998 1178 sed
1030 1140 1163 1178 eadem
1194 1139 1273 1177 fere
1304 1139 1401 1191 lege,
1433 1149 1471 1178 et
1502 1141 1678 1180 crimine.

283 1212 388 1262 Qia
407 1210 515 1248 nulla
530 1209 570 1247 in
584 1208 736 1260 judicio
757 1207 904 1252 seditio,
927 1220 1052 1259 neque
1071 1207 1142 1251 vis,
1165 1219 1289 1258 neque
1309 1206 1433 1250 turba,
1456 1206 1594 1244 versata
1613 1208 1679 1251 est,

282 1279 408 1331 prima
428 1277 575 1315 afflone
596 1275 784 1314 facillime
814 1274 867 1312 est
897 1273 1107 1312 absolutus.
1140 1273 1236 1311 Non
1268 1286 1431 1311 numero
1451 1271 1549 1311 hanc
1570 1273 1680 1312 abso-

282 1345 474 1383 lutionem
494 1359 502 1382 ε
526 1342 783 1382 nihilominus
804 1341 910 1380 enim
930 1340 1067 1394 potest,
1086 1349 1129 1378 ut
1149 1340 1258 1378 illam
1280 1339 1446 1378 multam
1469 1353 1546 1378 non
1568 1354 1678 1379 coni-

281 1411 440 1456 miserit,
472 1409 651 1463 accepiffe
671 1418 800 1448 tamen
834 1408 884 1447 ob
919 1421 1001 1446 rem
1030 1406 1281 1459 judicandam
1303 1407 1525 1459 pecuniam,
1561 1420 1681 1459 quam

280 1488 432 1531 captam
454 1477 643 1530 nusquam
672 1476 846 1513 Stalenus
870 1474 1001 1512 eadem
1030 1473 1114 1525 lege
1146 1473 1258 1511 dixit.
1292 1473 1500 1525 Proprium
1532 1473 1679 1512 crimen

281 1545 381 1583 illud
401 1544 618 1597 quaestionis
639 1544 719 1595 ejus
741 1556 818 1580 non
838 1540 929 1579 fuit.

338 1610 589 1649 Fidiculanus
611 1609 707 1661 quid
727 1607 854 1646 feciffe
874 1607 1100 1645 dicebatur?
1132 1605 1313 1658 accepiffe
1333 1619 1352 1642 a
1380 1606 1564 1644 Cluentio
1587 1606 1678 1644 H-S

284 1689 412 1715 ecce.
446 1677 569 1728 Cujus
602 1684 681 1713 erat
711 1673 886 1713 ordinis?
918 1673 1106 1711 senatorii.
1140 1673 1230 1723 Qa
1259 1671 1343 1724 lege
1364 1672 1404 1710 in
1435 1686 1480 1710 eo
1500 1686 1638 1724 genere
1659 1686 1679 1709 a

280 1743 448 1782 senatore
468 1742 563 1780 ratio
584 1741 702 1794 repeti
723 1740 830 1786 solet,
861 1740 908 1778 de
928 1739 1102 1792 pecuniis
1123 1738 1359 1792 repetundis,
1391 1752 1433 1776 ea
1453 1738 1535 1791 lege
1561 1751 1676 1776 accu-

280 1809 392 1854 satus,
422 1807 681 1847 honestiffime
701 1807 754 1845 est
774 1806 982 1845 absolutus.
1021 1807 1120 1844 Acta
1139 1805 1191 1843 est
1210 1805 1316 1843 enim
1336 1804 1444 1843 causa
1464 1818 1570 1842 more
1591 1817 1676 1841 ma-

275 1878 422 1929 jorum,
445 1875 521 1914 sine
542 1875 594 1920 vi,
630 1874 706 1912 fine
727 1883 849 1919 metu,
884 1873 961 1911 sme
992 1872 1165 1926 periculo
1183 1886 1192 1910 :
1224 1873 1337 1917 dicta,
1370 1880 1408 1909 et
1428 1871 1607 1923 exposita,
1639 1880 1677 1909 et

280 1942 548 1986 demonstrata,
580 1940 667 1978 sunt
686 1940 842 1978 omnia:
875 1939 1029 1977 adduffi
1052 1938 1203 1991 judices
1225 1938 1326 1983 sunt,
1360 1951 1437 1976 non
1465 1937 1582 1975 modo
1604 1950 1675 1989 po-

282 2008 388 2047 tuiffe
406 2007 561 2046 honeste
581 2007 628 2045 ab
648 2020 693 2044 eo
711 2020 820 2044 reum
841 2005 1105 2050 condemnari,
1124 2004 1191 2057 qui
1213 2018 1289 2042 non
1311 2012 1495 2056 perpetuo
1516 2002 1675 2047 sediffet‚

280 2074 354 2119 sed,
378 2075 404 2112 fi
421 2074 525 2112 aliud
547 2074 577 2111 is
593 2073 715 2125 judex
735 2071 835 2110 nihil
857 2072 993 2117 sciffet,
1015 2071 1098 2116 nifi,
1121 2085 1205 2124 quae
1221 2070 1441 2123 praejudicia
1461 2070 1507 2107 de
1527 2083 1571 2108 eo
1591 2067 1673 2106 fac-

280 2148 317 2177 ta
336 2139 406 2178 esse
426 2139 654 2184 constarent,
676 2138 805 2176 audire
826 2147 1002 2191 praeterea
1022 2135 1122 2174 nihil
1143 2135 1324 2173 debuiffe.

326 2206 560 2243 XXXVIII.
585 2207 695 2243 Tum
716 2205 833 2242 etiam
855 2204 913 2241 illi
935 2204 1123 2256 quinque,
1141 2203 1225 2254 qui,
1247 2201 1519 2254 imperitorum
1540 2199 1672 2238 homi-

280 2284 377 2309 num
411 2270 649 2309 rumusculos
670 2270 864 2323 aucupati,
900 2279 986 2307 turn
1020 2269 1137 2306 illum
1172 2267 1427 2311 absolverunt,
1457 2268 1539 2318 jam
1568 2266 1673 2302 suam

278 2336 525 2375 clementiam
545 2336 688 2374 laudari
708 2349 940 2388 magnopere
960 2335 1155 2373 nolebant.
1193 2335 1229 2371 A
1258 2333 1401 2385 quibus
1422 2333 1446 2369 fi
1477 2331 1544 2382 qui
1565 2344 1671 2382 quae-

279 2411 389 2450 reret,
412 2401 632 2439 sedissentne
646 2402 798 2453 judices
818 2402 858 2439 in
876 2403 923 2440 C.
943 2401 1168 2439 Fabricium
1185 2418 1197 2445 3
1222 2398 1347 2436 sediffe
1369 2397 1403 2435 se
1425 2397 1608 2434 dicerent.
1632 2395 1672 2434 Si

279 2469 614 2522 interrogarentur,
636 2481 732 2506 num
753 2481 831 2521 quo
848 2468 1010 2507 crimine
1033 2467 1063 2505 is
1081 2465 1170 2505 effet
1186 2464 1394 2509 accusatus,
1418 2472 1672 2516 praeterquam
