2212 2835
415 195 494 221 200
853 176 1388 215 ORATIOIV.

413 277 569 314 alteram
608 278 653 313 C.
692 274 859 318 Caesaris,
895 274 963 326 qui
997 274 1132 312 mortis
1166 288 1323 327 poenam
1359 282 1543 319 removet,
1577 283 1798 314 caeterorum

413 343 689 394 suppliciorum
711 354 845 378 omnes
866 341 1086 379 acerbitates
1108 341 1363 394 ampleClitur.
1397 342 1572 393 Uterque
1590 349 1629 378 et
1650 355 1719 394 pro
1738 342 1800 379 sua

412 408 610 460 dignitate,
642 418 679 445 et
699 421 767 460 pro
788 421 914 445 rerum
943 407 1225 460 magnitudine,
1257 407 1295 445 in
1324 407 1474 445 summa
1500 407 1694 446 severitate
1714 420 1799 445 ver-

413 474 525 512 satur.
558 474 667 512 Alter
686 488 764 518 eos,
795 474 864 526 qui
884 487 951 511 nos
973 487 1123 518 omnes,
1154 473 1222 526 qui
1243 473 1433 527 populum
1455 475 1694 519 Romanum,
1727 474 1802 511 vita

412 541 558 594 privare
587 541 712 579 conati
742 540 842 586 sunt,
873 540 943 592 qui
968 539 1091 578 delere
1117 540 1341 593 imperium,
1377 540 1444 592 qui
1471 540 1606 593 populi
1633 539 1803 578 Romani

412 621 555 645 nomen
577 608 813 659 extinguere,
831 608 1019 659 punctum
1041 607 1224 658 temporis
1241 605 1318 643 frui
1337 606 1426 650 vita,
1449 615 1487 644 et
1502 605 1577 644 hoc
1595 605 1801 644 communi

412 674 560 726 spiritu,
591 687 667 711 non
689 682 797 725 putat
816 682 1013 725 oportere:
1036 681 1149 724 atque
1170 670 1244 710 hoc
1264 685 1382 724 genus
1405 686 1526 724 poenae
1547 672 1640 724 saepe
1660 672 1700 709 in
1723 672 1800 709 im-

415 741 552 793 probos
578 741 679 778 cives
706 740 746 777 in
772 739 844 776 hac
871 738 1065 791 republica
1089 737 1160 775 effe
1188 738 1409 790 usurpatum
1429 739 1660 777 recordatur.
1696 738 1803 776 Alter

412 806 610 858 intelligit,
641 814 808 843 mortem
830 817 850 842 a
869 804 957 842 Diis
977 802 1264 841 immortalibus
1292 817 1370 841 non
1395 803 1466 840 effe
1491 803 1669 856 supplicii
1696 802 1803 841 causa

412 872 674 916 constitutam,
704 870 763 908 sed
784 879 848 908 aut
869 869 1127 908 neceffitatem
1148 877 1303 913 naturae,
1335 877 1400 905 aut
1420 868 1596 906 laborum
1617 882 1659 906 ac
1687 868 1800 906 mise-

412 939 555 976 riarum
576 939 747 990 quietem
769 936 862 974 effe:
894 937 1023 988 itaque
1044 948 1128 972 eam
1149 934 1330 986 sapientes
1351 947 1551 986 nunquam
1573 934 1700 978 inviti,
1721 932 1801 971 for-

412 1014 468 1042 tes
489 1005 604 1042 etiam
627 1004 719 1057 saepe
739 1003 917 1047 libenter,
948 1001 1230 1055 oppetiverunt.
1264 1000 1431 1038 Vincula
1450 1014 1551 1044 vero,
1583 1009 1621 1038 et
1640 1013 1683 1037 ea
1701 1000 1802 1038 sem-

412 1070 574 1123 piterna,
593 1078 695 1108 certe
714 1069 760 1106 ad
776 1067 1002 1120 singularem
1023 1080 1179 1120 poenam
1200 1064 1334 1104 nefarii
1355 1065 1502 1104 sceleris
1522 1066 1677 1104 inventa
1698 1065 1802 1103 sunt:

413 1137 541 1188 itaque
559 1135 784 1188 municipiis
804 1133 994 1186 dispertiri
1008 1132 1135 1185 jubet.
1159 1132 1315 1170 Habere
1332 1132 1483 1170 videtur
1498 1131 1565 1169 ista
1580 1145 1636 1170 res
1656 1131 1803 1184 iniqui-

414 1211 548 1247 tatem,
580 1202 605 1240 s1
639 1203 826 1254 imperare
859 1199 952 1237 velis
969 1217 981 1244 ς
1017 1197 1303 1242 difficultatem,
1335 1198 1361 1234 fi
1393 1211 1535 1250 rogare.
1568 1199 1807 1236 Decernatur

414 1278 557 1313 tamen,
589 1268 614 1305 fi
640 1267 790 1320 placet:
823 1279 894 1318 ego
920 1265 1025 1303 enim
1053 1263 1270 1316 suscipiam,
1300 1272 1351 1307 et,
1383 1273 1426 1301 ut
1451 1263 1571 1316 spero,
1603 1264 1803 1316 reperiam,

415 1334 483 1385 qui
503 1334 556 1378 id,
575 1332 679 1386 quod
699 1332 827 1370 salutis
848 1330 1028 1369 omn1um
1048 1329 1157 1368 causa
1176 1329 1392 1374 statueritis,
1415 1342 1492 1367 non
1511 1338 1621 1382 putet
1641 1328 1711 1367 effe
1731 1328 1804 1367 suae

415 1400 612 1451 dignitatis
635 1398 814 1436 recusare.

470 1465 661 1517 Adjungit
680 1478 834 1516 gravem
855 1476 1011 1517 poenam
1032 1462 1312 1516 municipibus,
1343 1463 1369 1501 fi
1390 1464 1476 1515 quis
1496 1476 1631 1501 eorum
1652 1461 1806 1500 vincula

415 1532 560 1585 ruperit
579 1546 588 1569 ε
619 1530 824 1568 horribiles
843 1529 1029 1568 custodias
1051 1529 1279 1574 circumdat,
1311 1538 1349 1567 et
1369 1529 1484 1582 digna
1510 1529 1646 1567 scelere
1672 1527 1805 1566 horni-

415 1613 511 1636 num
533 1599 771 1651 perditorum
792 1597 925 1641 sancit,
955 1609 1001 1634 ne
1022 1596 1108 1648 quis
1127 1609 1264 1634 eorum
1291 1610 1462 1648 poenam‚
1494 1609 1589 1648 quos
1617 1595 1805 1634 condem-

416 1674 494 1709 nat,
513 1674 576 1702 aut
593 1678 659 1717 per
676 1664 862 1708 senatum,
881 1671 945 1700 aut
965 1675 1032 1714 per
1046 1662 1252 1714 populum,
1271 1662 1393 1699 levare
1408 1661 1539 1714 poffit:
1562 1661 1675 1714 eripit
1691 1661 1806 1699 etiam

415 1731 536 1783 spem,
567 1745 651 1783 quae
671 1731 746 1769 sola
765 1729 967 1768 hominem
987 1728 1027 1766 in
1049 1728 1209 1765 miseriis
1230 1728 1413 1765 consolari
1435 1728 1541 1765 solet.
1574 1729 1679 1765 Bona
1706 1740 1804 1778 prae-

416 1807 516 1835 terea
536 1797 723 1849 publicari
737 1796 873 1848 jubet:
897 1794 1016 1832 vitam
1037 1793 1153 1831 solam
1174 1793 1359 1844 relinquit
1380 1792 1531 1830 nefariis
1551 1791 1803 1831 hominibus:

416 1876 534 1914 quam
555 1854 580 1899 s1
601 1860 806 1914 eripuisset,
837 1859 979 1897 multas
1007 1872 1084 1896 uno
1111 1858 1241 1896 dolore
1268 1858 1388 1896 animi
1415 1867 1528 1910 atque
1554 1858 1737 1910 corporis,
1768 1866 1807 1896 et

416 1941 551 1965 omnes
590 1927 788 1971 scelerum,
825 1938 955 1979 poenas
987 1923 1194 1962 ademisset.
1233 1925 1378 1976 Itaque,
1416 1933 1459 1961 ut
1494 1924 1621 1975 aliqua
1655 1924 1695 1961 in
1731 1924 1807 1961 vita

416 1993 586 2032 formido
616 1992 805 2045 improbis
836 1991 925 2029 efl‘et
955 1991 1087 2044 posita,
1118 1990 1218 2043 apud
1245 1989 1386 2027 inferos
1414 1989 1602 2042 ejusmodi
1631 1990 1807 2042 quaedam

416 2061 475 2099 illi
496 2061 645 2112 antiqui
666 2059 850 2112 supplicia
870 2058 1000 2110 impiis
1020 2057 1224 2095 constituta
1243 2056 1313 2094 effe
1334 2056 1555 2094 voluerunt:
1579 2056 1682 2108 quod
1698 2057 1805 2094 vide-

418 2129 510 2165 licet
543 2126 822 2179 intelligebant,
853 2123 913 2162 his
947 2124 1119 2168 remotis,
1157 2137 1233 2161 non
1267 2122 1337 2161 esse
1368 2131 1534 2160 mortem
1569 2122 1688 2176 ipsam
1719 2137 1806 2176 per-

419 2194 706 2232 timescendam.

475 2262 524 2299 V.
557 2261 690 2304 Nunc,
724 2260 850 2297 Patres
871 2258 1092 2311 conscripti,
1123 2272 1193 2310 ego
1214 2271 1296 2296 mea
1317 2258 1428 2296 video
1457 2257 1550 2310 quid
1577 2256 1735 2295 interfit.
1768 2257 1807 2294 Si

416 2327 523 2364 eritis
545 2326 661 2364 secuti
682 2325 905 2364 sententiam
928 2326 976 2362 C.
1000 2324 1182 2369 Caesaris3
1214 2324 1398 2376 quoniam
1419 2323 1518 2361 hanc
1539 2324 1570 2361 is
1598 2324 1636 2361 in
1665 2322 1806 2375 repub-

420 2394 493 2431 lica
524 2393 639 2437 viam,
671 2406 756 2444 quae
788 2391 981 2444 popularis
1013 2390 1188 2435 habetur,
1221 2389 1368 2428 secutus
1400 2390 1466 2435 est,
1497 2389 1646 2428 fortasse
1678 2388 1806 2426 minus

417 2468 544 2504 erunt,
561 2458 635 2497 hoc
657 2460 808 2497 auctore
827 2466 865 2497 et
880 2457 1077 2510 cognitore
1093 2454 1250 2509 hujusce
1270 2456 1475 2502 sententiae,
1494 2455 1593 2494 mihi
1609 2453 1807 2508 populares
