2212 2835
668 169 759 207 DE
818 165 1011 206 LEGE
1071 162 1432 202 AGRARIA.
1692 172 1765 213 115

366 271 576 325 pervenire.
600 269 708 308 Nam
728 267 803 307 hoc
824 266 985 320 quidem
1005 266 1071 304 vix
1090 265 1142 303 est
1163 264 1274 303 liberi
1295 262 1446 317 populi,
1467 261 1532 299 vix
1555 260 1766 299 vestrorum

366 339 602 381 animorum,
631 349 673 373 ac
694 333 1004 387 magnificentiae.

424 405 496 443 IX.
529 403 629 455 Qis
650 402 777 453 legem
797 399 887 437 tulit
907 400 918 435 ?
942 397 1099 436 Rullus.
1132 396 1233 447 Qis
1255 396 1442 447 majorem
1463 403 1611 447 partem
1632 392 1767 446 populi

368 469 555 522 suffragiis
576 467 762 520 privavit?
786 464 943 503 Rullus.
967 463 1066 514 Qis
1088 461 1259 500 comitiis
1281 460 1461 513 praefuit?
1485 460 1643 498 Rullus.
1667 458 1767 510 Qis

368 536 505 580 tribus,
527 547 619 586 quas
641 532 778 577 voluit,
800 531 964 575 vocavit,
987 529 1096 567 nullo
1116 526 1272 566 custode
1291 526 1471 565 sortitus?
1494 526 1594 576 Qis
1610 524 1767 563 decem-

367 602 483 646 viros,
505 614 602 653 quos
622 599 762 644 voluit,
782 596 1013 636 renuntiavit
1031 595 1044 632 ?
1078 594 1186 633 Idem
1206 593 1365 632 Rullus.
1398 593 1529 644 Qem
1551 591 1768 644 principem

370 666 624 706 renuntiavit?
648 664 831 703 Rullum.
863 663 958 707 Vix,
980 659 1217 704 mehercule,
1239 659 1351 698 servis
1372 657 1448 697 hoc
1467 671 1558 696 eum
1580 657 1669 702 suis,
1692 670 1771 694 non

368 735 493 780 vobis,
524 733 706 772 omnium
731 731 910 785 gentium
937 729 1121 773 dominis,
1153 727 1409 781 probaturum
1435 725 1648 764 arbitrarer.
1682 724 1770 777 Op-

370 801 477 840 timae
502 800 604 854 leges
633 799 752 852 igitur
777 797 850 836 hac
878 797 963 850 lege
986 796 1062 835 fine
1081 795 1160 833 ulla
1179 793 1408 848 exceptione
1427 791 1628 831 tollentur.
1660 790 1773 828 Idem

369 867 464 920 legis
485 867 555 905 fibi
575 866 639 904 sua
659 865 743 918 lege
762 863 1003 902 curationem
1023 870 1151 915 petet:
1183 861 1302 905 idem,
1333 860 1478 912 majore
1504 866 1611 911 parte
1636 855 1775 910 populi

372 933 560 986 suffragiis
590 931 758 985 spoliata,
789 930 949 968 comitia
975 928 1158 966 habebit:
1190 940 1288 979 quos
1315 926 1432 970 volet,
1463 933 1578 977 atque
1604 924 1646 961 in
1673 923 1718 961 iis
1740 921 1776 960 se

373 999 516 1053 ipsum,
546 996 784 1036 renuntiabit
802 1010 811 1034 ε
843 1004 882 1033 et
901 994 1082 1033 videlicet
1101 993 1268 1045 collegas
1289 991 1388 1036 suos,
1409 990 1658 1043 adscriptor-es
1678 988 1774 1041 legis

374 1066 558 1119 Agrariae,
590 1077 666 1102 non
698 1061 930 1115 repudiabit,
961 1074 981 1098 a
1008 1059 1150 1112 quibus
1177 1059 1213 1096 ei
1239 1058 1347 1097 locus
1375 1057 1524 1110 primus
1551 1055 1706 1094 invidiae
1735 1055 1777 1093 in

376 1131 660 1187 praescriptione
680 1129 774 1181 legis
795 1126 990 1166 concessus
1010 1125 1082 1171 est;
1114 1125 1240 1164 caeteri
1260 1123 1408 1163 fructus
1429 1122 1610 1162 omnium
1631 1134 1776 1165 rerum,

375 1199 445 1252 qui
464 1199 505 1236 in
523 1197 587 1250 spe
607 1195 702 1249 legis
723 1193 839 1247 hujus
861 1192 972 1248 positi
992 1191 1093 1237 sunt,
1116 1190 1322 1230 communi
1341 1190 1519 1229 cautione
1533 1197 1649 1242 atque
1669 1200 1777 1240 aequa

375 1264 446 1303 fibi
465 1271 570 1318 parte
592 1262 816 1301 retinentur.

433 1332 489 1369 At
515 1330 642 1368 videte
667 1327 842 1368 hominis
868 1325 1126 1379 diligentiam,
1157 1324 1184 1362 fi
1211 1331 1276 1362 aut
1302 1322 1471 1361 Rullum
1491 1319 1684 1375 cogitaffe,
1715 1328 1781 1358 aut

376 1397 404 1437 fi
431 1397 554 1436 Rullo
579 1394 742 1450 potuiffe
773 1395 815 1432 in
846 1402 1019 1432 mentem
1045 1391 1187 1436 venire,
1217 1389 1473 1428 arbitramini.
1516 1387 1710 1426 Viderunt
1736 1386 1778 1430 ii,

379 1464 449 1517 qui
468 1462 551 1502 haec
573 1461 907 1505 machinabantur,
939 1459 965 1497 fi
986 1459 1094 1497 vobis
1114 1471 1162 1496 ex
1187 1457 1298 1496 omni
1324 1455 1472 1510 populo
1492 1454 1688 1508 deligendi
1708 1466 1780 1506 po-

380 1530 490 1568 testas
521 1529 609 1567 efi‘et
636 1529 735 1573 data,
767 1538 1007 1580 quaecunque
1033 1537 1090 1562 res
1117 1523 1220 1568 effet,
1252 1523 1292 1560 in
1323 1535 1400 1575 qua
1426 1522 1534 1566 fides,
1567 1521 1781 1574 integritas,

381 1596 516 1640 virtus,
546 1595 746 1633 auetoritas
767 1601 1012 1646 quaereretur,
1043 1603 1108 1628 vos
1136 1603 1222 1628 eam
1253 1589 1330 1626 fine
1357 1587 1597 1627 dubitatione
1627 1587 1673 1625 ad
1703 1587 1780 1624 Cn.

382 1662 618 1714 Pompeium
639 1660 856 1713 principem
872 1658 1078 1696 delaturos.
1102 1655 1278 1699 Etenim,
1300 1668 1417 1707 quem
1439 1667 1563 1692 unum
1590 1667 1638 1691 ex
1657 1666 1782 1691 cunc-

383 1728 432 1766 tis
460 1726 700 1780 delegissetis,
732 1735 775 1764 ut
801 1738 892 1764 eum
919 1723 1104 1762 omnibus
1131 1722 1312 1759 omnium
1337 1720 1515 1773 gentium
1543 1719 1655 1757 bellis
1687 1727 1785 1756 terra

383 1803 422 1832 et
448 1794 545 1831 mari
572 1790 868 1845 praeponeretis,
901 1798 1004 1827 certe
1032 1789 1072 1826 in
1100 1786 1327 1825 decemviris
1356 1785 1556 1830 faciendis,
1588 1784 1662 1823 five
1688 1783 1782 1822 fides

384 1859 600 1904 haberetur,
633 1859 705 1897 five
723 1857 862 1902 honos,
892 1865 930 1894 et
950 1855 1149 1894 committi
1169 1853 1262 1892 huic
1283 1853 1445 1907 optime,
1476 1861 1513 1891 et
1532 1850 1655 1890 ornari
1677 1850 1783 1889 hunc

380 1925 597 1979 justiffime,
628 1923 730 1977 pofi‘e
750 1922 1036 1976 intelligebant.

442 1993 577 2045 Itaque
608 1991 800 2044 excipitur
826 1989 898 2028 hac
930 1990 1012 2042 lege
1044 2000 1122 2026 non
1152 1986 1419 2032 adolescentia,
1451 1999 1530 2024 non
1561 1984 1785 2038 legitimum

387 2059 544 2112 aliquod
563 2058 910 2111 impediinentum,
933 2069 1009 2094 non
1030 2055 1206 2109 potestas,
1227 2068 1305 2093 non
1325 2053 1565 2107 magistratus
1584 2052 1685 2091 ullus
1702 2051 1784 2088 aliis

387 2126 551 2179 negotiis
571 2139 614 2164 ac
634 2124 785 2178 legibus
808 2123 1018 2177 impeditus
1035 2141 1046 2168 3
1069 2135 1154 2160 reus
1177 2121 1356 2174 denique,
1378 2133 1458 2173 quo
1475 2120 1606 2158 minus
1627 2118 1784 2156 decem-

390 2192 448 2229 vir
467 2191 548 2229 fieri
569 2190 694 2245 poffit,
725 2204 804 2229 non
824 2190 1031 2242 excipitur.
1064 2189 1141 2226 Cn.
1165 2187 1374 2241 PompeIus
1395 2186 1601 2239 excipitur,
1627 2197 1674 2222 ne
1694 2195 1786 2220 cum

393 2259 436 2295 P.
460 2256 594 2301 Rullo,
616 2265 722 2295 taceo
742 2257 788 2294 de
807 2256 967 2301 caeteris,
989 2254 1185 2293 decemvir
1199 2254 1281 2292 fieri
1301 2252 1426 2306 poffit.
1447 2251 1674 2290 Praesentem
1695 2261 1786 2285 eum

393 2322 712 2377 profiterijubet3
744 2323 850 2375 quod
876 2322 983 2360 nulla
1007 2321 1080 2359 alia
1108 2321 1147 2358 in
1175 2320 1258 2373 lege
1283 2332 1456 2372 unquam
1478 2317 1567 2361 fuit,
1598 2328 1645 2353 ne
1665 2314 1705 2352 in
1727 2311 1787 2351 his

380 2388 552 2441 ¹quidem
573 2387 878 2439 magistratibus,
909 2401 1078 2440 quorum
1099 2395 1225 2424 certus
1247 2386 1340 2425 ordo
1360 2384 1426 2422 est.
1460 2380 1646 2420 Timebat
1666 2379 1785 2423 enim,

395 2454 603 2508 Pompeius
619 2466 672 2493 ne
692 2453 717 2492 fi
736 2453 885 2500 adeffet,
915 2453 1005 2492 ferri
1026 2466 1101 2492 non
1123 2452 1243 2505 poffet
1260 2471 1271 2498 3
1303 2459 1382 2495 aut,
1414 2461 1476 2493 ne,
1507 2448 1534 2486 fi
1553 2456 1708 2500 accepta
1727 2446 1790 2485 lex

1402 2515 1432 2553 P
1465 2527 1486 2554 2
