<?xml version="1.0" encoding="UTF-8"?>
<!DOCTYPE html PUBLIC "-//W3C//DTD XHTML 1.0 Transitional//EN"
    "http://www.w3.org/TR/xhtml1/DTD/xhtml1-transitional.dtd">
<html xmlns="http://www.w3.org/1999/xhtml" xml:lang="en" lang="en">
 <head>
  <title>
</title>
<meta http-equiv="Content-Type" content="text/html;charset=utf-8" />
  <meta name='ocr-system' content='tesseract 3.04.00' />
  <meta name='ocr-capabilities' content='ocr_page ocr_carea ocr_par ocr_line ocrx_word'/>
</head>
<body>
  <div class='ocr_page' id='page_1' title='image "./operacumindicibu05ciceuoft_0312.png"; bbox 0 0 2212 2835; ppageno 0'>
   <div class='ocr_carea' id='block_1_1' title="bbox 478 137 1388 196">
    <p class='ocr_par' dir='ltr' id='par_1_1' title="bbox 478 137 1388 196">
     <span class='ocr_line' id='line_1_1' title="bbox 478 137 1388 196; baseline -0.005 -15"><span class='ocrx_word' id='word_1_1' title='bbox 478 155 556 196; x_wconf 81' lang='lat'>300</span> <span class='ocrx_word' id='word_1_2' title='bbox 984 137 1388 178; x_wconf 86' lang='lat' dir='ltr'>ORATIO</span> 
     </span>
    </p>
   </div>
   <div class='ocr_carea' id='block_1_2' title="bbox 470 232 1884 2482">
    <p class='ocr_par' dir='ltr' id='par_1_2' title="bbox 473 232 1875 951">
     <span class='ocr_line' id='line_1_2' title="bbox 474 232 1870 293; baseline -0.002 -15"><span class='ocrx_word' id='word_1_3' title='bbox 474 250 581 293; x_wconf 83' lang='lat' dir='ltr'>pater</span> <span class='ocrx_word' id='word_1_4' title='bbox 614 238 811 277; x_wconf 84' lang='lat' dir='ltr'>indicaret.</span> <span class='ocrx_word' id='word_1_5' title='bbox 849 235 886 273; x_wconf 95' lang='lat' dir='ltr'>O</span> <span class='ocrx_word' id='word_1_6' title='bbox 922 244 1070 288; x_wconf 90' lang='lat' dir='ltr'>patrem</span> <span class='ocrx_word' id='word_1_7' title='bbox 1105 233 1335 274; x_wconf 90' lang='lat' dir='ltr'>Cornelium</span> <span class='ocrx_word' id='word_1_8' title='bbox 1368 232 1604 287; x_wconf 83' lang='lat' dir='ltr'>sapientem!</span> <span class='ocrx_word' id='word_1_9' title='bbox 1640 234 1734 288; x_wconf 89' lang='lat' dir='ltr'>qui,</span> <span class='ocrx_word' id='word_1_10' title='bbox 1764 235 1870 289; x_wconf 85' lang='lat' dir='ltr'>quod</span> 
     </span>
     <span class='ocr_line' id='line_1_3' title="bbox 473 300 1871 358; baseline -0.003 -15"><span class='ocrx_word' id='word_1_11' title='bbox 473 306 623 358; x_wconf 81' lang='lat' dir='ltr'>praemii</span> <span class='ocrx_word' id='word_1_12' title='bbox 655 304 747 342; x_wconf 92' lang='lat' dir='ltr'>solet</span> <span class='ocrx_word' id='word_1_13' title='bbox 778 301 849 341; x_wconf 82' lang='lat' dir='ltr'>effe</span> <span class='ocrx_word' id='word_1_14' title='bbox 880 302 921 340; x_wconf 91' lang='lat' dir='ltr'>in</span> <span class='ocrx_word' id='word_1_15' title='bbox 952 301 1122 347; x_wconf 91' lang='lat' dir='ltr'>indicio,</span> <span class='ocrx_word' id='word_1_16' title='bbox 1154 301 1376 354; x_wconf 78' lang='lat' dir='ltr'>reliquerit3</span> <span class='ocrx_word' id='word_1_17' title='bbox 1408 300 1514 353; x_wconf 91' lang='lat' dir='ltr'>quod</span> <span class='ocrx_word' id='word_1_18' title='bbox 1543 301 1797 355; x_wconf 81' lang='lat' dir='ltr'>turpitudinis</span> <span class='ocrx_word' id='word_1_19' title='bbox 1829 302 1871 340; x_wconf 87' lang='lat' dir='ltr'>in</span> 
     </span>
     <span class='ocr_line' id='line_1_4' title="bbox 475 367 1873 423; baseline -0.003 -13"><span class='ocrx_word' id='word_1_20' title='bbox 475 370 730 416; x_wconf 85' lang='lat' dir='ltr'>confeffione,</span> <span class='ocrx_word' id='word_1_21' title='bbox 757 370 797 408; x_wconf 89' lang='lat' dir='ltr'>id</span> <span class='ocrx_word' id='word_1_22' title='bbox 827 383 895 423; x_wconf 88' lang='lat' dir='ltr'>per</span> <span class='ocrx_word' id='word_1_23' title='bbox 926 368 1207 407; x_wconf 82' lang='lat' dir='ltr'>accusationem</span> <span class='ocrx_word' id='word_1_24' title='bbox 1238 367 1311 407; x_wconf 87' lang='lat' dir='ltr'>filii</span> <span class='ocrx_word' id='word_1_25' title='bbox 1342 367 1558 422; x_wconf 84' lang='lat' dir='ltr'><strong>susceperit.</strong></span> <span class='ocrx_word' id='word_1_26' title='bbox 1591 368 1664 407; x_wconf 85' lang='lat' dir='ltr'>Sed</span> <span class='ocrx_word' id='word_1_27' title='bbox 1695 367 1790 420; x_wconf 91' lang='lat' dir='ltr'>quid</span> <span class='ocrx_word' id='word_1_28' title='bbox 1818 367 1873 406; x_wconf 89' lang='lat' dir='ltr'>est</span> 
     </span>
     <span class='ocr_line' id='line_1_5' title="bbox 475 433 1874 489; baseline -0.003 -13"><span class='ocrx_word' id='word_1_29' title='bbox 475 437 644 482; x_wconf 88' lang='lat' dir='ltr'>tandem,</span> <span class='ocrx_word' id='word_1_30' title='bbox 676 436 781 489; x_wconf 87' lang='lat' dir='ltr'>quod</span> <span class='ocrx_word' id='word_1_31' title='bbox 802 435 946 474; x_wconf 88' lang='lat' dir='ltr'>indicat</span> <span class='ocrx_word' id='word_1_32' title='bbox 967 449 1033 488; x_wconf 87' lang='lat' dir='ltr'>per</span> <span class='ocrx_word' id='word_1_33' title='bbox 1053 434 1168 473; x_wconf 89' lang='lat' dir='ltr'>istum</span> <span class='ocrx_word' id='word_1_34' title='bbox 1189 448 1355 488; x_wconf 90' lang='lat' dir='ltr'>puerum</span> <span class='ocrx_word' id='word_1_35' title='bbox 1376 434 1608 473; x_wconf 89' lang='lat' dir='ltr'>Cornelius?</span> <span class='ocrx_word' id='word_1_36' title='bbox 1633 435 1670 472; x_wconf 91' lang='lat' dir='ltr'>Si</span> <span class='ocrx_word' id='word_1_37' title='bbox 1691 433 1744 472; x_wconf 89' lang='lat' dir='ltr'>est</span> <span class='ocrx_word' id='word_1_38' title='bbox 1764 433 1874 472; x_wconf 85' lang='lat' dir='ltr'>causa</span> 
     </span>
     <span class='ocr_line' id='line_1_6' title="bbox 475 501 1870 556; baseline -0.002 -15"><span class='ocrx_word' id='word_1_39' title='bbox 475 502 577 541; x_wconf 87' lang='lat' dir='ltr'>mihi</span> <span class='ocrx_word' id='word_1_40' title='bbox 597 504 743 556; x_wconf 85' lang='lat' dir='ltr'>ignota,</span> <span class='ocrx_word' id='word_1_41' title='bbox 765 516 858 540; x_wconf 88' lang='lat' dir='ltr'>cum</span> <span class='ocrx_word' id='word_1_42' title='bbox 880 501 1086 540; x_wconf 76' lang='lat' dir='ltr'>Hortensio</span> <span class='ocrx_word' id='word_1_43' title='bbox 1106 502 1395 540; x_wconf 87' lang='lat' dir='ltr'>communicata</span> <span class='ocrx_word' id='word_1_44' title='bbox 1410 519 1422 546; x_wconf 64' lang='grc' dir='ltr'><strong><em>ς</em></strong></span> <span class='ocrx_word' id='word_1_45' title='bbox 1455 501 1676 555; x_wconf 84' lang='lat' dir='ltr'>respondeat</span> <span class='ocrx_word' id='word_1_46' title='bbox 1695 501 1870 539; x_wconf 90' lang='lat' dir='ltr'>Horten-</span> 
     </span>
     <span class='ocr_line' id='line_1_7' title="bbox 476 567 1875 614; baseline -0.003 -5"><span class='ocrx_word' id='word_1_47' title='bbox 476 570 564 609; x_wconf 84' lang='lat' dir='ltr'>fius.</span> <span class='ocrx_word' id='word_1_48' title='bbox 597 571 661 609; x_wconf 86' lang='lat' dir='ltr'>Sin</span> <span class='ocrx_word' id='word_1_49' title='bbox 682 579 724 608; x_wconf 91' lang='lat' dir='ltr'>tu</span> <span class='ocrx_word' id='word_1_50' title='bbox 745 569 798 607; x_wconf 82' lang='lat' dir='ltr'>ais</span> <span class='ocrx_word' id='word_1_51' title='bbox 819 569 933 607; x_wconf 87' lang='lat' dir='ltr'>illum</span> <span class='ocrx_word' id='word_1_52' title='bbox 955 569 1187 607; x_wconf 88' lang='lat' dir='ltr'>comitatum</span> <span class='ocrx_word' id='word_1_53' title='bbox 1208 568 1393 607; x_wconf 88' lang='lat' dir='ltr'>Autronii</span> <span class='ocrx_word' id='word_1_54' title='bbox 1412 576 1450 606; x_wconf 94' lang='lat' dir='ltr'>et</span> <span class='ocrx_word' id='word_1_55' title='bbox 1476 569 1654 607; x_wconf 86' lang='lat' dir='ltr'>Catilinae</span> <span class='ocrx_word' id='word_1_56' title='bbox 1671 597 1682 614; x_wconf 94' lang='lat'>‚</span> <span class='ocrx_word' id='word_1_57' title='bbox 1713 580 1805 606; x_wconf 89' lang='lat' dir='ltr'>cum</span> <span class='ocrx_word' id='word_1_58' title='bbox 1833 567 1875 605; x_wconf 88' lang='lat' dir='ltr'>in</span> 
     </span>
     <span class='ocr_line' id='line_1_8' title="bbox 476 632 1873 690; baseline -0.004 -14"><span class='ocrx_word' id='word_1_59' title='bbox 476 651 640 690; x_wconf 89' lang='lat' dir='ltr'>campo,</span> <span class='ocrx_word' id='word_1_60' title='bbox 671 635 931 675; x_wconf 87' lang='lat' dir='ltr'>consularibus</span> <span class='ocrx_word' id='word_1_61' title='bbox 958 635 1155 680; x_wconf 89' lang='lat' dir='ltr'>comitiis,</span> <span class='ocrx_word' id='word_1_62' title='bbox 1187 649 1272 687; x_wconf 86' lang='lat' dir='ltr'>quae</span> <span class='ocrx_word' id='word_1_63' title='bbox 1298 648 1318 673; x_wconf 90' lang='lat' dir='ltr'>a</span> <span class='ocrx_word' id='word_1_64' title='bbox 1343 648 1408 673; x_wconf 89' lang='lat' dir='ltr'>me</span> <span class='ocrx_word' id='word_1_65' title='bbox 1434 632 1565 673; x_wconf 89' lang='lat' dir='ltr'>habita</span> <span class='ocrx_word' id='word_1_66' title='bbox 1585 634 1697 680; x_wconf 88' lang='lat' dir='ltr'>sunt,</span> <span class='ocrx_word' id='word_1_67' title='bbox 1728 633 1873 673; x_wconf 86' lang='lat' dir='ltr'>caedem</span> 
     </span>
     <span class='ocr_line' id='line_1_9' title="bbox 476 699 1873 753; baseline -0.003 -11"><span class='ocrx_word' id='word_1_68' title='bbox 476 702 600 742; x_wconf 83' lang='lat' dir='ltr'>facere</span> <span class='ocrx_word' id='word_1_69' title='bbox 620 703 851 746; x_wconf 81' lang='lat' dir='ltr'>voluerunt3</span> <span class='ocrx_word' id='word_1_70' title='bbox 884 701 1125 739; x_wconf 84' lang='lat' dir='ltr'>Autronium</span> <span class='ocrx_word' id='word_1_71' title='bbox 1151 710 1237 738; x_wconf 91' lang='lat' dir='ltr'>tum</span> <span class='ocrx_word' id='word_1_72' title='bbox 1264 701 1304 738; x_wconf 93' lang='lat' dir='ltr'>in</span> <span class='ocrx_word' id='word_1_73' title='bbox 1331 714 1470 753; x_wconf 88' lang='lat' dir='ltr'>campo</span> <span class='ocrx_word' id='word_1_74' title='bbox 1490 701 1659 739; x_wconf 86' lang='lat' dir='ltr'>vidimus</span> <span class='ocrx_word' id='word_1_75' title='bbox 1680 716 1688 739; x_wconf 90' lang='lat'>:</span> <span class='ocrx_word' id='word_1_76' title='bbox 1720 709 1758 738; x_wconf 90' lang='lat' dir='ltr'>et</span> <span class='ocrx_word' id='word_1_77' title='bbox 1778 699 1873 752; x_wconf 87' lang='lat' dir='ltr'>quid</span> 
     </span>
     <span class='ocr_line' id='line_1_10' title="bbox 477 766 1871 819; baseline -0.004 -11"><span class='ocrx_word' id='word_1_78' title='bbox 477 770 558 809; x_wconf 77' lang='lat' dir='ltr'>dixi</span> <span class='ocrx_word' id='word_1_79' title='bbox 580 769 708 807; x_wconf 75' lang='lat' dir='ltr'>vidisse</span> <span class='ocrx_word' id='word_1_80' title='bbox 730 782 797 805; x_wconf 85' lang='lat' dir='ltr'>nos</span> <span class='ocrx_word' id='word_1_81' title='bbox 819 768 831 804; x_wconf 77' lang='grc' dir='ltr'><strong><em>ἓ</em></strong></span> <span class='ocrx_word' id='word_1_82' title='bbox 863 780 934 819; x_wconf 83' lang='lat' dir='ltr'>ego</span> <span class='ocrx_word' id='word_1_83' title='bbox 955 766 1033 803; x_wconf 83' lang='lat' dir='ltr'>vidi</span> <span class='ocrx_word' id='word_1_84' title='bbox 1053 781 1061 804; x_wconf 90' lang='lat'>:</span> <span class='ocrx_word' id='word_1_85' title='bbox 1094 780 1159 804; x_wconf 82' lang='lat' dir='ltr'>vos</span> <span class='ocrx_word' id='word_1_86' title='bbox 1180 766 1285 804; x_wconf 88' lang='lat' dir='ltr'>enim</span> <span class='ocrx_word' id='word_1_87' title='bbox 1308 775 1407 811; x_wconf 84' lang='lat' dir='ltr'>tum,</span> <span class='ocrx_word' id='word_1_88' title='bbox 1440 768 1610 817; x_wconf 78' lang='lat' dir='ltr'>Judices,</span> <span class='ocrx_word' id='word_1_89' title='bbox 1641 766 1742 805; x_wconf 86' lang='lat' dir='ltr'>nihil</span> <span class='ocrx_word' id='word_1_90' title='bbox 1761 766 1871 804; x_wconf 86' lang='lat' dir='ltr'>labo-</span> 
     </span>
     <span class='ocr_line' id='line_1_11' title="bbox 479 832 1872 886; baseline -0.003 -12"><span class='ocrx_word' id='word_1_91' title='bbox 479 836 630 880; x_wconf 84' lang='lat' dir='ltr'>rabatis,</span> <span class='ocrx_word' id='word_1_92' title='bbox 652 847 775 886; x_wconf 89' lang='lat' dir='ltr'>neque</span> <span class='ocrx_word' id='word_1_93' title='bbox 796 832 1102 885; x_wconf 84' lang='lat' dir='ltr'>suspicabamini.</span> <span class='ocrx_word' id='word_1_94' title='bbox 1137 833 1236 885; x_wconf 84' lang='lat' dir='ltr'>Ego,</span> <span class='ocrx_word' id='word_1_95' title='bbox 1260 834 1380 870; x_wconf 65' lang='lat' dir='ltr'>tectus</span> <span class='ocrx_word' id='word_1_96' title='bbox 1402 832 1572 885; x_wconf 75' lang='lat' dir='ltr'>praesidio</span> <span class='ocrx_word' id='word_1_97' title='bbox 1592 832 1705 870; x_wconf 88' lang='lat' dir='ltr'>firmo</span> <span class='ocrx_word' id='word_1_98' title='bbox 1725 832 1872 871; x_wconf 87' lang='lat' dir='ltr'>amico-</span> 
     </span>
     <span class='ocr_line' id='line_1_12' title="bbox 478 896 1758 951; baseline -0.003 -11"><span class='ocrx_word' id='word_1_99' title='bbox 478 915 580 946; x_wconf 87' lang='lat' dir='ltr'>rum,</span> <span class='ocrx_word' id='word_1_100' title='bbox 613 900 789 939; x_wconf 78' lang='lat' dir='ltr'>Catilinae</span> <span class='ocrx_word' id='word_1_101' title='bbox 811 908 897 937; x_wconf 90' lang='lat' dir='ltr'>turn</span> <span class='ocrx_word' id='word_1_102' title='bbox 919 908 956 936; x_wconf 92' lang='lat' dir='ltr'>et</span> <span class='ocrx_word' id='word_1_103' title='bbox 979 899 1162 936; x_wconf 85' lang='lat' dir='ltr'>Autronii</span> <span class='ocrx_word' id='word_1_104' title='bbox 1184 899 1311 951; x_wconf 82' lang='lat' dir='ltr'>copias</span> <span class='ocrx_word' id='word_1_105' title='bbox 1333 907 1370 936; x_wconf 84' lang='lat' dir='ltr'>et</span> <span class='ocrx_word' id='word_1_106' title='bbox 1390 907 1575 936; x_wconf 79' lang='lat' dir='ltr'>conatum</span> <span class='ocrx_word' id='word_1_107' title='bbox 1596 896 1758 951; x_wconf 85' lang='lat' dir='ltr'>repreffi.</span> 
     </span>
    </p>

    <p class='ocr_par' dir='ltr' id='par_1_3' title="bbox 470 963 1883 2019">
     <span class='ocr_line' id='line_1_13' title="bbox 533 963 1877 1020; baseline -0.003 -14"><span class='ocrx_word' id='word_1_108' title='bbox 533 967 648 1006; x_wconf 90' lang='lat' dir='ltr'>Num</span> <span class='ocrx_word' id='word_1_109' title='bbox 685 967 771 1020; x_wconf 86' lang='lat' dir='ltr'>quis</span> <span class='ocrx_word' id='word_1_110' title='bbox 807 966 858 1004; x_wconf 86' lang='lat' dir='ltr'>est</span> <span class='ocrx_word' id='word_1_111' title='bbox 894 966 1027 1018; x_wconf 81' lang='lat' dir='ltr'>igitur,</span> <span class='ocrx_word' id='word_1_112' title='bbox 1063 966 1131 1018; x_wconf 88' lang='lat' dir='ltr'>qui</span> <span class='ocrx_word' id='word_1_113' title='bbox 1166 975 1251 1004; x_wconf 86' lang='lat' dir='ltr'>tum</span> <span class='ocrx_word' id='word_1_114' title='bbox 1285 965 1386 1004; x_wconf 85' lang='lat' dir='ltr'>dicat</span> <span class='ocrx_word' id='word_1_115' title='bbox 1418 966 1457 1003; x_wconf 83' lang='lat' dir='ltr'>in</span> <span class='ocrx_word' id='word_1_116' title='bbox 1489 978 1674 1018; x_wconf 87' lang='lat' dir='ltr'>campum</span> <span class='ocrx_word' id='word_1_117' title='bbox 1707 963 1877 1019; x_wconf 78' lang='lat' dir='ltr'>aspiraffe</span> 
     </span>
     <span class='ocr_line' id='line_1_14' title="bbox 479 1031 1876 1087; baseline -0.003 -14"><span class='ocrx_word' id='word_1_118' title='bbox 479 1034 655 1087; x_wconf 83' lang='lat' dir='ltr'>Syllam?</span> <span class='ocrx_word' id='word_1_119' title='bbox 688 1034 828 1086; x_wconf 90' lang='lat' dir='ltr'>Atqui,</span> <span class='ocrx_word' id='word_1_120' title='bbox 859 1033 885 1071; x_wconf 89' lang='lat' dir='ltr'>fi</span> <span class='ocrx_word' id='word_1_121' title='bbox 915 1042 1000 1070; x_wconf 89' lang='lat' dir='ltr'>tum</span> <span class='ocrx_word' id='word_1_122' title='bbox 1029 1032 1064 1070; x_wconf 79' lang='lat' dir='ltr'>se</span> <span class='ocrx_word' id='word_1_123' title='bbox 1090 1046 1183 1071; x_wconf 91' lang='lat' dir='ltr'>cum</span> <span class='ocrx_word' id='word_1_124' title='bbox 1212 1032 1380 1070; x_wconf 78' lang='lat' dir='ltr'>Catilina</span> <span class='ocrx_word' id='word_1_125' title='bbox 1406 1031 1583 1070; x_wconf 90' lang='lat' dir='ltr'>societate</span> <span class='ocrx_word' id='word_1_126' title='bbox 1610 1031 1757 1070; x_wconf 78' lang='lat' dir='ltr'>sceieris</span> <span class='ocrx_word' id='word_1_127' title='bbox 1778 1045 1876 1070; x_wconf 86' lang='lat' dir='ltr'>con—</span> 
     </span>
     <span class='ocr_line' id='line_1_15' title="bbox 470 1098 1874 1155; baseline -0.003 -15"><span class='ocrx_word' id='word_1_128' title='bbox 470 1104 665 1155; x_wconf 86' lang='lat' dir='ltr'>junxerat,</span> <span class='ocrx_word' id='word_1_129' title='bbox 695 1114 765 1140; x_wconf 91' lang='lat' dir='ltr'>cur</span> <span class='ocrx_word' id='word_1_130' title='bbox 790 1100 837 1138; x_wconf 90' lang='lat' dir='ltr'>ab</span> <span class='ocrx_word' id='word_1_131' title='bbox 865 1113 911 1138; x_wconf 90' lang='lat' dir='ltr'>eo</span> <span class='ocrx_word' id='word_1_132' title='bbox 936 1099 1182 1138; x_wconf 75' lang='lat' dir='ltr'>discedebat?</span> <span class='ocrx_word' id='word_1_133' title='bbox 1214 1112 1283 1137; x_wconf 86' lang='lat' dir='ltr'>cur</span> <span class='ocrx_word' id='word_1_134' title='bbox 1312 1112 1407 1137; x_wconf 87' lang='lat' dir='ltr'>cum</span> <span class='ocrx_word' id='word_1_135' title='bbox 1437 1098 1632 1137; x_wconf 82' lang='lat' dir='ltr'>Autronio</span> <span class='ocrx_word' id='word_1_136' title='bbox 1658 1112 1736 1137; x_wconf 92' lang='lat' dir='ltr'>non</span> <span class='ocrx_word' id='word_1_137' title='bbox 1764 1098 1874 1137; x_wconf 83' lang='lat' dir='ltr'>erat?</span> 
     </span>
     <span class='ocr_line' id='line_1_16' title="bbox 479 1164 1881 1221; baseline -0.003 -14"><span class='ocrx_word' id='word_1_138' title='bbox 479 1183 548 1208; x_wconf 90' lang='lat' dir='ltr'>cur</span> <span class='ocrx_word' id='word_1_139' title='bbox 578 1169 619 1206; x_wconf 90' lang='lat' dir='ltr'>in</span> <span class='ocrx_word' id='word_1_140' title='bbox 649 1168 730 1221; x_wconf 90' lang='lat' dir='ltr'>pari</span> <span class='ocrx_word' id='word_1_141' title='bbox 761 1167 870 1206; x_wconf 86' lang='lat' dir='ltr'>causa</span> <span class='ocrx_word' id='word_1_142' title='bbox 901 1180 978 1205; x_wconf 91' lang='lat' dir='ltr'>non</span> <span class='ocrx_word' id='word_1_143' title='bbox 1010 1167 1112 1219; x_wconf 88' lang='lat' dir='ltr'>paria</span> <span class='ocrx_word' id='word_1_144' title='bbox 1142 1165 1246 1219; x_wconf 82' lang='lat' dir='ltr'>signa</span> <span class='ocrx_word' id='word_1_145' title='bbox 1276 1165 1519 1218; x_wconf 83' lang='lat' dir='ltr'>reperiuntur</span> <span class='ocrx_word' id='word_1_146' title='bbox 1548 1164 1756 1204; x_wconf 85' lang='lat' dir='ltr'>criminis?</span> <span class='ocrx_word' id='word_1_147' title='bbox 1788 1165 1881 1210; x_wconf 72' lang='lat' dir='ltr'>Sed,</span> 
     </span>
     <span class='ocr_line' id='line_1_17' title="bbox 479 1231 1877 1288; baseline -0.004 -14"><span class='ocrx_word' id='word_1_148' title='bbox 479 1236 666 1288; x_wconf 90' lang='lat' dir='ltr'>quoniam</span> <span class='ocrx_word' id='word_1_149' title='bbox 698 1233 901 1272; x_wconf 83' lang='lat' dir='ltr'>Cornelius</span> <span class='ocrx_word' id='word_1_150' title='bbox 933 1232 1010 1285; x_wconf 89' lang='lat' dir='ltr'>ipse</span> <span class='ocrx_word' id='word_1_151' title='bbox 1041 1233 1158 1271; x_wconf 89' lang='lat' dir='ltr'>etiam</span> <span class='ocrx_word' id='word_1_152' title='bbox 1189 1245 1293 1270; x_wconf 91' lang='lat' dir='ltr'>nunc</span> <span class='ocrx_word' id='word_1_153' title='bbox 1325 1231 1372 1269; x_wconf 92' lang='lat' dir='ltr'>de</span> <span class='ocrx_word' id='word_1_154' title='bbox 1401 1231 1609 1270; x_wconf 88' lang='lat' dir='ltr'>indicando</span> <span class='ocrx_word' id='word_1_155' title='bbox 1636 1231 1800 1277; x_wconf 89' lang='lat' dir='ltr'>dubitat,</span> <span class='ocrx_word' id='word_1_156' title='bbox 1833 1240 1877 1269; x_wconf 89' lang='lat' dir='ltr'>ut</span> 
     </span>
     <span class='ocr_line' id='line_1_18' title="bbox 480 1297 1879 1350; baseline -0.004 -10"><span class='ocrx_word' id='word_1_157' title='bbox 480 1302 634 1347; x_wconf 85' lang='lat' dir='ltr'>dicitis,</span> <span class='ocrx_word' id='word_1_158' title='bbox 665 1299 852 1339; x_wconf 88' lang='lat' dir='ltr'>informat</span> <span class='ocrx_word' id='word_1_159' title='bbox 880 1299 926 1337; x_wconf 87' lang='lat' dir='ltr'>ad</span> <span class='ocrx_word' id='word_1_160' title='bbox 956 1299 1031 1337; x_wconf 90' lang='lat' dir='ltr'>hoc</span> <span class='ocrx_word' id='word_1_161' title='bbox 1063 1299 1336 1337; x_wconf 88' lang='lat' dir='ltr'>adumbratum</span> <span class='ocrx_word' id='word_1_162' title='bbox 1369 1298 1560 1336; x_wconf 88' lang='lat' dir='ltr'>indicium</span> <span class='ocrx_word' id='word_1_163' title='bbox 1594 1297 1749 1343; x_wconf 89' lang='lat' dir='ltr'>filium;</span> <span class='ocrx_word' id='word_1_164' title='bbox 1782 1297 1879 1350; x_wconf 82' lang='lat' dir='ltr'>quid</span> 
     </span>
     <span class='ocr_line' id='line_1_19' title="bbox 480 1363 1877 1410; baseline -0.004 -3"><span class='ocrx_word' id='word_1_165' title='bbox 480 1369 637 1407; x_wconf 85' lang='lat' dir='ltr'>tandem</span> <span class='ocrx_word' id='word_1_166' title='bbox 656 1367 703 1405; x_wconf 91' lang='lat' dir='ltr'>de</span> <span class='ocrx_word' id='word_1_167' title='bbox 723 1366 790 1404; x_wconf 89' lang='lat' dir='ltr'>illa</span> <span class='ocrx_word' id='word_1_168' title='bbox 810 1367 922 1404; x_wconf 56' lang='lat' dir='ltr'>noete</span> <span class='ocrx_word' id='word_1_169' title='bbox 949 1365 1067 1410; x_wconf 88' lang='lat' dir='ltr'>dicit,</span> <span class='ocrx_word' id='word_1_170' title='bbox 1099 1379 1191 1403; x_wconf 87' lang='lat' dir='ltr'>cum</span> <span class='ocrx_word' id='word_1_171' title='bbox 1218 1365 1318 1403; x_wconf 90' lang='lat' dir='ltr'>inter</span> <span class='ocrx_word' id='word_1_172' title='bbox 1346 1363 1520 1403; x_wconf 83' lang='lat' dir='ltr'>falcarios</span> <span class='ocrx_word' id='word_1_173' title='bbox 1550 1364 1596 1402; x_wconf 88' lang='lat' dir='ltr'>ad</span> <span class='ocrx_word' id='word_1_174' title='bbox 1623 1364 1687 1403; x_wconf 85' lang='lat' dir='ltr'>M.</span> <span class='ocrx_word' id='word_1_175' title='bbox 1710 1365 1877 1403; x_wconf 83' lang='lat' dir='ltr'>Leccam</span> 
     </span>
     <span class='ocr_line' id='line_1_20' title="bbox 480 1430 1879 1486; baseline -0.003 -12"><span class='ocrx_word' id='word_1_176' title='bbox 480 1437 592 1475; x_wconf 67' lang='lat' dir='ltr'>nocte</span> <span class='ocrx_word' id='word_1_177' title='bbox 612 1448 666 1480; x_wconf 88' lang='lat' dir='ltr'>ea,</span> <span class='ocrx_word' id='word_1_178' title='bbox 689 1448 775 1486; x_wconf 83' lang='lat' dir='ltr'>quae</span> <span class='ocrx_word' id='word_1_179' title='bbox 794 1432 997 1472; x_wconf 86' lang='lat' dir='ltr'>consecuta</span> <span class='ocrx_word' id='word_1_180' title='bbox 1017 1431 1068 1470; x_wconf 89' lang='lat' dir='ltr'>est</span> <span class='ocrx_word' id='word_1_181' title='bbox 1088 1431 1282 1485; x_wconf 88' lang='lat' dir='ltr'>posterum</span> <span class='ocrx_word' id='word_1_182' title='bbox 1297 1431 1408 1469; x_wconf 87' lang='lat' dir='ltr'>diem</span> <span class='ocrx_word' id='word_1_183' title='bbox 1429 1445 1618 1470; x_wconf 90' lang='lat' dir='ltr'>nonarum</span> <span class='ocrx_word' id='word_1_184' title='bbox 1641 1430 1879 1470; x_wconf 83' lang='lat' dir='ltr'>Novembris</span> 
     </span>
     <span class='ocr_line' id='line_1_21' title="bbox 480 1497 1883 1550; baseline -0.005 -8"><span class='ocrx_word' id='word_1_185' title='bbox 480 1516 544 1542; x_wconf 90' lang='lat' dir='ltr'>me</span> <span class='ocrx_word' id='word_1_186' title='bbox 563 1500 733 1546; x_wconf 79' lang='lat' dir='ltr'>consule,</span> <span class='ocrx_word' id='word_1_187' title='bbox 755 1499 932 1538; x_wconf 86' lang='lat' dir='ltr'>Catilinae</span> <span class='ocrx_word' id='word_1_188' title='bbox 953 1498 1244 1537; x_wconf 83' lang='lat' dir='ltr'>denuntiatione</span> <span class='ocrx_word' id='word_1_189' title='bbox 1264 1498 1470 1537; x_wconf 90' lang='lat' dir='ltr'>convenit?</span> <span class='ocrx_word' id='word_1_190' title='bbox 1493 1512 1578 1550; x_wconf 85' lang='lat' dir='ltr'>quae</span> <span class='ocrx_word' id='word_1_191' title='bbox 1598 1511 1676 1535; x_wconf 86' lang='lat' dir='ltr'>nox</span> <span class='ocrx_word' id='word_1_192' title='bbox 1697 1497 1883 1536; x_wconf 80' lang='lat' dir='ltr'>omniurn.</span> 
     </span>
     <span class='ocr_line' id='line_1_22' title="bbox 479 1562 1879 1621; baseline -0.004 -14"><span class='ocrx_word' id='word_1_193' title='bbox 479 1578 704 1621; x_wconf 86' lang='lat' dir='ltr'>temporum</span> <span class='ocrx_word' id='word_1_194' title='bbox 724 1565 999 1618; x_wconf 84' lang='lat' dir='ltr'>conjurationis</span> <span class='ocrx_word' id='word_1_195' title='bbox 1021 1564 1205 1603; x_wconf 77' lang='lat' dir='ltr'>acerrima</span> <span class='ocrx_word' id='word_1_196' title='bbox 1220 1562 1296 1602; x_wconf 87' lang='lat' dir='ltr'>fuit</span> <span class='ocrx_word' id='word_1_197' title='bbox 1310 1593 1320 1608; x_wconf 89' lang='lat'>‚</span> <span class='ocrx_word' id='word_1_198' title='bbox 1352 1573 1467 1616; x_wconf 89' lang='lat' dir='ltr'>atque</span> <span class='ocrx_word' id='word_1_199' title='bbox 1486 1563 1735 1602; x_wconf 87' lang='lat' dir='ltr'>acerbiffima.</span> <span class='ocrx_word' id='word_1_200' title='bbox 1768 1563 1879 1602; x_wconf 88' lang='lat' dir='ltr'>Turn</span> 
     </span>
     <span class='ocr_line' id='line_1_23' title="bbox 481 1630 1878 1677; baseline -0.004 -3"><span class='ocrx_word' id='word_1_201' title='bbox 481 1635 659 1674; x_wconf 81' lang='lat' dir='ltr'>Catilinae</span> <span class='ocrx_word' id='word_1_202' title='bbox 680 1634 759 1672; x_wconf 88' lang='lat' dir='ltr'>dies</span> <span class='ocrx_word' id='word_1_203' title='bbox 781 1632 960 1677; x_wconf 87' lang='lat' dir='ltr'>exeundi,</span> <span class='ocrx_word' id='word_1_204' title='bbox 993 1641 1078 1669; x_wconf 90' lang='lat' dir='ltr'>tum</span> <span class='ocrx_word' id='word_1_205' title='bbox 1105 1631 1249 1669; x_wconf 83' lang='lat' dir='ltr'>caeteris</span> <span class='ocrx_word' id='word_1_206' title='bbox 1276 1630 1456 1669; x_wconf 87' lang='lat' dir='ltr'>manendi</span> <span class='ocrx_word' id='word_1_207' title='bbox 1483 1630 1670 1676; x_wconf 88' lang='lat' dir='ltr'>conditio,</span> <span class='ocrx_word' id='word_1_208' title='bbox 1702 1639 1788 1668; x_wconf 89' lang='lat' dir='ltr'>tum</span> <span class='ocrx_word' id='word_1_209' title='bbox 1809 1630 1878 1668; x_wconf 90' lang='lat' dir='ltr'>de-</span> 
     </span>
     <span class='ocr_line' id='line_1_24' title="bbox 481 1697 1881 1756; baseline -0.004 -15"><span class='ocrx_word' id='word_1_210' title='bbox 481 1702 635 1756; x_wconf 87' lang='lat' dir='ltr'>scriptio</span> <span class='ocrx_word' id='word_1_211' title='bbox 655 1710 776 1740; x_wconf 86' lang='lat' dir='ltr'>totam</span> <span class='ocrx_word' id='word_1_212' title='bbox 804 1714 871 1754; x_wconf 92' lang='lat' dir='ltr'>per</span> <span class='ocrx_word' id='word_1_213' title='bbox 899 1699 1036 1738; x_wconf 92' lang='lat' dir='ltr'>urbem</span> <span class='ocrx_word' id='word_1_214' title='bbox 1064 1698 1176 1736; x_wconf 82' lang='lat' dir='ltr'>caedis</span> <span class='ocrx_word' id='word_1_215' title='bbox 1204 1707 1319 1750; x_wconf 87' lang='lat' dir='ltr'>atque</span> <span class='ocrx_word' id='word_1_216' title='bbox 1345 1697 1643 1742; x_wconf 86' lang='lat' dir='ltr'>incendiorum,</span> <span class='ocrx_word' id='word_1_217' title='bbox 1674 1697 1881 1735; x_wconf 84' lang='lat' dir='ltr'>constit-uta</span> 
     </span>
     <span class='ocr_line' id='line_1_25' title="bbox 481 1762 1877 1819; baseline -0.006 -12"><span class='ocrx_word' id='word_1_218' title='bbox 481 1768 560 1807; x_wconf 89' lang='lat' dir='ltr'>est:</span> <span class='ocrx_word' id='word_1_219' title='bbox 593 1778 687 1806; x_wconf 88' lang='lat' dir='ltr'>tunc</span> <span class='ocrx_word' id='word_1_220' title='bbox 709 1777 796 1805; x_wconf 87' lang='lat' dir='ltr'>tuus</span> <span class='ocrx_word' id='word_1_221' title='bbox 817 1775 935 1819; x_wconf 88' lang='lat' dir='ltr'>pater,</span> <span class='ocrx_word' id='word_1_222' title='bbox 969 1763 1140 1808; x_wconf 86' lang='lat' dir='ltr'>Corneli,</span> <span class='ocrx_word' id='word_1_223' title='bbox 1171 1763 1212 1800; x_wconf 86' lang='lat' dir='ltr'>id</span> <span class='ocrx_word' id='word_1_224' title='bbox 1231 1762 1337 1815; x_wconf 90' lang='lat' dir='ltr'>quod</span> <span class='ocrx_word' id='word_1_225' title='bbox 1366 1762 1521 1801; x_wconf 85' lang='lat' dir='ltr'>tandem</span> <span class='ocrx_word' id='word_1_226' title='bbox 1548 1762 1753 1814; x_wconf 87' lang='lat' dir='ltr'>aliquando</span> <span class='ocrx_word' id='word_1_227' title='bbox 1781 1775 1877 1800; x_wconf 91' lang='lat' dir='ltr'>con-</span> 
     </span>
     <span class='ocr_line' id='line_1_26' title="bbox 481 1827 1879 1882; baseline -0.004 -10"><span class='ocrx_word' id='word_1_228' title='bbox 481 1834 637 1878; x_wconf 86' lang='lat' dir='ltr'>fitetur,</span> <span class='ocrx_word' id='word_1_229' title='bbox 669 1833 778 1871; x_wconf 82' lang='lat' dir='ltr'>illam</span> <span class='ocrx_word' id='word_1_230' title='bbox 808 1832 877 1870; x_wconf 86' lang='lat' dir='ltr'>fibi</span> <span class='ocrx_word' id='word_1_231' title='bbox 904 1830 1113 1869; x_wconf 86' lang='lat' dir='ltr'>officiosam</span> <span class='ocrx_word' id='word_1_232' title='bbox 1141 1829 1381 1882; x_wconf 87' lang='lat' dir='ltr'>provinciam</span> <span class='ocrx_word' id='word_1_233' title='bbox 1406 1827 1652 1881; x_wconf 87' lang='lat' dir='ltr'>depoposcit,</span> <span class='ocrx_word' id='word_1_234' title='bbox 1685 1837 1753 1874; x_wconf 88' lang='lat' dir='ltr'>ut,</span> <span class='ocrx_word' id='word_1_235' title='bbox 1785 1842 1879 1867; x_wconf 88' lang='lat' dir='ltr'>cum</span> 
     </span>
     <span class='ocr_line' id='line_1_27' title="bbox 482 1893 1881 1953; baseline -0.004 -15"><span class='ocrx_word' id='word_1_236' title='bbox 482 1901 607 1953; x_wconf 86' lang='lat' dir='ltr'>prima</span> <span class='ocrx_word' id='word_1_237' title='bbox 626 1899 712 1937; x_wconf 89' lang='lat' dir='ltr'>luce</span> <span class='ocrx_word' id='word_1_238' title='bbox 732 1897 927 1936; x_wconf 90' lang='lat' dir='ltr'>consulem</span> <span class='ocrx_word' id='word_1_239' title='bbox 949 1896 1156 1934; x_wconf 86' lang='lat' dir='ltr'>salutatum</span> <span class='ocrx_word' id='word_1_240' title='bbox 1175 1895 1320 1934; x_wconf 88' lang='lat' dir='ltr'>veniret</span> <span class='ocrx_word' id='word_1_241' title='bbox 1333 1924 1347 1940; x_wconf 85' lang='lat'><strong><em>,</em></strong></span> <span class='ocrx_word' id='word_1_242' title='bbox 1375 1893 1612 1933; x_wconf 72' lang='lat' dir='ltr'>intromissus</span> <span class='ocrx_word' id='word_1_243' title='bbox 1634 1907 1723 1933; x_wconf 91' lang='lat' dir='ltr'>meo</span> <span class='ocrx_word' id='word_1_244' title='bbox 1744 1908 1851 1934; x_wconf 89' lang='lat' dir='ltr'>more</span> <span class='ocrx_word' id='word_1_245' title='bbox 1865 1923 1881 1941; x_wconf 15' lang='grc' dir='ltr'>,Α</span> 
     </span>
     <span class='ocr_line' id='line_1_28' title="bbox 481 1961 1500 2019; baseline -0.006 -14"><span class='ocrx_word' id='word_1_246' title='bbox 481 1976 517 2006; x_wconf 91' lang='lat' dir='ltr'>et</span> <span class='ocrx_word' id='word_1_247' title='bbox 532 1967 619 2019; x_wconf 85' lang='lat' dir='ltr'>jure</span> <span class='ocrx_word' id='word_1_248' title='bbox 640 1964 835 2009; x_wconf 79' lang='lat' dir='ltr'>amicitiae,</span> <span class='ocrx_word' id='word_1_249' title='bbox 866 1977 928 2002; x_wconf 89' lang='lat' dir='ltr'>me</span> <span class='ocrx_word' id='word_1_250' title='bbox 949 1963 988 2001; x_wconf 84' lang='lat' dir='ltr'>in</span> <span class='ocrx_word' id='word_1_251' title='bbox 1010 1976 1097 2001; x_wconf 91' lang='lat' dir='ltr'>meo</span> <span class='ocrx_word' id='word_1_252' title='bbox 1118 1962 1260 2000; x_wconf 63' lang='lat' dir='ltr'>lectulo</span> <span class='ocrx_word' id='word_1_253' title='bbox 1281 1961 1500 2000; x_wconf 82' lang='lat' dir='ltr'>trucidaret.</span> 
     </span>
    </p>

    <p class='ocr_par' dir='ltr' id='par_1_4' title="bbox 483 2028 1884 2482">
     <span class='ocr_line' id='line_1_29' title="bbox 536 2028 1884 2083; baseline -0.006 -12"><span class='ocrx_word' id='word_1_254' title='bbox 536 2033 650 2071; x_wconf 88' lang='lat' dir='ltr'><strong>XIX.</strong></span> <span class='ocrx_word' id='word_1_255' title='bbox 683 2032 774 2069; x_wconf 88' lang='lat' dir='ltr'>Hoc</span> <span class='ocrx_word' id='word_1_256' title='bbox 796 2040 992 2083; x_wconf 86' lang='lat' dir='ltr'>tempore,</span> <span class='ocrx_word' id='word_1_257' title='bbox 1023 2043 1114 2067; x_wconf 91' lang='lat' dir='ltr'>cum</span> <span class='ocrx_word' id='word_1_258' title='bbox 1142 2028 1287 2067; x_wconf 86' lang='lat' dir='ltr'>arderet</span> <span class='ocrx_word' id='word_1_259' title='bbox 1310 2029 1493 2067; x_wconf 85' lang='lat' dir='ltr'>acerrime</span> <span class='ocrx_word' id='word_1_260' title='bbox 1513 2028 1754 2080; x_wconf 78' lang='lat' dir='ltr'>conjurati03</span> <span class='ocrx_word' id='word_1_261' title='bbox 1787 2042 1884 2068; x_wconf 75' lang='lat' dir='ltr'>curn.</span> 
     </span>
     <span class='ocr_line' id='line_1_30' title="bbox 483 2094 1880 2149; baseline -0.003 -12"><span class='ocrx_word' id='word_1_262' title='bbox 483 2098 652 2138; x_wconf 89' lang='lat' dir='ltr'>Catilina</span> <span class='ocrx_word' id='word_1_263' title='bbox 671 2096 912 2149; x_wconf 86' lang='lat' dir='ltr'>egrederetur</span> <span class='ocrx_word' id='word_1_264' title='bbox 931 2096 976 2133; x_wconf 91' lang='lat' dir='ltr'>ad</span> <span class='ocrx_word' id='word_1_265' title='bbox 997 2095 1226 2140; x_wconf 81' lang='lat' dir='ltr'>exercitum,</span> <span class='ocrx_word' id='word_1_266' title='bbox 1252 2094 1445 2133; x_wconf 91' lang='lat' dir='ltr'>Lentulus</span> <span class='ocrx_word' id='word_1_267' title='bbox 1466 2095 1506 2132; x_wconf 91' lang='lat' dir='ltr'>in</span> <span class='ocrx_word' id='word_1_268' title='bbox 1528 2095 1621 2132; x_wconf 93' lang='lat' dir='ltr'>urbe</span> <span class='ocrx_word' id='word_1_269' title='bbox 1642 2094 1880 2147; x_wconf 90' lang='lat' dir='ltr'>relinquere-</span> 
     </span>
     <span class='ocr_line' id='line_1_31' title="bbox 483 2160 1878 2215; baseline -0.004 -11"><span class='ocrx_word' id='word_1_270' title='bbox 483 2175 569 2211; x_wconf 77' lang='lat' dir='ltr'>tur5</span> <span class='ocrx_word' id='word_1_271' title='bbox 594 2163 738 2203; x_wconf 81' lang='lat' dir='ltr'>Caffius</span> <span class='ocrx_word' id='word_1_272' title='bbox 760 2162 963 2207; x_wconf 84' lang='lat' dir='ltr'>incendiis,</span> <span class='ocrx_word' id='word_1_273' title='bbox 987 2160 1183 2214; x_wconf 85' lang='lat' dir='ltr'>Cethegus</span> <span class='ocrx_word' id='word_1_274' title='bbox 1205 2161 1313 2206; x_wconf 60' lang='lat' dir='ltr'>credi,</span> <span class='ocrx_word' id='word_1_275' title='bbox 1334 2169 1645 2215; x_wconf 75' lang='lat' dir='ltr'>praeponeretur3</span> <span class='ocrx_word' id='word_1_276' title='bbox 1669 2162 1878 2207; x_wconf 87' lang='lat' dir='ltr'>Autronio,</span> 
     </span>
     <span class='ocr_line' id='line_1_32' title="bbox 484 2227 1879 2283; baseline -0.003 -13"><span class='ocrx_word' id='word_1_277' title='bbox 484 2242 526 2270; x_wconf 88' lang='lat' dir='ltr'>ut</span> <span class='ocrx_word' id='word_1_278' title='bbox 546 2238 751 2283; x_wconf 87' lang='lat' dir='ltr'>occuparet</span> <span class='ocrx_word' id='word_1_279' title='bbox 774 2229 970 2268; x_wconf 83' lang='lat' dir='ltr'>Etruriam</span> <span class='ocrx_word' id='word_1_280' title='bbox 986 2258 996 2273; x_wconf 92' lang='lat'>‚</span> <span class='ocrx_word' id='word_1_281' title='bbox 1026 2228 1330 2281; x_wconf 68' lang='lat' dir='ltr'>praescriberetur</span> <span class='ocrx_word' id='word_1_282' title='bbox 1347 2246 1358 2273; x_wconf 63' lang='grc' dir='ltr'><strong><em>ς</em></strong></span> <span class='ocrx_word' id='word_1_283' title='bbox 1391 2241 1483 2265; x_wconf 90' lang='lat' dir='ltr'>cum</span> <span class='ocrx_word' id='word_1_284' title='bbox 1503 2227 1634 2265; x_wconf 85' lang='lat' dir='ltr'>omnia</span> <span class='ocrx_word' id='word_1_285' title='bbox 1655 2227 1879 2266; x_wconf 88' lang='lat' dir='ltr'>ordinaren-</span> 
     </span>
     <span class='ocr_line' id='line_1_33' title="bbox 483 2293 1882 2349; baseline -0.004 -12"><span class='ocrx_word' id='word_1_286' title='bbox 483 2310 545 2337; x_wconf 87' lang='lat' dir='ltr'>tur</span> <span class='ocrx_word' id='word_1_287' title='bbox 560 2328 570 2344; x_wconf 94' lang='lat'>‚</span> <span class='ocrx_word' id='word_1_288' title='bbox 602 2297 908 2341; x_wconf 85' lang='lat' dir='ltr'>instituerentur,</span> <span class='ocrx_word' id='word_1_289' title='bbox 940 2304 1159 2349; x_wconf 86' lang='lat' dir='ltr'>pararentur</span> <span class='ocrx_word' id='word_1_290' title='bbox 1178 2309 1188 2333; x_wconf 73' lang='lat' dir='ltr'><em>z</em></span> <span class='ocrx_word' id='word_1_291' title='bbox 1220 2294 1287 2333; x_wconf 93' lang='lat' dir='ltr'>ubi</span> <span class='ocrx_word' id='word_1_292' title='bbox 1306 2293 1382 2333; x_wconf 89' lang='lat' dir='ltr'>fuit</span> <span class='ocrx_word' id='word_1_293' title='bbox 1404 2294 1529 2346; x_wconf 87' lang='lat' dir='ltr'>Sylla,</span> <span class='ocrx_word' id='word_1_294' title='bbox 1563 2294 1720 2332; x_wconf 89' lang='lat' dir='ltr'>Corneli</span> <span class='ocrx_word' id='word_1_295' title='bbox 1739 2295 1751 2331; x_wconf 93' lang='lat'>?</span> <span class='ocrx_word' id='word_1_296' title='bbox 1783 2308 1882 2333; x_wconf 89' lang='lat' dir='ltr'>num</span> 
     </span>
     <span class='ocr_line' id='line_1_34' title="bbox 483 2359 1879 2415; baseline -0.003 -13"><span class='ocrx_word' id='word_1_297' title='bbox 483 2364 650 2403; x_wconf 85' lang='lat' dir='ltr'>Romae?</span> <span class='ocrx_word' id='word_1_298' title='bbox 683 2364 808 2402; x_wconf 87' lang='lat' dir='ltr'>immo</span> <span class='ocrx_word' id='word_1_299' title='bbox 829 2363 943 2415; x_wconf 86' lang='lat' dir='ltr'>longe</span> <span class='ocrx_word' id='word_1_300' title='bbox 964 2360 1102 2400; x_wconf 89' lang='lat' dir='ltr'>abfuit.</span> <span class='ocrx_word' id='word_1_301' title='bbox 1124 2361 1238 2400; x_wconf 88' lang='lat' dir='ltr'>Num</span> <span class='ocrx_word' id='word_1_302' title='bbox 1258 2361 1298 2398; x_wconf 90' lang='lat' dir='ltr'>in</span> <span class='ocrx_word' id='word_1_303' title='bbox 1320 2361 1364 2399; x_wconf 86' lang='lat' dir='ltr'>iis</span> <span class='ocrx_word' id='word_1_304' title='bbox 1386 2361 1623 2414; x_wconf 85' lang='lat' dir='ltr'>regionibus,</span> <span class='ocrx_word' id='word_1_305' title='bbox 1645 2374 1724 2413; x_wconf 89' lang='lat' dir='ltr'>quo</span> <span class='ocrx_word' id='word_1_306' title='bbox 1745 2359 1780 2399; x_wconf 92' lang='lat' dir='ltr'>se</span> <span class='ocrx_word' id='word_1_307' title='bbox 1801 2361 1879 2399; x_wconf 86' lang='lat' dir='ltr'>Ca-</span> 
     </span>
     <span class='ocr_line' id='line_1_35' title="bbox 484 2425 1879 2482; baseline -0.004 -13"><span class='ocrx_word' id='word_1_308' title='bbox 484 2431 594 2469; x_wconf 83' lang='lat' dir='ltr'>tilina</span> <span class='ocrx_word' id='word_1_309' title='bbox 614 2428 832 2469; x_wconf 84' lang='lat' dir='ltr'>inferebat?</span> <span class='ocrx_word' id='word_1_310' title='bbox 864 2428 991 2468; x_wconf 85' lang='lat' dir='ltr'>multo</span> <span class='ocrx_word' id='word_1_311' title='bbox 1011 2428 1127 2467; x_wconf 86' lang='lat' dir='ltr'>etiam</span> <span class='ocrx_word' id='word_1_312' title='bbox 1153 2427 1321 2482; x_wconf 81' lang='lat' dir='ltr'>longius.</span> <span class='ocrx_word' id='word_1_313' title='bbox 1356 2428 1469 2467; x_wconf 85' lang='lat' dir='ltr'>Num</span> <span class='ocrx_word' id='word_1_314' title='bbox 1498 2428 1538 2466; x_wconf 91' lang='lat' dir='ltr'>in</span> <span class='ocrx_word' id='word_1_315' title='bbox 1565 2440 1654 2481; x_wconf 86' lang='lat' dir='ltr'>agro</span> <span class='ocrx_word' id='word_1_316' title='bbox 1683 2425 1879 2472; x_wconf 82' lang='lat' dir='ltr'>Camerti,</span> 
     </span>
    </p>
   </div>
  </div>
 </body>
</html>
