2212 2835
409 172 484 222 248
918 168 1320 207 ORATIO

407 268 490 306 suos
512 268 685 320 quidem,
717 274 846 311 notus,
877 279 942 303 vos
963 265 1131 309 docebit,
1163 264 1286 317 qualis
1315 266 1359 304 sit
1383 266 1431 305 L.
1456 267 1647 305 Flaccus?
1679 282 1797 321 quem

406 347 471 371 vos
499 333 818 371 modestissimum
849 331 1141 376 adolescentem,
1173 332 1380 384 provinciae
1408 334 1587 372 maximae
1616 334 1797 372 sanctissi-

407 414 518 437 mum
540 400 681 445 virum,
710 399 829 437 nostri
848 399 1035 436 exercitus
1063 397 1313 436 fortiffimum
1338 399 1520 444 militem,
1552 399 1797 452 diligentiffi-

405 479 518 503 mum
540 466 695 510 ducem,
726 465 1086 518 temperatiffimum
1107 464 1278 516 legatum
1300 465 1617 517 quaestoremque,
1649 460 1798 519 cogno-

406 542 543 570 verunt
562 533 574 569 ?
605 546 723 584 quem
744 545 810 569 vos
832 531 1029 584 praesentes
1049 531 1396 569 constantiffimum
1418 532 1641 577 senatorem,
1667 532 1795 585 justis-

405 599 547 637 fimum
566 608 780 651 praetorem‚
798 612 839 636 ac
860 597 1161 636 amantissimum
1182 597 1404 650 reipublicae
1424 599 1564 643 civem,
1577 598 1798 650 judicastis?

407 666 470 703 De
501 666 642 717 quibus
674 679 740 704 vos
772 665 853 702 aliis
885 663 994 702 testes
1027 663 1097 701 effe
1128 663 1288 708 debetis,
1320 663 1366 701 de
1397 665 1442 702 iis
1470 664 1538 717 ipfi
1565 664 1657 702 alios
1690 665 1799 703 testes

406 732 567 769 audietis
587 732 599 769 ?

463 798 534 836 IV.
567 798 622 835 At
642 810 738 849 quos
762 787 869 835 testes}
888 797 901 833 ?
934 796 1115 835 Primum
1136 795 1277 840 dicam,
1310 796 1349 833 id
1375 797 1479 847 quod
1499 798 1551 835 est
1571 811 1796 842 commune,

408 865 592 901 Graecos:
626 877 703 901 non
731 877 810 916 quo
836 862 985 901 nationi
1007 861 1100 900 huic
1128 875 1200 914 ego
1228 875 1325 899 unus
1354 863 1523 900 maxime
1549 863 1666 901 fidem
1687 864 1798 902 dero-

405 943 523 982 gem3
555 943 660 974 nam,
692 929 717 967 s1
737 930 823 982 quis
844 942 1018 981 unquam
1038 928 1085 966 de
1111 927 1245 965 nostris
1270 926 1498 966 hominibus
1526 942 1546 965 a
1572 942 1709 980 genere
1729 929 1798 967 isto

407 996 530 1034 studio
557 1010 599 1033 ac
626 995 821 1033 voluntate
852 1009 929 1033 non
956 993 1163 1032 abhorrens
1191 993 1281 1038 fuit,
1314 1007 1376 1031 me
1401 1003 1438 1031 et
1465 994 1535 1032 effe
1555 995 1731 1040 arbitror,
1762 1004 1801 1033 et

407 1063 528 1114 magis
555 1063 672 1100 etiam
699 1072 800 1107 tum,
831 1076 923 1100 cum
950 1061 1036 1114 plus
1063 1070 1141 1098 erat
1167 1061 1251 1104 otii,
1283 1059 1418 1098 fuiffe:
1453 1060 1514 1098 sed
1542 1061 1628 1098 sunt
1659 1061 1699 1099 in
1729 1060 1800 1099 illo

407 1142 569 1167 numero
588 1128 705 1166 multi
726 1128 833 1172 boni,
865 1128 980 1172 docti,
1012 1127 1212 1179 pudentes,
1245 1126 1312 1177 qui
1338 1126 1385 1162 ad
1411 1125 1487 1164 hoc
1507 1126 1705 1178 judicium
1731 1126 1799 1164 de-

406 1196 512 1233 ducti
534 1210 610 1233 non
630 1195 742 1239 sunt5
776 1195 892 1232 multi
912 1194 1173 1247 impudentes,
1205 1192 1389 1237 illiterati,
1420 1193 1533 1237 leves,
1565 1207 1663 1246 quos
1687 1194 1798 1232 variis

408 1262 454 1299 de
474 1262 590 1300 caufis
612 1261 722 1299 video
741 1261 968 1299 concitatos.
999 1260 1266 1297 Veruntamen
1289 1257 1364 1296 hoc
1385 1259 1472 1298 dico
1493 1259 1539 1297 de
1560 1269 1642 1298 toto
1661 1273 1800 1312 genere

408 1329 663 1366 Graecorum:
697 1328 826 1365 tribuo
851 1327 927 1364 illis
957 1326 1098 1371 literas,
1131 1326 1180 1363 do
1212 1325 1424 1363 multarum
1454 1326 1597 1364 artium
1624 1325 1798 1379 discipli-

408 1407 511 1438 nam,
530 1407 606 1431 non
627 1394 756 1432 adimo
776 1393 958 1431 sermonis
979 1393 1165 1445 leporem,
1187 1391 1433 1443 ingeniorum
1453 1404 1629 1437 acumen,
1647 1392 1800 1430 dicendi

406 1461 557 1513 copiam
575 1479 586 1505 ς
619 1461 784 1512 denique
805 1459 935 1504 etiam,
966 1458 993 1496 fi
1019 1471 1096 1510 qua
1115 1458 1184 1495 fibi
1204 1457 1276 1495 alia
1295 1457 1466 1502 sumunt,
1498 1471 1575 1496 non
1595 1471 1797 1511 repugno:

408 1527 714 1565 testimoniorum
742 1525 970 1578 religionem
996 1533 1034 1562 et
1060 1523 1179 1561 fidem
1206 1536 1405 1575 nunquam
1433 1523 1500 1561 ista
1519 1524 1624 1562 natio
1644 1524 1768 1562 coluit
1783 1542 1796 1570 ς

408 1593 601 1646 totiusque
620 1591 778 1646 hujusce
799 1591 851 1630 rei
872 1605 956 1644 quae
978 1590 1022 1628 s1t
1046 1590 1118 1635 vis,
1149 1603 1234 1643 quae
1261 1590 1476 1634 auetoritas,
1508 1590 1612 1643 quod
1630 1590 1798 1643 pondus,

406 1660 597 1712 ignorant.

464 1727 578 1765 Unde
598 1728 696 1766 illud
717 1728 782 1773 est,
807 1729 877 1767 Da
895 1727 984 1766 mihi
1000 1725 1227 1779 testimonium
1244 1735 1406 1764 mutuum
1422 1726 1436 1762 ?
1459 1739 1554 1763 num
1576 1725 1796 1770 Gallorum,

407 1806 502 1830 num
536 1794 814 1846 Hispanorum,
846 1792 1033 1846 putatur?
1065 1793 1216 1830 Totum
1251 1791 1349 1828 istud
1381 1792 1609 1829 Graecorum
1643 1790 1723 1828 esti
1755 1799 1799 1828 ut

407 1860 537 1904 etiam,
559 1854 638 1911 ⁴qui
671 1862 804 1898 Graece
835 1859 1024 1904 nesciunt,
1054 1858 1145 1903 hoc,
1177 1857 1318 1911 quibus
1346 1857 1469 1895 verbis
1498 1870 1517 1895 a
1543 1857 1689 1894 Graecis
1720 1856 1798 1894 dici

407 1924 536 1969 soleat,
568 1925 698 1964 sciant.
731 1927 865 1978 Itaque
899 1925 1038 1969 videte,
1075 1938 1154 1977 quo
1186 1923 1308 1968 vultu,
1345 1936 1421 1975 qua
1453 1922 1699 1967 confidentia,
1735 1922 1797 1960 di-

406 2000 521 2035 cant3
554 2002 639 2028 turn
671 1991 908 2043 intelligetis,
928 2005 1015 2043 qua
1045 1991 1229 2042 religione
1259 1990 1400 2027 dicant.
1434 1989 1651 2040 Nunquam
1685 1988 1798 2026 nobis

405 2056 452 2094 ad
479 2066 656 2108 rogatum
684 2056 939 2110 respondent;
972 2056 1119 2108 semper
1146 2055 1351 2093 accusatori
1380 2055 1480 2107 pluS,
1511 2067 1628 2106 quam
1657 2054 1704 2091 ad
1734 2067 1798 2091 ro-

406 2134 541 2174 gatum
561 2138 569 2161 :
603 2136 802 2174 nunquam
825 2123 1011 2167 laborant,
1043 2121 1376 2174 quemadmodum
1398 2120 1575 2173 probent,
1607 2119 1712 2171 quod
1734 2119 1795 2157 di-

407 2199 528 2234 cunt;
561 2189 621 2227 sed
653 2190 984 2242 quemadmodum
1015 2189 1050 2227 se
1076 2188 1270 2241 explicent
1295 2187 1472 2225 dicendo.
1508 2188 1643 2228 Iratus,
1657 2186 1798 2225 Flacco

407 2257 505 2294 dixit
533 2257 596 2295 M.
620 2258 761 2301 Lurco,
793 2257 911 2308 quod,
945 2266 987 2294 ut
1013 2256 1090 2309 ipse
1116 2256 1249 2299 aiebat,
1282 2254 1441 2292 libertus
1473 2264 1550 2292 erat
1581 2255 1660 2306 ejus
1693 2254 1797 2306 turpi

400 2323 552 2374 judicio
573 2323 864 2361 condemnatus.
899 2322 1014 2360 Nihil
1037 2323 1149 2367 dixit,
1181 2321 1284 2374 quod
1306 2321 1455 2358 laederet
1475 2334 1580 2365 eum,
1612 2334 1704 2358 cum
1725 2333 1796 2358 cu-

407 2398 538 2441 peret:
571 2389 804 2442 impediebat
825 2390 929 2427 enim
951 2389 1111 2441 religio:
1145 2398 1271 2426 tamen
1293 2388 1345 2432 id,
1378 2387 1481 2439 quod
1508 2387 1620 2431 dixit,
1652 2394 1796 2438 quanto

404 2468 499 2492 cum
526 2456 685 2507 pudore,
717 2470 795 2509 quo
822 2465 986 2495 tremore
1013 2464 1050 2494 et
1076 2455 1234 2508 pallore,
1267 2454 1395 2492 dixit?
1429 2455 1559 2505 Qam
1591 2460 1794 2506 promptus
