2212 2835
438 298 467 325 p.

401 336 455 365 307

400 686 455 722 303

395 1765 451 1795 309

660 182 956 223 VARIAE
1041 180 1601 222 LECTIONES.

481 335 518 364 30
540 325 633 353 vestris
647 325 676 352 T
691 325 781 362 nostris

477 381 517 389 .-.
538 365 595 403 ipse
610 364 704 402 xipsae

477 420 517 428 —
538 415 608 442 pene
621 413 726 441 zpaene

479 455 513 483 3¹
540 445 572 472 In
678 443 791 471 creditis
803 457 827 481 χ
840 444 867 472 d.

478 500 518 506 —
535 484 636 520 judicii
653 497 668 514 5-
679 484 773 518 judices

480 534 519 562 34
538 524 639 556 vitam,
661 523 696 551 ab
716 523 801 551 initio
823 522 847 550 C
862 522 893 551 H
909 522 926 549 S
943 521 972 550 T
987 534 1013 556 ς,
1029 534 1052 560 χ
1065 520 1107 557 us-

599 574 627 591 ue

478 618 518 626 —-
539 576 710 640 exglicaxam
726 602 750 630 C
765 602 795 629 H
811 602 828 628 S
844 601 873 629 T
889 614 912 632 ς,
929 615 951 638 χ
966 601 1096 639 explicata

477 658 518 665 —-
539 653 603 670 cum
620 642 737 670 crimine
754 642 782 668 T
797 649 850 668 tum
865 644 958 668 crimen

500 694 514 720 3
538 690 642 710 ornatae
659 681 682 708 C
699 682 716 708 S
732 680 761 707 T
777 693 801 712 r,
818 693 837 715 χ
852 681 980 708 ordinatae

497 734 516 758 4
537 731 600 750 cum
616 721 644 748 T
660 729 712 748 tum

475 778 515 785 --
535 769 563 789 et
578 775 598 797 χ
612 763 639 788 d.

500 812 514 839 5
539 811 571 828 ac
586 802 610 828 C
625 807 650 828 et

496 840 514 867 6
536 841 650 879 degeret
666 854 681 870 r
696 848 786 876 tegeret

475 896 516 902 -—-
537 881 605 908 Non
622 881 698 907 cadit
715 879 739 907 C
756 880 784 906 H
802 878 1030 913 5Τς-,χ,ψᾶ.

496 930 522 957 7-
536 929 638 952 more3‚
659 929 715 947 non
731 920 761 947 H
776 929 863 951 mores,

479 969 514 988 10
537 967 614 987 tanta
628 959 677 987 ista
691 960 715 988 C
728 961 785 997 istae
797 966 898 987 tantum
915 957 943 985 H
958 959 1009 996 ista

479 1009 512 1028 12
537 1000 594 1027 ulla
609 1012 625 1028 r
639 999 689 1026 illa

478 1049 516 1076 14
538 1049 608 1067 unus
625 1046 681 1067 tam
697 1052 714 1068 ς
728 1041 802 1066 unius
816 1037 894 1072 causa

474 1094 515 1103 ——
536 1078 639 1106 belluae
655 1079 680 1107 C
696 1078 775 1106 heluae

477 1129 511 1157 ¹7
532 1119 611 1156 poffit
625 1119 655 1146 H
666 1119 743 1156 pffit

478 1161 513 1188 18
536 1159 670 1186 Autronii
686 1160 710 1186 C
726 1172 751 1192 r,
766 1171 786 1194 χ
800 1158 922 1186 Autronii

474 1212 515 1221 —-
536 1199 652 1226 Lentuli
665 1211 688 1236 χ
702 1200 729 1227 d.

475 1248 508 1267 21
535 1238 642 1266 indicia
657 1240 794 1275 Cjudicia

475 1288 512 1307 22
534 1286 562 1307 et
576 1278 717 1306 diuturnis
735 1279 763 1306 H
779 1279 907 1306 diuturnis
921 1277 950 1305 T
966 1285 989 1306 et
1003 1285 1034 1305 ex
1048 1277 1109 1305 dia·

574 1327 659 1346 tumus

476 1368 512 1395 ²3
535 1359 640 1385 morbis
657 1358 706 1385 ista
722 1358 745 1385 C
760 1357 863 1384 morbis.
889 1357 944 1393 {sta

477 1398 513 1426 26
536 1397 595 1425 haec
610 1397 638 1425 Η
653 1398 696 1424 hoc

475 1439 512 1466 28
536 1446 610 1465 nunc
624 1450 647 1473 χ
658 1438 722 1464 hunc

475 1487 513 1514 30
536 1476 667 1511 rejicietis
684 1476 708 1503 C
721 1477 806 1504 reiciet
816 1480 830 1503 's
844 1489 875 1511 χ,
888 1474 915 1511 ψ
929 1477 1026 1513 rqjefflis

472 1532 512 1538 -—-
533 1525 651 1543 numero
664 1530 685 1551 z
700 1517 725 1542 d.

473 1571 513 1577 —
532 1565 566 1583 ex
583 1555 611 1582 H
626 1563 649 1583 et
664 1568 695 1583 cx

474 1605 505 1634 31
533 1595 666 1623 familiari
680 1595 877 1634 zfamiliarum

475 1646 510 1673 3²
533 1644 638 1664 coetum
654 1649 681 1668 ς,
697 1650 719 1673 χ
733 1646 764 1663 ca
773 1637 826 1663 dem

471 1691 511 1697 -
532 1675 621 1713 igitur
636 1676 660 1703 C
676 1687 722 1713 quo
738 1675 802 1713 (pro
815 1686 872 1713 ergo
887 1682 913 1703 ut
926 1674 1052 1712 videtur)

475 1725 513 1753 34
535 1723 621 1752 partoe
636 1724 708 1752 zper
723 1724 747 1743 te

495 1765 510 1783 2
533 1755 640 1783 deseret
666 1756 689 1784 C
705 1755 733 1783 T
749 1757 858 1792 destruit
886 1755 916 1782 H
932 1755 949 1782 S
973 1754 1062 1791 deserit
1083 1769 1106 1791 χ

575 1796 703 1831 destritur

494 1845 507 1872 3
533 1835 680 1866 minitatur
693 1849 716 1872 χ
729 1838 843 1862 minatur

490 1890 531 1896 —
554 1875 628 1912 regit
643 1875 671 1902 T
684 1882 753 1913 reget

471 1930 512 1937 —-
533 1913 662 1951 quaefitor
677 1915 704 1942 H
722 1914 738 1941 S
755 1915 783 1942 T
797 1927 824 1946 ς,
842 1927 864 1951 χ
878 1916 985 1953 quctstor

493 1965 508 1990 7
533 1954 589 1981 loci
606 1967 621 1984 ς-
635 1953 701 1982 locus

492 1995 509 2022 8
532 2001 695 2030 torqueatur
722 1992 747 2021 C
764 1993 793 2021 H
810 1993 827 2020 S
843 1994 871 2021 T
896 2006 923 2027 ς,
938 2007 971 2031 χ,
989 1992 1015 2029 '7⁹‘
1039 1993 1103 2022 Ter-

574 2042 651 2071 qual?

471 2088 510 2095 --
531 2083 594 2110 quat
610 2073 638 2100 T
655 2082 730 2110 quam
742 2087 763 2108 χ
779 2073 845 2111 quod

494 2123 512 2150 9
533 2112 608 2150 quod
624 2126 645 2148 χ
665 2124 723 2150 quae

475 2162 511 2181 1ο
531 2162 584 2180 nec
601 2153 629 2181 H
646 2162 724 2190 neque

476 2202 511 2229 14
532 2200 626 2220 tamen
642 2206 657 2223 ς
671 2201 724 2220 tum

471 2248 512 2253 —
533 2232 551 2260 fi
566 2246 588 2269 χ
603 2234 630 2261 d.

476 2275 509 2300 18
533 2272 711 2300 honestorum
728 2272 757 2300 H
773 2271 803 2301 T
820 2286 843 2310 χ
855 2273 1070 2312 hongstiffi‘morum

472 2321 503 2340 21
532 2321 623 2340 arcem
639 2312 663 2339 C
677 2320 758 2340 artem
773 2325 789 2343 ς-
803 2324 890 2342 aurem

473 2361 508 2379 22
531 2351 663 2389 perfugia
677 2352 705 2380 T
717 2355 842 2390 profugia

473 2401 509 2429 24
532 2391 666 2421 facillime
682 2392 806 2430 Hsacile

1163 293 1192 321 p.

1165 331 1221 360 309

1166 766 1224 796 3¹0

1165 1684 1216 1712 3¹¹

1246 330 1282 356 24
1302 320 1420 359 perspici
1435 321 1464 349 T
1474 321 1585 360 prospici

1245 361 1281 389 26
1303 362 1339 389 est
1355 361 1378 388 C
1393 361 1421 388 T
1435 362 1462 389 d.

1242 416 1282 423 —
1304 401 1471 439 modiceque
1499 400 1524 429 C
1548 401 1564 429 S
1581 400 1610 429 T
1632 413 1655 438 χ
1681 399 1772 429 modice
1797 397 1826 427 H
1847 406 1871 428 e?

1348 444 1439 469 modice

1243 496 1282 503 —
1303 481 1419 518 inquam
1435 481 1466 509 H
1482 480 1498 508 S
1516 494 1541 513 r,
1559 493 1579 516 χ
1594 482 1623 508 d.

1246 531 1281 557 27
1301 521 1391 548 nostra
1406 521 1436 549 H
1450 520 1479 548 T
1493 534 1509 551 r
1523 523 1613 559 vestra

1243 576 1284 582 -—
1305 560 1355 597 qui
1371 560 1396 589 C
1410 564 1472 598 quia

1244 611 1280 638 z9
1301 601 1338 628 est
1352 615 1391 621 —-
1405 600 1518 637 Judices
1535 600 1559 628 C
1577 600 1606 628 H
1622 600 1638 628 S
1654 598 1683 628 T
1699 610 1726 632 ς,
1742 611 1774 636 χ,
1789 596 1817 633 ψ
1830 598 1856 625 a'.

1245 650 1282 677 30
1304 647 1397 667 caeteri
1411 653 1432 675 χ
1445 643 1546 668 caeteris

1242 695 1282 701 —
1304 686 1427 707 tacemus
1443 680 1467 708 C
1481 688 1608 707 taceamus

1245 728 1281 755 32
1303 719 1457 746 conceditis
1473 719 1502 746 H
1518 719 1535 746 S
1549 720 1682 747 concedetis

1269 768 1283 786 2
1307 765 1366 785 tum
1383 758 1406 784 C
1422 758 1452 785 H
1471 771 1497 789 ς,
1512 766 1595 785 tamen

1265 807 1284 834 4
1305 796 1425 833 supplici
1442 796 1603 834 Hficpplices

1266 846 1282 873 7
1305 844 1334 864 at
1349 835 1470 874 supplici
1485 837 1508 864 C
1525 836 1555 864 H
1570 849 1596 870 r,
1611 849 1633 873 χ
1647 834 1794 873 acfiapplici

1244 892 1285 899 --
1307 883 1335 904 at
1349 889 1371 912 χ
1384 884 1407 903 et
1422 874 1449 910 ψ
1463 884 1491 904 ut

1250 926 1283 945 12
1307 916 1345 943 fin
1362 916 1447 951 Tſsd

1249 966 1281 994 ¹3
1305 965 1401 993 parens
1416 963 1522 992 zpater

1242 1012 1283 1018 —
1303 996 1387 1024 etiam
1405 996 1428 1024 C
1442 997 1496 1033 fft

1248 1045 1284 1073 14
1306 1036 1345 1063 sui
1360 1036 1390 1064 H
1404 1049 1431 1069 ς,
1446 1049 1469 1073 χ
1482 1039 1522 1063 tui

1248 1086 1281 1114 ις
1305 1075 1357 1104 suis
1374 1075 1451 1111 Cfia'

1248 1126 1257 1144 1
1267 1126 1282 1153 7
1305 1115 1455 1144 adfuerunt
1470 1115 1500 1143 H
1512 1116 1656 1152 affuerant

1250 1166 1259 1184 1
1269 1159 1283 1184 8
1306 1156 1339 1183 iis
1354 1169 1370 1185 s-
1384 1157 1410 1185 d.

1247 1206 1284 1224 20
1305 1195 1367 1233 opis
1389 1195 1413 1224 C
1428 1197 1506 1232 operis

1244 1251 1284 1258 —·
1306 1235 1372 1263 ferri
1386 1238 1490 1273 zferre

1248 1287 1283 1305 22
1305 1276 1427 1313 gravitas
1442 1288 1464 1312 χ
1474 1277 1568 1313 gratia

1247 1316 1284 1344 26
1305 1316 1392 1343 salute
1407 1316 1526 1351 Csizluti

1243 1371 1284 1377 —
1305 1355 1470 1391 apertissime
1487 1355 1516 1382 H
1531 1355 1655 1392 aplffrne

1244 1406 1280 1430 ²7
1304 1394 1383 1422 senfit
1399 1393 1517 1429 Hsemit

1246 1437 1281 1463 28
1304 1433 1414 1471 disputo
1431 1433 1460 1461 H
1476 1434 1493 1461 S
1508 1447 1535 1468 r,
1550 1447 1574 1471 χ
1587 1432 1701 1470 dicosese
1713 1433 1812 1471 disputo

1243 1489 1283 1496 --
1305 1474 1363 1501 haec
1379 1475 1403 1500 C
1417 1475 1463 1501 hoc

1241 1529 1280 1536 —-
1302 1521 1329 1541 et
1343 1527 1359 1544 ς·
1373 1514 1400 1541 d.

1246 1564 1280 1592 33
1305 1553 1449 1582 attestante
1463 1552 1598 1580 memoria
1611 1552 1635 1580 C
1646 1552 1675 1580 H
1689 1553 1706 1579 S
1722 1566 1748 1585 r,
1759 1566 1781 1590 χ
1795 1552 1879 1588 attes-

1310 1603 1405 1622 tamcm
1420 1598 1560 1622 memoriam
1577 1593 1606 1620 T
1621 1595 1769 1630 mestumem
1787 1604 1874 1621 memo-

1349 1645 1417 1661 riam

1285 1683 1304 1710 4
1326 1684 1380 1702 non
1398 1675 1422 1702 C
1438 1675 1464 1702 d.

1240 1730 1280 1736 —
1301 1714 1336 1741 de
1352 1713 1546 1750 conjuratione
1559 1726 1580 1748 χ
1593 1714 1776 1750 conjurationis

1264 1765 1277 1792 5
1303 1764 1318 1781 a
1332 1754 1448 1781 sanitate
1463 1754 1486 1780 C
1501 1754 1529 1780 T
1544 1757 1569 1780 d.

1263 1796 1278 1822 8
1301 1793 1461 1821 conservare
1476 1793 1500 1820 C
1516 1793 1545 1820 H
1562 1794 1579 1820 S
1592 1793 1766 1829 5·‚xstrvare
1779 1790 1875 1827 Tsth

1345 1843 1434 1860 'starem

1242 1889 1282 1896 -—
1303 1873 1436 1900 inducam
1451 1884 1471 1907 χ
1485 1872 1603 1899 deducam

1241 1928 1281 1935 —
1303 1923 1392 1950 nuper
1407 1912 1430 1939 C
1445 1915 1470 1939 d.
1488 1911 1517 1939 H
1534 1921 1598 1939 nunc

1263 1963 1281 1991 9
1303 1951 1453 1980 retuderim
1470 1965 1486 1982 r
1500 1951 1654 1979 recunderim
1668 1962 1689 1985 χ
1704 1951 1841 1978 recuderim

1240 2008 1282 2015 —
1302 1992 1472 2020 restinxerim
1494 2004 1510 2021 ς
1520 1992 1715 2028 perstrinxerim

1245 2042 1279 2061 12
1301 2032 1440 2070 dignitate
1456 2031 1480 2058 C
1491 2032 1634 2068 gravitate

1247 2075 1280 2101 18
1304 2072 1352 2099 fim
1368 2072 1398 2099 H
1413 2070 1510 2107 Tfiem

1240 2128 1281 2136 -—
1301 2121 1333 2140 ea
1350 2112 1378 2140 H
1395 2112 1421 2140 d.

1244 2163 1279 2181 22
1301 2150 1460 2180 defenderis
1477 2150 1507 2178 H
1527 2151 1640 2187 dgfendis

1243 2203 1278 2230 23
1302 2192 1372 2220 nihil
1388 2191 1413 2219 C
1429 2201 1478 2218 non
1492 2190 1562 2218 nihil

1244 2242 1281 2270 29
1302 2230 1435 2260 omnibus
1459 2229 1490 2257 H
1504 2228 1648 2258 hominibus

1241 2288 1279 2294 -
1302 2281 1334 2300 ac
1351 2272 1374 2299 C
1388 2279 1412 2299 et

1240 2327 1280 2334 —
1300 2321 1333 2339 ea
1348 2311 1372 2339 C
1385 2310 1414 2338 H
1429 2321 1483 2338 mea

1242 2352 1279 2381 26
1302 2351 1392 2389 patria
1407 2351 1431 2379 C
1447 2350 1477 2378 H
1492 2349 1508 2377 S
1522 2348 1551 2377 T
1564 2361 1595 2385 χ,
1609 2348 1634 2382 ψ
1644 2350 1748 2385 patriae

1243 2401 1278 2428 27
1300 2401 1354 2429 ego
1369 2393 1392 2419 C
1409 2404 1434 2424 Γ,
1450 2403 1473 2427 χ
1485 2401 1510 2418 eo

1243 2442 1280 2471 ²9
1301 2431 1441 2462 videretur
1454 2430 1485 2460 H
1501 2429 1518 2459 S
1533 2429 1562 2459 T
1577 2441 1594 2462 ⁴,-
1608 2428 1714 2458 videtur
