2212 2835
635 105 774 146 PRO
832 106 1050 145 DOMO
1109 107 1255 147 SUA.
1568 123 1644 162 359

254 206 487 259 expectatus.
520 205 664 244 Multis
695 205 891 245 sententiis
917 208 1001 258 jam
1031 205 1162 251 dietis,
1194 214 1346 259 rogatus
1378 205 1462 245 sum
1493 206 1645 246 senten-

255 273 375 313 tiam:
398 274 480 311 dixi
500 273 720 326 reipublicae
739 273 1042 318 saluberrimam,
1074 272 1175 311 mihi
1196 273 1450 313 neceffariam.
1484 275 1645 314 Peteba-

257 349 320 378 tur
338 353 358 378 a
378 353 440 378 me
460 339 649 378 frumenti
668 339 780 393 copia
796 369 808 385 ‚
837 353 997 378 annonae
1023 339 1147 377 vilitas
1165 368 1176 384 ,
1208 340 1310 392 quafi
1333 340 1478 392 poffem
1499 342 1647 395 aliquid

257 407 299 444 in
318 420 360 444 ea
378 421 417 445 re
434 406 598 460 gerenda
615 421 625 445 z
657 419 734 444 non
754 405 980 444 habebatur.
1012 405 1231 457 Flagitabar
1255 406 1446 445 bonorum
1467 409 1647 461 expostu-

256 472 427 511 latione:
457 472 727 524 improborum
749 471 924 509 convicia
942 470 1121 508 sustinere
1141 483 1218 507 non
1241 480 1429 522 poteram.
1462 473 1648 526 Delegavi

256 539 384 576 amico
401 538 647 590 locupletior-i
665 552 674 576 :
706 551 785 575 non
805 550 884 589 quo
903 536 988 581 illi,
1018 536 1071 574 ita
1090 536 1137 574 de
1156 549 1220 574 me
1240 537 1400 582 merito,
1431 551 1528 576 onus
1549 540 1650 578 illud

254 605 511 657 imponerem,
544 602 852 655 (succubuiffem
873 603 979 641 enim
1000 603 1129 655 potius
1149 602 1256 656 ipse)
1279 603 1341 642 sed
1361 605 1453 657 quia
1472 605 1651 644 videbam

256 671 297 708 id
313 699 324 715 ,
356 671 461 723 quod
481 683 643 716 omnes;
676 669 782 723 quod
801 683 870 708 nos
891 670 937 708 de
964 671 1039 708 Cn.
1063 670 1253 723 Pompeio
1278 671 1552 723 polliceremur
1567 702 1578 718 ‚
1610 674 1651 711 id

255 737 372 776 illum
391 737 480 783 fide,
511 737 687 782 consilio,
716 738 871 782 virtute,
902 737 1138 782 auetoritate,
1169 735 1355 776 felicitate
1375 739 1543 792 denique
1570 740 1648 785 sua,

241 797 443 842 'facillime
464 803 740 857 perfesturum.

313 871 462 922 Itaque,
484 870 558 907 five
576 868 682 908 hunc
704 869 773 907 Dii
792 869 1029 908 immortales
1050 868 1223 907 fructum
1243 870 1320 908 mei
1339 871 1482 910 reditus
1503 873 1651 925 populo

258 936 439 975 Romano
469 936 676 981 tribuunt,
708 945 779 981 ut,
809 936 1142 989 quemadmodum
1178 936 1334 975 disceffu
1370 952 1458 977 meo
1488 938 1650 992 frugum

256 1003 402 1057 inopia,
431 1002 568 1048 fames,
599 1003 760 1048 vastitas,
792 1003 926 1048 caedes,
957 1003 1150 1048 incendia,
1181 1004 1334 1056 rapinae‚
1366 1004 1549 1044 scelerum
1572 1007 1651 1045 im—

257 1071 427 1122 punitas,
456 1069 561 1123 fuga,
593 1068 776 1114 formido,
807 1069 993 1108 discordia
1021 1068 1177 1114 fuiffet;
1209 1070 1260 1108 fic
1282 1071 1405 1108 reditu
1426 1086 1515 1110 meo
1536 1073 1651 1111 uber-

259 1145 315 1174 tas
334 1150 514 1190 agrorum
529 1165 541 1182 ‚
563 1135 722 1189 frugum
743 1137 876 1189 copia,
899 1136 980 1189 spes
1001 1137 1096 1180 otii,
1128 1138 1384 1189 tranquillitas
1405 1139 1621 1178 animorum
1638 1170 1650 1186 ,

254 1203 429 1254 judicia,
460 1203 588 1256 leges,
620 1203 824 1241 concordia
853 1203 1017 1256 populi,
1049 1202 1196 1241 senatus
1233 1205 1432 1242 auctoritas
1452 1234 1462 1250 ‚
1495 1220 1651 1244 mecum

259 1268 373 1307 fimul
406 1269 561 1307 reducta
595 1269 820 1307 videantur:
859 1269 932 1306 five
967 1278 1123 1321 egomet
1155 1269 1302 1321 aliquid
1336 1271 1500 1309 adventu
1536 1285 1651 1317 meo,

258 1334 432 1380 consilio,
461 1335 697 1380 auctoritate,
728 1335 943 1388 diligentia,
973 1347 1043 1387 pro
1063 1344 1171 1373 tanto
1193 1335 1381 1375 beneficio
1401 1338 1546 1390 populo
1568 1339 1652 1376 Ro-

258 1413 374 1440 mano
393 1401 564 1455 praestare
589 1401 733 1446 debui3
766 1401 899 1454 praesto
918 1430 928 1445 ,
960 1402 1149 1453 promitto
1165 1431 1176 1446 ,
1207 1402 1375 1454 spondeo
1396 1418 1405 1440 :
1439 1403 1539 1442 nihil
1565 1405 1656 1443 dico

257 1468 450 1520 amplius:
482 1467 573 1513 hoc,
603 1468 713 1520 quod
729 1467 813 1506 satis
832 1468 885 1506 est
905 1466 999 1505 huic
1020 1467 1205 1519 tempori,
1237 1467 1338 1513 dico,
1370 1471 1653 1523 rempublicam

259 1547 420 1572 annonae
437 1534 595 1572 nomine
615 1535 654 1572 in
674 1535 715 1572 id
735 1534 939 1572 discrimen
957 1562 967 1578 ‚
999 1547 1078 1586 quo
1098 1534 1302 1572 vocabatur
1318 1564 1329 1580 ,
1361 1549 1439 1574 non
1467 1536 1538 1575 effe
1557 1552 1652 1577 ven-

262 1609 402 1638 turam.

317 1666 432 1703 VIII.
464 1665 577 1703 Num
597 1666 718 1717 igitur
738 1666 778 1703 in
799 1664 874 1703 hoc
894 1665 1037 1710 officio,
1068 1666 1174 1717 quod
1195 1664 1272 1704 fuit
1291 1668 1483 1720 praecipue
1504 1682 1652 1714 meum,

261 1731 444 1770 sententia
473 1744 559 1769 mea
589 1731 918 1784 reprehenditur?
955 1732 1059 1770 Rem
1093 1733 1309 1771 maximam
1344 1734 1468 1788 eripui
1500 1749 1520 1773 a
1552 1736 1654 1789 peste

260 1798 404 1837 summi
423 1799 599 1851 periculi,
617 1812 694 1837 non
715 1798 839 1837 solum
859 1811 957 1844 eam,
974 1798 1035 1837 sed
1055 1799 1171 1837 etiam
1187 1813 1253 1837 vos
1273 1813 1294 1837 a
1313 1801 1426 1846 caede,
1449 1801 1652 1847 incendiis,

261 1865 456 1903 vastitate:
489 1878 605 1903 nemo
630 1874 769 1918 negat:
803 1879 895 1904 cum
923 1865 969 1903 ad
994 1865 1144 1904 causam
1170 1866 1336 1905 caritatis
1369 1867 1561 1906 accederet
1588 1868 1655 1906 iste

263 1931 475 1985 speculator
505 1932 779 1970 communium
807 1931 1058 1977 miseriarum,
1090 1932 1158 1984 qui
1188 1932 1336 1986 semper
1366 1935 1406 1972 in
1433 1935 1656 1987 reipublicae

262 1997 374 2035 malis
394 1995 540 2034 sceleris
560 1996 616 2034 sui
637 1996 736 2035 faces
757 1997 1020 2037 inflammarit.
1052 1996 1182 2050 Negat
1209 1999 1413 2052 oportuiffe
1441 2001 1655 2052 quidquam

264 2063 332 2100 uni
351 2070 457 2100 extra
475 2063 650 2101 ordinem
671 2063 836 2101 decerni.
869 2064 963 2102 Non
978 2065 1061 2116 jam
1081 2064 1155 2102 tibi
1175 2064 1225 2102 fic
1246 2065 1493 2118 respondebo,
1517 2075 1560 2104 ut
1580 2079 1654 2104 cae-

266 2128 381 2173 teris,
414 2128 489 2166 Cn.
513 2129 700 2181 Pompeio
730 2130 925 2182 plurima,
958 2130 1296 2183 periculofiffima,
1328 2132 1497 2170 maxima
1515 2160 1525 2176 ,
1558 2141 1654 2169 terra

264 2194 439 2245 marique
468 2193 567 2231 bella
592 2204 698 2233 extra
724 2195 899 2234 ordinem
925 2196 995 2235 effe
1023 2196 1223 2234 commissa
1238 2215 1249 2242 ;
1283 2211 1446 2249 quarum
1473 2211 1599 2235 rerum
1627 2197 1653 2234 fi

265 2272 381 2311 quern
413 2259 612 2311 poeniteat‚
642 2273 732 2298 eum
764 2261 930 2300 vidtoriae
959 2261 1095 2315 populi
1127 2262 1297 2300 Romani
1331 2263 1544 2315 poenitere:
1576 2274 1653 2298 non

265 2325 319 2364 ita
339 2334 468 2362 tecum
489 2338 574 2377 ago.

323 2392 428 2431 Cum
459 2390 519 2430 his
551 2391 633 2430 haec
663 2405 685 2429 a
715 2405 776 2431 me
803 2391 932 2431 haberi
960 2394 1080 2432 oratio
1106 2394 1240 2446 potest,
1272 2394 1338 2446 qui
1365 2393 1418 2431 ita
1445 2392 1651 2446 disputant,
