2332 2855
772 388 861 444 M.
954 386 1516 447 TULLII

482 620 1801 719 CICERONIS

1067 868 1217 903 PRO

584 1040 933 1098 LEGE
1047 1042 1695 1102 MANILIA

806 1256 937 1304 AD
1007 1256 1498 1305 POPULUM

858 1462 1220 1529 ORATQO
1292 1464 1428 1504 XIII.

690 1729 746 1758 ter
765 1721 1225 1773 multojueundiffirnus‚
1258 1721 1324 1760 hic
1345 1731 1474 1761 autem
1504 1723 1613 1761 locus
1644 1723 1690 1767 ad
1720 1737 1838 1776 agen-

689 1787 785 1825 dum
820 1787 1074 1841 ampliffimus
1089 1817 1100 1833 ,
1142 1787 1189 1826 ad
1223 1788 1433 1827 dicendum
1468 1789 1725 1828 ornatiffimus
1740 1818 1752 1834 ,
1786 1789 1841 1828 est

441 1852 555 1898 visus,
588 1853 762 1905 Qirites
778 1873 790 1899 ς
823 1863 953 1892 tamen
982 1853 1059 1893 hoc
1089 1855 1196 1893 aditu.
1224 1855 1374 1901 laudis,
1411 1856 1479 1909 qui
1509 1856 1658 1908 semper
1686 1856 1838 1909 optimo
1874 1879 1876 1881 ν

442 1919 584 1972 cuique
603 1921 774 1958 maxime
794 1922 932 1974 patuit,
956 1935 1033 1960 non
1054 1935 1140 1960 mea
1159 1936 1224 1960 me
1244 1923 1435 1968 voluntas,
1467 1922 1527 1961 sed
1555 1936 1650 1960 meae
1667 1923 1756 1962 vitae
1776 1936 1836 1961 ra-

441 1986 563 2024 tiones
583 1986 630 2024 ab
651 1987 809 2025 ineunte
829 1996 935 2026 aetate
955 1988 1146 2041 susceptae,
1169 1988 1465 2042 prohibuerunt,
1498 1989 1620 2034 Nam,
1653 2003 1746 2028 cum
1767 2003 1836 2027 an-

440 2061 500 2091 tea
517 2067 585 2107 per
604 2063 754 2093 aetatem
775 2055 951 2094 nondum
967 2055 1082 2109 hujus
1098 2057 1365 2095 auetoritatem
1382 2057 1458 2096 loci
1474 2058 1698 2109 contingere
1718 2058 1834 2096 aude-

442 2132 522 2157 rem
538 2138 550 2165 ς
582 2120 876 2174 statueremque,
898 2121 998 2161 nihil
1018 2122 1111 2169 huc,
1145 2123 1213 2161 nis1
1234 2123 1448 2176 perfectum
1469 2124 1641 2176 ingenio,
1665 2124 1835 2163 elabora-

444 2193 530 2224 tum
548 2187 744 2234 industria,
766 2188 890 2227 afferri
911 2199 1108 2242 oportere3
1140 2204 1256 2228 omne
1287 2204 1421 2229 meum
1444 2200 1597 2244 tempus
1617 2191 1834 2229 amicorum

444 2255 682 2305 temporibus
704 2256 1041 2296 transmittendum
1064 2258 1208 2311 putari.
1249 2258 1305 2296 Ita
1325 2272 1450 2311 neque
1470 2257 1535 2296 hic
1556 2257 1663 2296 locus
1692 2270 1834 2295 vacuus

444 2332 616 2370 unquam
632 2319 708 2358 fuit
727 2323 773 2360 ab
794 2323 854 2368 iis,
870 2324 939 2376 qui
954 2324 1114 2362 vestram
1134 2324 1285 2362 causam
1301 2323 1574 2368 defenderent3
1597 2332 1634 2361 et
1650 2336 1758 2360 meus
1775 2323 1833 2360 la-

444 2386 527 2431 bor,
549 2386 590 2424 in
610 2387 845 2439 privatorum
866 2392 1046 2442 perieulis
1067 2391 1164 2429 caste
1184 2393 1409 2444 integreque
1431 2392 1608 2435 versatus,
1641 2403 1687 2428 ex
1713 2390 1835 2430 vestro

437 2453 588 2505 judicio
608 2453 779 2493 fruetum
799 2456 852 2494 est
871 2458 1150 2510 amplissimum
1171 2459 1411 2498 consecutus.
1434 2458 1555 2502 Nam,
1575 2460 1666 2497 cub]
1682 2467 1836 2511 propter

526 2520 597 2558 To
615 2533 666 2559 M.
698 2521 750 2559 V.
1496 2525 1533 2561 A

446 1650 478 1688 I.
489 1652 748 1828 QUA
760 1655 803 1693 N
818 1654 954 1706 QUA
968 1655 1017 1693 M
1037 1654 1137 1693 mihi
1153 1654 1301 1708 semper
1317 1654 1498 1709 frequens
1515 1656 1738 1709 conspeems
1758 1656 1840 1696 ves-
