2212 2835
633 178 770 217 PRO
829 179 880 217 A.
942 177 1350 220 CLUENTIO.
1649 198 1699 239 55

358 277 513 317 XXXI.
546 279 602 316 At
621 278 726 316 enirn
749 278 954 331 pecuniam
976 279 1129 318 Staleno
1149 279 1256 319 dedit
1277 280 1518 333 Oppianicus
1551 295 1627 321 non
1655 284 1702 322 ad

302 345 633 398 corrumpendum
659 345 871 397 judicium,
904 345 966 383 sed
986 346 1032 383 ad
1063 347 1376 385 conciliationem
1408 348 1550 401 gratiae.
1589 350 1702 388 Tene

302 409 392 457 hoc,
415 406 514 455 Atti,
537 411 674 454 dicere,
708 410 775 448 tali
795 410 1012 463 prudentia,
1043 411 1161 449 etiam
1183 412 1250 450 usu
1277 422 1391 465 atque
1411 415 1698 462 exercitatione,

301 478 508 531 praeditum
527 477 539 514 ?
573 476 900 529 Sapientiffimum
921 477 992 515 effe
1013 477 1149 516 dicunt
1168 491 1273 524 eum,
1295 480 1372 524 cui,
1396 482 1500 533 quod
1521 496 1617 534 opus
1640 484 1698 528 fit,

300 542 369 594 ipsi
389 541 513 579 veniat
529 541 569 579 in
587 551 785 586 mentem;
808 543 987 595 proxime
1002 543 1181 581 accedere
1196 543 1325 589 illum,
1340 546 1408 597 qui
1428 547 1581 585 alterius
1604 549 1702 587 bene

298 607 466 646 inventis
485 607 743 660 obtemperet.
776 609 821 646 In
843 609 1003 647 stultitia
1023 619 1157 648 contra
1175 610 1240 649 est.
1277 611 1414 651 Minus
1435 614 1540 650 enim
1561 613 1698 653 stultus

299 673 353 712 est
372 675 419 720 is,
440 675 505 712 cui
526 673 625 712 nihil
646 675 687 713 in
709 684 882 713 mentem
903 676 1022 722 venit,
1041 690 1159 729 quam
1179 677 1259 722 ille,
1283 679 1364 730 qui,
1383 679 1489 731 quod
1508 679 1621 718 stulte
1640 681 1698 719 al-

298 741 370 778 teri
390 741 495 779 venit
514 742 554 779 in
576 751 763 787 mentem,
795 743 1038 795 comprobat.
1083 743 1197 782 Istam
1223 745 1538 784 conciliationem
1569 749 1698 799 gratiae

300 807 474 846 Stalenus
496 817 582 846 tum
607 809 751 846 recenti
772 823 824 854 re,
846 823 939 848 cum
960 809 1139 848 faucibus
1160 821 1412 863 premeretur,
1448 814 1696 866 excogitavit,

297 872 385 918 five,
422 883 466 912 ut
499 873 679 913 homines
714 884 800 913 tum
830 876 1102 928 loquebantur,
1134 890 1154 914 a
1181 878 1225 915 P.
1250 877 1428 931 Cethego
1458 879 1697 926 admonitus,

297 939 407 978 istam
435 940 541 978 dedit
572 941 854 979 conciliationis
883 952 921 980 et
941 943 1070 995 gratiae
1090 942 1278 981 fabulam.
1311 945 1418 983 Nam
1450 944 1559 983 fuiffe
1590 945 1698 984 hunc

297 1003 508 1044 hominum
542 1007 759 1046 sermonem
783 1009 971 1046 recordari
1000 1010 1183 1062 potestis:
1217 1010 1455 1064 Cethegum,
1487 1014 1592 1064 quod
1620 1012 1695 1051 ho-

297 1072 447 1110 minem
478 1073 625 1118 odisset,
660 1082 698 1111 et
718 1074 823 1125 quod
843 1075 924 1126 ejus
945 1075 1238 1126 improbitatem
1259 1077 1394 1114 versari
1425 1078 1465 1114 in
1497 1079 1696 1130 republica

297 1137 432 1183 nollet,
454 1147 492 1176 et
513 1139 617 1191 quod
638 1138 795 1184 videret,
813 1152 918 1184 eum,
933 1140 1001 1191 qui
1022 1140 1057 1176 se
1078 1140 1125 1177 ab
1147 1154 1210 1177 reo
1229 1129 1449 1192 pecuniam,
1468 1144 1696 1195 cumjudex

295 1204 397 1249 effet,
419 1205 521 1242 clam
541 1213 656 1257 atque
674 1215 780 1243 extra
799 1205 976 1243 ordinem
1008 1206 1189 1259 accepiffe
1209 1206 1396 1245 confefl‘us
1418 1208 1519 1253 esset,
1548 1209 1694 1249 salvum

295 1270 366 1308 effe
386 1284 464 1308 non
484 1270 598 1324 posse,
631 1272 761 1309 minus
783 1273 818 1309 ei
838 1271 950 1309 fidele
971 1272 1177 1310 confilium
1199 1273 1351 1311 dedisse.
1385 1275 1430 1312 In
1451 1273 1528 1312 hoc
1557 1276 1581 1313 fi
1614 1276 1693 1314 im·-

294 1337 441 1389 probus
463 1335 658 1389 Cethegus
678 1336 769 1383 fuit,
799 1337 950 1376 videtur
969 1337 1069 1377 mihi
1090 1338 1343 1377 adversarium
1367 1354 1560 1379 removere
1580 1342 1693 1380 volu-

294 1403 386 1442 iffe:
421 1404 473 1442 fin
494 1413 572 1442 erat
603 1404 792 1456 ejusmodi
813 1405 934 1450 causa,
968 1414 1010 1443 ut
1033 1405 1206 1444 Stalenus
1238 1420 1423 1445 nummos
1444 1407 1480 1445 se
1511 1409 1699 1461 accepiffe

294 1483 431 1523 negare
452 1484 529 1508 non
550 1470 696 1523 poflet3
729 1470 829 1509 nihil
861 1481 990 1509 autern
1011 1481 1089 1509 erat
1122 1472 1384 1524 periculofiUS,
1421 1487 1492 1512 nec
1526 1477 1692 1527 turpius,

296 1550 428 1588 quam,
460 1537 505 1574 ad
540 1551 657 1589 quam
690 1551 773 1576 rem
807 1537 1019 1591 accepisset,
1055 1537 1258 1583 confiteri,
1293 1552 1370 1577 non
1401 1540 1455 1578 est
1487 1542 1697 1581 consilium

298 1601 462 1654 Cethegi
484 1601 855 1654 reprehendendum.

351 1668 499 1706 Verum
530 1668 602 1706 alia
621 1669 730 1707 causa
750 1678 835 1707 turn
857 1670 998 1708 Staleni
1024 1669 1115 1715 fuit,
1148 1671 1219 1708 alia
1250 1684 1370 1717 nune,
1404 1673 1505 1718 Atti,
1539 1682 1604 1712 tua
1623 1675 1690 1713 est.

294 1734 381 1779 Ille,
404 1749 495 1773 cum
518 1749 555 1773 re
575 1746 825 1788 premeretur,
848 1737 1109 1790 quodcunque
1129 1737 1285 1783 diceret,
1313 1737 1508 1778 honestius
1531 1741 1699 1788 diceret,

294 1815 412 1855 quam
432 1802 473 1847 fi,
508 1802 613 1855 quod
633 1812 710 1840 erat
729 1802 889 1849 factum,
911 1803 1116 1843 fateretur:
1150 1814 1187 1842 te
1208 1819 1295 1844 vero
1315 1806 1414 1844 illud
1434 1807 1554 1853 idem,
1586 1809 1692 1860 quod

293 1876 379 1906 tum
401 1867 602 1920 explosum
622 1878 660 1906 et
679 1869 845 1920 ejectum
866 1869 932 1914 est,
954 1884 1057 1908 nunc
1078 1870 1243 1909 retulisse
1263 1871 1443 1910 demiror.
1525 1873 1563 1910 ui
1584 1874 1691 1912 enim

293 1943 440 1987 poterat
473 1944 557 1972 tum
588 1935 628 1972 in
657 1936 819 1988 gratiam
841 1936 963 1974 redire
997 1950 1089 1975 cum
1110 1937 1331 1989 Oppianico
1354 1938 1590 1977 Cluentius?
1622 1941 1695 1992 qui⁴

295 2013 387 2038 cum
407 2010 529 2039 matre
548 1999 714 2039 habebat
736 2001 970 2041 fimultates:
993 2001 1160 2041 haerebat
1181 2004 1220 2041 in
1238 2004 1378 2041 tabulis
1399 2005 1567 2057 publicis
1589 2020 1687 2050 reus,

293 2075 330 2104 et
346 2066 538 2105 accusator
553 2082 561 2105 :
577 2068 826 2106 condemnati
846 2078 951 2107 erant
965 2069 1134 2108 Fabricii
1150 2085 1158 2108 :
1182 2083 1252 2108 nec
1268 2070 1366 2108 elabi
1386 2071 1460 2108 alio
1476 2072 1689 2110 accusatore

293 2141 440 2183 poterat
459 2133 616 2178 Albius,
649 2147 718 2171 nec
738 2134 813 2171 fine
834 2135 1050 2188 ignominia
1070 2135 1275 2174 calumniae
1296 2136 1510 2189 relinquere
1537 2137 1688 2176 accusa-

295 2197 439 2236 tionem
462 2199 680 2238 Cluentius.

350 2264 521 2302 XXXII.
554 2268 617 2303 An
641 2275 682 2303 ut
703 2266 1037 2318 praevaricaretur?
1068 2268 1156 2318 jam
1189 2268 1227 2305 id
1257 2281 1412 2320 quoque
1431 2270 1477 2306 ad
1508 2282 1685 2306 corrum-

294 2328 466 2380 pendum
482 2329 677 2379 judicium
700 2333 878 2383 pertinet.
912 2332 983 2370 Sed
1013 2333 1107 2384 quid
1127 2346 1224 2386 opus
1244 2343 1321 2371 erat
1342 2334 1387 2371 ad
1407 2347 1490 2371 eam
1511 2347 1591 2371 rem
1616 2335 1686 2385 ju-

291 2395 378 2450 dice
399 2394 582 2446 sequestre
602 2397 614 2432 ?
651 2405 688 2433 et
708 2398 871 2436 omnino
891 2399 1146 2451 quamobrem
1174 2409 1254 2437 tota
1286 2399 1353 2436 ista
1385 2412 1441 2436 res
1476 2412 1543 2450 per
1563 2399 1684 2437 Stale-

293 2474 389 2500 num
410 2461 553 2515 potius,
584 2460 787 2500 hominem
814 2464 860 2502 ab
882 2474 1044 2517 utroque
1065 2466 1352 2511 alieniffimum,
1371 2465 1686 2515 sordidiffimum,
