2212 2835
535 192 613 245 273
1045 184 1445 223 ORATIO

594 288 649 324 At
669 298 756 322 vero
777 283 840 321 M.
862 281 1086 326 AEbutium,
1117 289 1154 319 et
1173 281 1515 319 constantiffimum
1544 290 1581 319 et
1605 281 1922 334 pudentiffimum

538 351 755 395 hominem,
787 348 951 388 Falcidii
975 348 1146 392 affinem,
1175 346 1276 385 nihil
1303 347 1542 400 interrogas?
1574 346 1673 385 nihil
1699 348 1779 400 ejus
1805 361 1921 401 gene-

538 432 640 462 rum,
672 418 752 470 pari
772 416 847 454 fide
867 415 1086 467 praedstum,
1120 415 1168 452 C.
1190 414 1405 451 Manilium
1423 415 1435 450 ?
1467 414 1534 466 qui
1554 413 1725 467 profesto
1748 414 1795 452 de
1821 423 1924 452 tanta

538 484 713 537 pecunia,
745 482 771 520 fi
801 481 890 520 effet
919 481 1018 526 data,
1048 478 1149 518 nihil
1178 480 1318 518 audiffe
1348 494 1425 518 non
1456 480 1587 533 poffet.
1625 481 1702 519 His
1733 489 1775 518 tu
1806 480 1924 533 igitur

539 550 734 603 epistolis,
766 549 963 593 Deciane,
993 546 1184 591 recitatis,
1219 545 1280 584 his
1320 547 1560 585 mulierculis
1599 547 1820 600 productis,
1856 545 1925 584 illo

540 615 690 654 absente
707 616 859 652 austore
878 612 1043 657 laudato,
1074 620 1227 650 tantum
1246 620 1283 649 te
1304 612 1450 649 crimen
1478 612 1731 664 probaturum
1757 611 1896 665 putasti
1911 630 1923 656 ς

540 682 745 735 praesertim
765 693 858 718 cum
878 679 969 731 ipse,
999 691 1076 715 non
1100 678 1324 716 deducendo
1344 678 1578 723 Falcidium,
1603 678 1800 730 judicium
1820 677 1924 716 fece-

540 749 615 793 ris,
647 749 733 800 plus
767 746 899 784 falsam
932 744 1130 797 epistolam
1164 743 1382 782 habituram
1416 745 1618 796 ponderis,
1653 759 1771 798 quam
1810 745 1925 798 ipfius

537 814 729 867 praesentis
751 812 880 850 fletam
900 823 1051 854 vocem,
1081 818 1120 848 et
1137 809 1360 847 fimulatum
1379 809 1553 847 dolorem
1570 811 1585 847 ?

594 879 828 918 XXXVIII.
861 877 932 916 Sed
952 876 1046 929 quid
1064 889 1135 928 ego
1154 876 1201 914 de
1218 875 1386 929 epistolis
1407 876 1438 913 F
1442 875 1585 920 alcidii,
1604 885 1667 913 aut
1683 876 1729 914 de
1744 876 1927 915 Androne

540 946 714 991 Sextilio,
745 954 811 983 aut
829 944 876 982 de
896 943 1060 982 Deciani
1079 941 1206 987 censu,
1239 941 1388 980 tamdiu
1408 941 1561 994 disputo
1579 951 1618 979 et
1637 942 1836 995 expostulo
1847 961 1858 987 ς
1882 943 1928 980 de

539 1013 656 1051 salute
676 1012 856 1050 omnium
876 1009 1064 1055 nostrum,
1084 1008 1132 1046 de
1150 1007 1316 1046 fortunis
1336 1008 1516 1053 civitatis,
1536 1009 1582 1046 de
1602 1008 1752 1047 summa
1770 1009 1928 1062 reipub-

539 1079 636 1123 licae,
668 1087 773 1115 taceo
793 1077 805 1114 ?
838 1089 955 1128 quam
977 1088 1041 1113 vos
1063 1073 1275 1112 universam
1296 1074 1336 1111 in
1357 1072 1431 1111 hoc
1452 1074 1603 1125 judicio
1627 1073 1757 1112 vestris
1784 1073 1926 1112 hume-

539 1146 604 1189 ris,
626 1144 769 1188 vestris,
791 1143 968 1194 inquam,
988 1140 1175 1185 humeris,
1197 1140 1366 1191 judices,
1388 1139 1588 1178 sustinetis.
1605 1140 1769 1186 Videtis,
1791 1141 1831 1178 in
1851 1153 1930 1193 quo

538 1220 651 1249 motu
672 1219 909 1261 temporum,
927 1215 1069 1259 quanta
1088 1205 1128 1243 in
1148 1206 1392 1243 conversione
1411 1218 1551 1250 rerum,
1569 1219 1611 1244 ac
1628 1206 1926 1260 perturbatione,

540 1277 744 1315 versemur.
768 1276 873 1313 Cum
893 1273 965 1311 alia
981 1273 1106 1311 multa
1125 1272 1219 1310 certi
1239 1271 1434 1315 homines,
1465 1281 1549 1311 turn
1569 1271 1645 1311 hoc
1663 1273 1723 1311 vel
1744 1274 1927 1318 maxime,

540 1342 771 1386 moliuntur,
802 1349 845 1378 ut
866 1339 990 1377 vestrae
1011 1352 1166 1391 quoque
1187 1347 1348 1383 mentes,
1379 1338 1496 1376 vestra
1509 1339 1670 1389 judicia,
1696 1338 1821 1376 vestrae
1842 1338 1927 1376 sen·

540 1409 682 1452 tentiae,
713 1407 864 1459 optimo
883 1406 1025 1457 cuique
1044 1403 1289 1442 infestiffimae
1307 1413 1423 1457 atque
1443 1404 1713 1443 inimiciffirnae
1737 1405 1928 1457 reperian-

541 1485 617 1513 tur.
651 1473 792 1512 Gravia
804 1472 967 1524 judicia,
988 1484 1058 1524 pro
1077 1470 1300 1523 reipublicae
1319 1470 1519 1523 dignitate,
1540 1470 1666 1509 multa
1683 1471 1730 1508 de
1748 1471 1928 1522 conjura-

540 1551 670 1579 torum
692 1539 827 1577 scelere
846 1537 988 1576 fecistis
1006 1551 1015 1576 2
1038 1550 1115 1576 non
1130 1545 1271 1590 putant
1289 1536 1375 1575 satis
1394 1536 1611 1575 conversam
1633 1536 1930 1590 rempubliCam‚

541 1609 608 1646 nis1
630 1609 669 1645 in
689 1606 849 1645 eandem
869 1605 1082 1658 impiorum
1103 1617 1260 1657 poenam
1279 1604 1428 1658 optime
1452 1605 1610 1643 meritos
1637 1604 1738 1643 cives
1759 1603 1930 1643 detruse-

540 1676 631 1713 rint.
670 1672 878 1726 Oppreffus
909 1671 963 1709 est
994 1672 1042 1710 C.
1065 1671 1281 1710 Antonius.
1312 1671 1433 1710 Esto:
1472 1670 1609 1710 habuit
1633 1671 1833 1723 quandam
1862 1670 1931 1708 ille

541 1740 745 1779 infamiam
775 1739 909 1777 suam:
945 1750 1071 1790 neque
1100 1745 1231 1775 tamen
1263 1737 1330 1774 ille
1362 1737 1452 1789 ipse,
1488 1751 1559 1789 pro
1591 1750 1681 1775 meo
1703 1737 1793 1788 jure
1825 1736 1929 1781 dico,

543 1807 649 1855 vobis
676 1805 875 1858 judicibus
905 1803 1107 1842 damnatus
1137 1801 1252 1841 effet:
1289 1803 1399 1854 cujus
1434 1802 1679 1840 damnatione
1710 1801 1930 1854 sepulcrum

543 1874 592 1911 L.
615 1871 811 1914 Catilinae,
843 1869 1000 1908 floribus
1029 1877 1228 1913 ornatum,
1258 1867 1467 1906 hominurn
1497 1868 1854 1913 audaciffimorum,
1885 1881 1928 1906 ac

540 1938 840 1976 domesticorum
859 1935 1044 1980 hostium,
1062 1944 1255 1974 conventu
1274 1934 1472 1988 epulisque
1491 1934 1726 1973 celebratum
1746 1934 1816 1972 est:
1829 1934 1932 1986 justa

544 2005 720 2044 Catilinae
744 2003 842 2042 faeta
865 2003 966 2042 sunt.
998 2003 1119 2041 Nunc
1145 2017 1166 2041 a
1190 2002 1331 2041 Flacco
1360 2002 1516 2040 Lentuli
1544 2016 1665 2054 poenae
1691 2015 1756 2055 per
1775 2015 1840 2041 vos
1860 2015 1929 2040 ex-

544 2082 743 2126 petuntur.
775 2072 906 2122 Qam
938 2069 1093 2122 potestis
1126 2070 1170 2107 P.
1202 2069 1392 2114 Lentulo,
1424 2068 1492 2120 qui
1527 2082 1612 2113 vos,
1644 2068 1684 2106 in
1718 2068 1930 2122 complexu

543 2140 753 2177 liberorum
785 2138 1077 2189 conjugumque
1107 2136 1311 2174 vestrarum
1338 2135 1560 2180 trucidatos,
1591 2135 1771 2173 incendio
1800 2135 1928 2188 patriae

543 2205 699 2259 sepelire
724 2213 882 2242 conatus
908 2203 973 2248 est,
1006 2204 1167 2241 mactare
1192 2202 1390 2241 viffitimam
1424 2202 1644 2254 gratiorem,
1676 2215 1795 2255 quam
1825 2201 1851 2239 fi
1877 2201 1926 2239 L.

546 2272 678 2311 Flacci
712 2270 892 2323 sanguine
923 2270 1027 2307 illius
1059 2268 1250 2307 nefarium
1281 2269 1322 2307 in
1353 2281 1421 2306 nos
1453 2281 1586 2307 omnes
1621 2268 1757 2306 odium
1788 2267 1928 2306 satura-

546 2338 672 2376 veritis
692 2337 704 2374 ?

601 2404 778 2442 Litemus
813 2402 931 2455 igitur
965 2401 1159 2446 Lentulo,
1194 2409 1436 2454 parentemus
1472 2399 1672 2453 Cethego,
1708 2409 1928 2437 revocemus

545 2471 711 2522 cjcdms:
747 2470 876 2508 nimiae
909 2469 1059 2523 pietatis
1090 2477 1128 2507 et
1162 2467 1304 2507 summi
1336 2468 1474 2506 amoris
1507 2468 1546 2505 in
1576 2467 1738 2521 patriam
1768 2463 1929 2503 viciffim
