2212 2835
753 182 892 221 PRO
952 183 1000 220 L.
1059 178 1395 218 MURENA.
1707 187 1781 227 217

395 282 478 320 haec
499 281 651 320 forensis
671 282 766 325 laus,
798 290 836 318 et
855 279 1051 323 industria,
1082 278 1201 316 latent
1221 278 1261 315 in
1289 276 1407 314 tutela
1433 288 1475 312 ac
1503 273 1672 327 praesidio
1699 272 1783 310 bel-

397 348 479 386 licae
501 348 652 386 virtutis
671 362 679 385 ε
712 347 825 385 simul
846 355 959 397 atque
980 345 1170 396 increpuit
1197 343 1359 395 suspicio
1381 341 1587 386 tumultus,
1619 349 1713 377 artes
1735 338 1785 376 il-

396 414 474 452 lico
494 413 625 452 nostrae
645 411 920 451 conticescunt.
953 411 1018 453 Et,
1048 409 1232 461 quoniam
1254 406 1354 445 mihi
1376 407 1512 445 videris
1533 406 1641 443 istam
1662 405 1784 443 scien-

399 480 492 516 tiam
507 478 604 530 juris
627 486 807 528 tanquam
831 475 991 513 filiolam
1012 473 1172 511 osculari
1194 482 1313 516 tuam,
1330 485 1406 510 non
1428 471 1548 524 patiar
1567 481 1605 509 te
1625 471 1664 507 in
1682 479 1786 507 tanto

399 557 521 582 errore
553 542 699 587 versari,
736 551 777 579 ut
811 541 909 579 istud
944 539 1070 578 nescio
1101 538 1211 591 quid,
1243 537 1349 590 quod
1380 546 1574 589 tantopere
1605 535 1785 578 didicisti,

397 609 621 662 praeclarum
641 607 789 660 aliquid
808 606 879 644 effe
899 607 1090 644 arbitrere.
1123 604 1223 643 Aliis
1245 617 1316 656 ego
1344 612 1381 641 te
1404 602 1629 646 virtutibus,
1659 600 1787 639 conti-

398 676 549 720 nentiae,
571 675 779 728 gravitatis,
797 673 968 726 justitiae‚
1000 672 1102 717 fidei,
1133 671 1277 710 caeteris
1297 669 1497 714 omnibus,
1518 669 1730 712 consulatu,
1752 675 1790 704 et

400 743 510 781 omni
536 736 694 787 ho'nore‚
727 740 873 793 semper
899 739 1165 792 dignissimum
1186 737 1384 791 judicavi:
1416 736 1522 788 quod
1546 735 1706 788 quidem
1724 735 1789 786 jus

400 808 514 846 civile
532 807 714 852 didicisti,
746 820 823 845 non
843 806 984 849 dicam,
1014 817 1169 857 operam
1189 802 1383 856 perdidisti
1398 821 1411 848 3
1443 801 1505 840 sed
1528 801 1627 839 illud
1647 801 1789 844 dicam,

402 875 550 913 nullam
585 874 655 912 effe
688 874 728 911 in
761 873 827 911 illa
863 871 1062 924 disciplina
1096 871 1288 908 munitam
1319 869 1367 907 ad
1396 868 1639 907 consulatum
1670 868 1788 905 viam.

405 942 554 979 Omnes
575 942 680 979 enim
701 949 810 985 artes,
842 953 926 991 quae
946 938 1058 976 nobis
1079 936 1213 990 populi
1233 936 1403 974 Romani
1425 935 1546 974 studia
1565 934 1790 978 conciliant,

403 1016 442 1046 et
475 1006 741 1045 admirabilem
779 1004 1023 1058 dignitatem,
1062 1011 1100 1040 et
1135 1010 1349 1055 pergratam
1388 1001 1612 1045 utilitatem,
1652 999 1794 1037 debent

403 1072 556 1111 habere.

459 1140 532 1177 XI.
565 1141 724 1176 Summa
741 1137 905 1189 dignitas
926 1135 977 1172 est
996 1134 1037 1172 in
1057 1134 1117 1178 iis,
1136 1133 1205 1185 qui
1224 1132 1385 1170 militari
1405 1132 1515 1170 laude
1535 1131 1792 1170 antecellunt:

404 1204 534 1244 omnia
553 1205 656 1242 enim
671 1232 682 1248 ,
714 1216 798 1255 quae
819 1201 906 1239 sunt
926 1201 965 1238 in
986 1199 1148 1252 imperio
1162 1227 1173 1243 ,
1204 1206 1242 1236 et
1262 1198 1302 1235 in
1329 1197 1426 1235 statu
1452 1197 1616 1234 civitatis
1631 1226 1642 1242 ‚
1673 1197 1720 1234 ab
1747 1197 1794 1234 iis

405 1269 559 1310 defendi
585 1280 622 1308 et
648 1269 792 1308 firmari
818 1276 1016 1321 putantur.
1049 1267 1209 1304 Summa
1233 1264 1351 1302 etiam
1379 1263 1550 1301 utilitas:
1583 1263 1610 1300 fi
1636 1263 1796 1315 quidem

404 1351 539 1377 eorum
569 1337 727 1376 consilio
757 1344 795 1374 et
825 1334 996 1388 periculo
1027 1346 1119 1370 cum
1150 1330 1360 1384 republica,
1396 1339 1482 1368 tum
1513 1329 1630 1367 etiam
1661 1329 1796 1367 nostris

405 1404 533 1449 rebus,
561 1402 705 1457 perfrui
725 1401 934 1456 possumus.
967 1398 1106 1438 Gravis
1127 1398 1243 1435 etiam
1264 1396 1330 1434 illa
1349 1395 1415 1440 est,
1438 1404 1476 1433 et
1494 1396 1606 1448 plena
1626 1394 1797 1448 dignita-

406 1472 470 1516 tis,
501 1470 653 1508 dicendi
672 1468 847 1512 facultas,
870 1480 954 1519 quae
974 1466 1068 1518 saepe
1088 1463 1207 1502 valuit
1226 1463 1267 1501 in
1284 1461 1438 1500 consule
1458 1461 1677 1514 deligendo,
1698 1459 1800 1514 poffe

407 1537 565 1575 confilio
589 1546 703 1588 atque
727 1535 897 1573 oratione
923 1541 962 1570 et
990 1532 1151 1575 senatus,
1182 1538 1220 1566 et
1238 1528 1387 1581 populi,
1418 1537 1455 1566 et
1474 1541 1622 1574 eorum,
1653 1528 1721 1580 qui
1741 1540 1798 1566 res

403 1602 595 1655 judicant,
618 1610 765 1638 mentes
785 1610 1019 1652 permovere.
1042 1595 1238 1647 Qaeritur
1257 1593 1403 1638 consul,
1425 1593 1494 1645 qui
1513 1593 1677 1632 dicendo
1696 1606 1799 1631 non-

410 1680 610 1720 nunquam
631 1666 865 1719 comprimat
885 1662 1104 1702 tribunitios
1126 1660 1284 1705 furores,
1316 1660 1385 1711 qui
1412 1659 1652 1698 concitatum
1670 1672 1800 1712 popu-

411 1734 495 1772 lum
517 1733 655 1777 flectat,
687 1732 754 1784 qui
774 1729 969 1783 largitioni
989 1727 1139 1767 refistat.
1172 1726 1268 1765 Non
1289 1725 1449 1770 mirum,
1480 1725 1507 1763 fi
1533 1726 1583 1763 ob
1613 1724 1712 1762 hanc
1738 1723 1800 1762 fa-

411 1800 597 1838 cultatem
617 1797 794 1837 homines
816 1796 910 1849 saepe
930 1795 1046 1833 etiam
1068 1807 1145 1831 non
1166 1792 1315 1831 nobiles
1338 1790 1579 1829 consulatum
1606 1789 1802 1829 consecuti

412 1866 498 1905 sunt
515 1884 527 1911 3
559 1864 764 1918 praesertim
784 1876 877 1901 cum
896 1861 978 1900 haee
999 1861 1131 1899 eadem
1159 1871 1214 1897 res
1241 1858 1427 1911 plurimas
1448 1857 1598 1909 gratias,
1630 1855 1802 1894 firmiffi-

413 1944 494 1970 mas
521 1932 722 1976 amicitias,
758 1929 927 1968 maxima
960 1927 1094 1971 studia,
1130 1925 1274 1979 pariat:
1304 1936 1472 1976 quorum
1505 1923 1547 1961 in
1580 1921 1651 1961 isto
1680 1921 1803 1962 vestro

413 1998 588 2043 artificio,
620 1998 780 2050 Sulpici,
810 1994 909 2034 nihil
929 1994 994 2033 est.

470 2065 647 2103 Primum
668 2064 833 2116 dignitas
855 2062 894 2100 in
915 2070 993 2100 tam
1019 2059 1125 2098 tenui
1152 2058 1309 2097 scientia
1334 2071 1418 2110 quae
1445 2055 1566 2110 potest
1591 2055 1691 2094 effe?
1724 2055 1802 2092 Res

416 2130 520 2168 enim
540 2130 626 2168 sunt
645 2143 780 2183 parvae,
811 2141 928 2181 prope
948 2126 987 2164 in
1009 2125 1165 2178 singulis
1194 2124 1313 2162 literis
1334 2132 1448 2175 atque
1477 2119 1802 2174 interpunctioni-

416 2197 487 2234 bus
517 2196 720 2234 verborum
749 2203 956 2247 occupatae.
988 2192 1153 2236 Deinde,
1183 2190 1299 2228 etiam
1330 2189 1356 2227 fi
1387 2187 1482 2240 quid
1511 2187 1612 2240 apud
1643 2186 1802 2237 majores

417 2261 560 2300 nostros
594 2260 670 2298 fuit
701 2261 740 2298 in
769 2261 838 2298 isto
870 2259 993 2297 studio
1023 2256 1311 2299 admirationis;
1348 2254 1401 2298 id,
1438 2252 1644 2291 enuntiatis
1676 2250 1803 2287 vestris

419 2326 621 2378 mysteriis,
652 2334 778 2363 totum
799 2325 850 2362 est
870 2332 1141 2376 contemptum
1167 2331 1204 2360 et
1234 2321 1440 2373 abjectum.
1474 2316 1596 2355 Poffet
1626 2315 1685 2367 agi
1705 2314 1802 2366 lege,

419 2406 552 2437 necne,
584 2391 695 2444 pauci
716 2391 909 2443 quondam
931 2390 1123 2428 sciebant:
1156 2387 1267 2426 fastos
1299 2386 1400 2423 enim
1430 2383 1546 2434 vulgo
1577 2394 1653 2419 non
1682 2379 1804 2418 habe-

420 2460 525 2498 bant.
558 2458 677 2496 Erant
710 2457 751 2495 in
787 2469 922 2508 magna
956 2455 1127 2508 potentia
1159 2454 1229 2506 qui
1257 2449 1578 2490 consulebantur:
1615 2460 1634 2485 a
1663 2446 1804 2499 quibus

503 2526 569 2563 To
583 2536 632 2562 M.
658 2523 707 2562 V.
1422 2514 1454 2551 E
1485 2526 1506 2551 e
