2212 2835
390 158 462 214 178
813 145 1213 190 oRAT1o
1291 144 1346 183 11.

386 255 492 294 domi
513 254 585 292 suae
605 251 758 293 fecerat,
789 247 924 286 scirem
944 243 1015 283 esse
1035 241 1277 297 praemiffam.
1311 241 1358 279 In
1378 238 1542 279 exilium
1561 239 1778 293 ejiciebam,

386 335 503 374 quem
519 322 601 372 jam
621 314 831 369 ingreffum
858 312 929 351 effe
955 312 996 350 in
1024 310 1173 349 bellum
1199 307 1411 347 videbam?
1443 307 1618 353 Etenim,
1649 307 1779 352 credo,

386 387 549 427 Mallius
570 384 637 422 iste
656 381 846 426 centurio,
867 380 936 433 qui
956 379 996 417 in
1018 392 1108 430 agro
1128 376 1315 415 Fesulano
1335 374 1451 413 castra
1470 373 1611 427 posuit,
1632 373 1781 412 bellum

385 453 532 507 populo
562 453 743 490 Romano
774 447 840 486 suo
871 445 1030 485 nomine
1061 443 1228 482 indixit:
1262 451 1300 480 et
1330 442 1396 480 illa
1426 441 1543 480 castra
1572 454 1677 480 nunc
1704 452 1783 478 non

388 519 600 558 Catilinam
621 517 760 555 ducem
778 514 1003 567 expectant:
1026 520 1064 549 et
1084 510 1164 555 ille,
1186 510 1327 561 ejectus
1349 508 1389 546 in
1409 508 1587 552 exilium,
1618 507 1654 546 se
1675 504 1783 546 Mas-

387 586 525 630 filiam,
557 593 601 622 ut
622 583 744 628 aiunt,
774 581 910 620 nonin
931 578 1013 617 haec
1034 577 1162 622 castra,
1194 575 1381 614 conferet.

442 651 537 689 VII.
571 650 608 687 O
629 647 893 687 conditionem
915 644 1104 687 miseram,
1135 656 1214 680 non
1235 641 1352 680 modo
1377 638 1696 684 administrandae,
1718 650 1784 677 ve-

389 733 478 758 rum
498 719 615 756 etiam
635 714 911 758 conservandae,
934 711 1154 764 reipublicae
1173 709 1180 747 l
1204 708 1338 754 Nunc,
1361 708 1386 746 fi
1408 709 1455 746 L.
1479 707 1661 751 Catilina,
1683 718 1779 744 con-

391 785 496 830 filiis,
536 782 748 826 laboribus,
788 779 968 833 periculis
1004 777 1116 820 meis,
1155 774 1434 813 circumclusus
1468 787 1511 811 ac
1546 773 1783 816 debilitatus,

390 852 517 891 subito
536 848 794 903 pertimuerit,
829 845 1055 884 sententiam
1084 842 1303 886 mutaverit,
1335 841 1539 878 deseruerit
1559 840 1659 885 suos,
1687 852 1782 877 con-

392 919 521 958 filium
542 917 635 955 belli
655 915 819 954 faciendi
841 912 1034 965 abjecerit,
1066 924 1111 948 ex
1133 908 1208 947 hoc
1229 908 1341 946 cursu
1369 907 1516 946 sceleris
1544 915 1583 945 et
1603 905 1696 944 belli
1716 905 1788 943 iter

392 986 438 1024 ad
458 984 592 1037 fugam
614 993 727 1034 atque
748 982 787 1018 in
808 979 972 1017 exilium
993 975 1223 1015 converterit
1241 992 1251 1019 3
1284 988 1361 1012 non
1382 973 1448 1011 ille
1467 987 1488 1011 a
1515 986 1580 1011 me
1606 971 1789 1025 spoliatus

392 1051 507 1089 armis
529 1049 707 1092 audaciae,
740 1059 817 1085 non
839 1042 1122 1096 obstupefatstus
1143 1054 1186 1078 ac
1212 1040 1434 1093 perterritus
1462 1052 1547 1077 mea
1572 1037 1789 1090 diligentia,

393 1130 473 1155 non
503 1115 549 1153 de
575 1114 638 1166 spe
668 1120 889 1163 conatuque
915 1108 1109 1162 depulsus,
1139 1106 1201 1144 sed
1227 1106 1486 1150 indemnatus,
1517 1105 1719 1149 innocens,
1748 1101 1790 1140 in

392 1183 556 1222 exilium
577 1181 717 1232 ejectus
738 1192 760 1216 a
778 1176 934 1217 consule
953 1174 991 1213 vi
1010 1183 1049 1213 et
1070 1173 1201 1217 minis,
1229 1170 1301 1210 effe
1321 1171 1491 1210 dicetur:
1520 1179 1557 1209 et
1573 1178 1699 1215 erunt,
1720 1167 1790 1222 qui

393 1250 523 1292 illum,
545 1248 571 1286 fi
591 1246 666 1286 hoc
686 1245 836 1289 fecerit,
858 1256 935 1281 non
953 1240 1193 1295 improbum,
1219 1238 1281 1276 sed
1301 1237 1515 1283 miserum;
1546 1250 1610 1276 me
1627 1250 1706 1275 non
1727 1235 1789 1274 di-

393 1314 688 1369 ligentiffimum
705 1311 919 1354 consulem,
942 1308 1003 1347 sed
1026 1306 1328 1346 crudeliffimum
1348 1314 1570 1358 tyrannum,
1592 1302 1790 1342 existima-

396 1383 429 1421 ri
445 1381 579 1420 velint.
602 1379 669 1418 Est
691 1376 791 1417 mihi
812 1376 922 1422 tanti,
940 1375 1129 1426 Qirites,
1151 1373 1218 1426 huj
1227 1386 1268 1411 us
1288 1371 1442 1411 invidiae
1461 1370 1560 1411 falsae
1579 1379 1694 1422 atque
1713 1368 1792 1407 ini-

396 1462 481 1501 quae
502 1445 765 1499 tempestatem
785 1443 923 1488 subire,
946 1441 1162 1480 dummodo
1178 1453 1198 1477 a
1213 1439 1321 1478 vobis
1342 1437 1458 1490 hujus
1478 1437 1676 1476 horribilis
1697 1435 1792 1475 belli

395 1528 438 1554 ac
459 1512 593 1552 nefarii
613 1509 832 1565 periculum
853 1508 1078 1561 depellatur.
1110 1507 1274 1545 Dicatur
1293 1505 1377 1544 sane
1400 1506 1540 1557 ejectus
1566 1502 1639 1541 effe
1665 1516 1686 1540 a
1710 1514 1790 1546 me,

396 1579 612 1619 dummodo
645 1586 703 1616 eat
736 1577 778 1615 in
811 1575 1002 1614 exilium:
1035 1573 1097 1611 sed
1132 1570 1232 1610 mihi
1265 1571 1422 1616 credite,
1453 1584 1530 1609 non
1564 1569 1616 1607 est
1649 1569 1789 1607 iturus.

397 1648 615 1699 Nunquam
647 1658 718 1698 ego
746 1657 766 1682 a
796 1642 885 1682 Diis
914 1639 1200 1680 immortalibus
1230 1638 1386 1691 optabo,
1418 1637 1608 1688 Qirites,
1639 1634 1794 1674 invidiae

398 1728 493 1754 meae
513 1712 681 1752 levandae
700 1709 821 1754 causa,
843 1718 886 1747 ut
906 1709 956 1746 L.
980 1706 1191 1745 Catilinam
1211 1704 1348 1743 ducere
1367 1704 1584 1742 exercitum
1604 1700 1790 1745 hostium,

398 1790 511 1833 atquc
542 1780 582 1818 in
613 1778 729 1816 armis
759 1776 932 1819 volitare,
963 1772 1151 1811 audiatis:
1188 1771 1248 1808 scd
1279 1769 1407 1808 triduo
1438 1778 1569 1807 tamen
1599 1767 1789 1805 audietis:

400 1846 604 1898 multoque
625 1843 747 1896 magis
769 1841 866 1880 illud
888 1840 1021 1883 timeo,
1053 1851 1100 1876 ne
1120 1835 1220 1875 mihi
1248 1836 1293 1874 slt
1317 1834 1550 1873 invidiosum
1572 1832 1791 1885 aliquando,

399 1911 505 1965 quod
537 1911 652 1949 illum
681 1907 874 1947 emiserim
905 1906 1048 1959 potius,
1079 1917 1196 1956 quam
1224 1902 1328 1955 quod
1357 1901 1550 1954 ejecerim.
1583 1900 1669 1944 Sed,
1700 1912 1794 1937 cum

400 1979 473 2017 sint
492 1977 685 2021 homines,
716 1974 785 2027 qui
805 1973 933 2018 illurn,
956 1986 1047 2010 cum
1068 1969 1261 2023 profectus
1283 1969 1342 2013 fit,
1364 1969 1529 2020 ejectum
1549 1966 1620 2005 effe
1639 1966 1793 2011 dicant;

399 2046 534 2089 iidem,
566 2043 591 2082 fi
612 2041 835 2080 interfectus
855 2039 956 2084 effet,
987 2038 1081 2091 quid
1101 2038 1271 2075 dicerent
1290 2037 1302 2073 ?

457 2111 694 2161 Qanquam
722 2107 795 2151 isti,
827 2105 895 2157 qui
926 2104 1136 2142 Catilinam
1168 2101 1377 2140 Massiliam
1408 2100 1462 2137 ire
1493 2098 1683 2142 dietitant,
1714 2110 1795 2135 non

402 2186 480 2215 tam
502 2175 576 2214 hoc
598 2182 825 2227 queruntur,
853 2184 971 2223 quam
991 2178 1179 2207 verentur.
1212 2168 1344 2206 Nemo
1362 2165 1414 2204 est
1434 2165 1594 2204 istorum
1615 2174 1695 2203 tam
1715 2164 1794 2202 mi-

404 2243 572 2287 sericors,
608 2241 676 2293 qui
710 2239 826 2276 illum
861 2251 939 2275 non
974 2236 1020 2274 ad
1054 2235 1256 2279 Mallium,
1294 2247 1411 2286 quam
1447 2232 1493 2270 ad
1529 2230 1794 2275 Maffilienses,

404 2311 457 2347 ire
489 2307 612 2346 malit.
645 2306 716 2344 Ille
746 2312 877 2342 autem
908 2302 935 2341 fi
966 2300 1186 2340 mehercule
1210 2299 1302 2345 hoc,
1334 2299 1439 2351 quod
1467 2298 1560 2351 agit,
1592 2308 1795 2348 nunquam

403 2385 487 2413 ante
519 2371 727 2426 cogitasset,
758 2380 887 2409 tamen
916 2368 1209 2407 latrocinantem
1238 2366 1274 2404 se
1300 2365 1465 2403 interfici
1498 2364 1645 2408 mallet,
1676 2375 1794 2415 quam

401 2442 555 2480 exulem
586 2440 738 2478 vivere:
770 2450 873 2476 nunc
906 2449 1007 2481 ver0,
1038 2448 1131 2473 cum
1163 2433 1197 2471 ci
1230 2431 1329 2471 nihil
1361 2430 1487 2470 adhuc
1518 2438 1654 2484 praeter
1680 2428 1795 2482 ipfius
