2212 2835
833 194 970 232 PRO
1030 195 1074 232 P.
1136 193 1379 232 SYLLA.
1735 208 1810 246 3¹3

422 291 612 329 extinctor
642 291 798 344 patrita,
831 306 878 330 ne
909 293 1109 346 proditor,
1141 306 1188 330 ne
1213 291 1332 330 hostis
1362 291 1602 344 appelletur,
1635 305 1681 329 ne
1713 292 1813 330 hanc

421 356 547 395 labem
570 358 665 395 tanti
685 359 832 410 generis
854 359 894 396 in
914 357 1062 396 familia
1082 358 1291 409 relinquat,
1322 358 1362 394 id
1383 357 1552 403 laborat,
1584 358 1623 396 id
1644 358 1810 403 metuit5

423 436 470 460 ne
503 424 667 475 denique
699 423 765 461 hic
797 424 911 462 miser
940 424 1144 475 conjurati,
1175 432 1214 461 et
1244 423 1504 467 conscelerati,
1535 434 1573 461 et
1609 425 1813 476 proditoris

421 487 524 526 filius
545 489 790 526 nominetur:
822 487 916 526 huic
937 502 1080 541 puero,
1112 488 1180 539 qui
1200 487 1252 525 est
1271 488 1306 525 ei
1328 489 1404 526 vita
1422 488 1485 525 sua
1511 490 1638 527 multo
1666 490 1811 534 carior,

420 553 576 597 metuit,
608 554 671 591 cui
691 552 848 592 honoris
870 555 1037 606 integros
1059 553 1205 592 fruitus
1226 567 1304 591 non
1327 553 1371 591 s1t
1391 554 1613 600 traditurus,
1636 568 1684 592 ne
1703 565 1812 593 aeter-

420 632 511 656 nam
545 620 776 657 memoriam
807 620 1003 658 dedecoris
1036 620 1239 672 relinquat.
1281 620 1362 658 Hic
1394 633 1460 658 vos
1494 630 1599 665 orat,
1630 621 1813 672 Judices,

419 697 572 737 parvus,
605 694 647 722 ut
668 684 703 722 se
724 685 943 738 aliquando,
975 686 1002 724 fi
1023 699 1101 724 non
1122 686 1269 738 integra
1287 685 1456 731 fortuna,
1484 696 1522 724 at
1541 686 1693 732 afflicta,
1716 688 1814 740 patri

419 749 487 789 suo
512 750 693 804 gratulari
719 751 858 790 finatis.
892 753 999 791 Huic
1027 751 1164 790 misero
1191 752 1340 790 notiora
1369 752 1456 790 sunt
1475 752 1716 804 judiciorum
1744 754 1812 791 iti·-

420 829 510 854 nera
527 846 537 861 ,
569 826 607 855 et
626 816 728 863 fori,
761 831 880 870 quam
901 819 1030 870 campi
1049 827 1086 856 et
1106 817 1409 870 disciplinarum.
1441 818 1535 856 Non
1551 819 1634 871 jam
1661 819 1709 857 de
1737 820 1814 858 vita

422 883 466 921 P.
491 883 601 934 Syllae
617 911 628 927 ,
660 884 817 934 Judices
835 909 846 929 ,
877 884 938 922 sed
961 884 1008 922 de
1034 884 1226 937 sepultura
1242 913 1253 929 ,
1284 885 1530 923 contenditur
1549 900 1558 924 ε
1590 885 1667 923 vita
1687 895 1814 939 erepta

421 949 475 987 est
507 949 696 1002 superiore
724 951 901 1002 judicio;
934 964 1064 996 nunc,
1096 964 1143 989 ne
1175 964 1313 1004 corpus
1348 952 1546 1004 ejiciatur,
1578 952 1811 991 laboramus.

422 1016 531 1066 Qid
552 1017 657 1055 enim
679 1016 730 1055 est
750 1015 844 1055 huic
865 1017 1033 1070 reliqui,
1065 1017 1170 1070 quod
1197 1031 1286 1056 eum
1311 1018 1351 1056 in
1373 1019 1449 1057 vita
1467 1017 1539 1057 hac
1562 1027 1685 1057 teneat
1704 1019 1716 1056 ?
1748 1027 1814 1057 aut

422 1082 516 1135 quid
536 1083 601 1128 est,
633 1084 888 1135 quamobrem
910 1083 991 1122 haec
1012 1085 1195 1136 cuiquam
1216 1084 1294 1122 vita
1312 1084 1497 1123 videatur.

475 1150 649 1188 XXXII.
682 1150 819 1203 Nuper
838 1151 869 1188 is
889 1149 1012 1189 homo
1031 1150 1108 1190 fuit
1129 1151 1169 1189 in
1189 1150 1343 1189 civitate
1362 1151 1406 1189 P.
1430 1152 1550 1203 Sylla,
1581 1161 1624 1190 ut
1644 1165 1759 1190 nemo
1779 1152 1815 1190 ei

420 1216 456 1254 se
475 1229 600 1268 neque
618 1215 786 1262 honore,
817 1231 943 1269 neque
961 1218 1094 1270 gratia,
1125 1231 1196 1256 nec
1217 1216 1397 1262 fortunis,
1428 1217 1643 1257 anteferret.
1676 1220 1811 1265 Nunc,

420 1281 601 1335 spoliatus
633 1283 743 1321 omni
771 1283 972 1336 dignitate,
1004 1297 1088 1336 quae
1119 1292 1247 1336 erepta
1275 1283 1375 1329 sunt,
1406 1296 1483 1322 non
1515 1285 1676 1337 repetit:
1709 1285 1814 1337 quod

419 1347 574 1388 fortuna
593 1349 634 1387 in
655 1349 766 1388 malis
787 1350 926 1403 reliqui
946 1349 1054 1396 fecit,
1077 1359 1121 1388 ut
1140 1363 1231 1388 cum
1253 1358 1421 1403 parente,
1443 1364 1534 1389 cum
1555 1351 1699 1397 liberis,
1721 1365 1813 1390 cum

419 1413 548 1461 fratre,
580 1429 672 1454 cum
699 1415 760 1455 his
791 1416 1015 1462 neceffariis,
1047 1416 1178 1469 lugere
1204 1416 1308 1454 suam
1336 1416 1594 1456 calamitatem
1615 1418 1742 1464 liceat,
1773 1418 1813 1457 id

419 1480 489 1519 fibi
509 1494 556 1519 ne
575 1482 759 1534 eripiatis,
791 1483 963 1534 Judices‚
995 1495 1060 1520 vos
1081 1481 1300 1520 obtestatur.

477 1547 539 1585 Te
569 1548 695 1600 ipsum
721 1550 818 1600 jam,
850 1549 1060 1600 Torquate,
1092 1548 1293 1600 expletum
1323 1548 1394 1586 effe
1423 1547 1539 1602 hujus
1567 1551 1726 1591 miseriis
1747 1565 1814 1605 par

420 1623 512 1652 erat.
546 1614 626 1653 Etfi
647 1614 746 1652 nihil
768 1615 871 1653 aliud
893 1615 1003 1667 Syllae
1033 1614 1101 1652 nifi
1128 1614 1370 1653 consulatum
1398 1615 1651 1662 abstulissetis,
1683 1627 1813 1657 tamen

421 1691 467 1717 eo
497 1693 562 1718 vos
595 1689 795 1718 contentos
826 1680 895 1718 effe
927 1681 1154 1733 oportebat:
1193 1678 1350 1718 honoris
1380 1681 1486 1719 enim
1517 1683 1717 1721 contentio
1745 1696 1813 1722 vos

422 1746 467 1784 ad
487 1746 636 1785 causam
654 1776 665 1791 ,
697 1760 774 1784 non
801 1747 1017 1784 inimicitiae
1039 1747 1292 1785 deduxerunt.
1326 1747 1396 1785 Sed
1414 1777 1425 1792 ,
1456 1761 1547 1786 cum
1569 1747 1662 1787 huic
1683 1750 1814 1787 omnia

423 1827 514 1851 cum
535 1812 681 1851 honore
701 1813 864 1851 detrach
886 1812 969 1858 sint,
1001 1826 1094 1851 cum
1116 1813 1155 1851 in
1175 1812 1247 1850 hac
1267 1812 1422 1851 fortuna
1443 1814 1575 1852 misera
1595 1828 1637 1852 ac
1658 1815 1811 1854 ludtuo—

422 1879 558 1917 fiffima
577 1879 778 1918 destitutus
800 1879 871 1924 fit;
904 1879 1000 1931 quid
1020 1879 1086 1924 est,
1118 1880 1221 1931 quod
1243 1888 1396 1932 expetas
1415 1880 1582 1933 amplius
1603 1881 1615 1918 ?
1648 1882 1813 1920 Lucisne

422 1945 520 1983 hanc
541 1945 691 1984 usuram
712 1946 856 1999 eripere
882 1946 938 1984 vis
956 1974 967 1991 ,
999 1945 1154 1998 plenam
1182 1945 1440 1997 lacrymarum
1466 1956 1581 1999 atque
1607 1949 1782 1986 moeroris
1800 1978 1812 1994 ,

422 2011 462 2049 in
489 2024 563 2063 qua
588 2011 681 2050 cum
708 2012 880 2050 maximo
905 2012 1077 2050 cruciatu
1097 2021 1213 2065 atque
1231 2012 1361 2050 dolore
1383 2013 1598 2052 retinetur?
1629 2015 1813 2053 Libenter

424 2077 643 2124 reddiderit,
674 2079 851 2131 adempta
871 2078 1086 2132 ignominia
1105 2078 1302 2117 foecliffimi
1322 2079 1511 2118 criminis.
1544 2081 1607 2118 An
1627 2094 1714 2118 vero
1734 2081 1811 2118 ini-

422 2144 572 2181 micum
593 2152 635 2181 ut
655 2144 819 2196 expellas
839 2144 850 2180 ?
882 2145 991 2196 cujus
1012 2157 1059 2182 ex
1080 2144 1255 2189 miseriis,
1282 2144 1307 2181 fi
1329 2144 1416 2182 effes
1437 2145 1730 2190 crudeliffimus,
1752 2146 1811 2182 vi-

422 2209 547 2248 dendo
567 2208 738 2247 fructum
759 2223 908 2262 caperes
930 2210 1129 2261 majorem,
1161 2223 1276 2261 quam
1299 2210 1500 2248 audiendo.

480 2276 517 2313 Ο
553 2274 735 2312 miserum
766 2284 804 2313 et
834 2274 1031 2313 infelicem
1062 2275 1177 2313 illum
1210 2275 1328 2320 diem,
1359 2288 1437 2326 quo
1468 2275 1599 2314 consul
1627 2275 1809 2314 omnibus

424 2341 607 2380 centuriis
630 2341 673 2378 P.
698 2340 798 2391 Sylla
818 2341 1055 2379 renuntiatus
1076 2341 1127 2378 est
1147 2340 1153 2377 Ι
1188 2342 1224 2378 Ο
1247 2340 1377 2378 salsam
1399 2341 1502 2393 spem
1522 2340 1529 2376 !
1555 2342 1590 2376 O
1614 2340 1809 2379 volucrem

425 2406 646 2446 fortunam!
681 2406 717 2443 O
746 2419 887 2444 caecam
914 2406 1193 2459 cupiditatem!
1229 2408 1264 2443 Ο
1298 2405 1556 2458 praeposteram
1585 2407 1808 2458 gratulatio-

426 2473 542 2513 nem!
577 2474 705 2528 Qam
735 2473 812 2512 cito
841 2472 907 2511 illa
931 2473 1061 2511 omnia
1086 2486 1132 2513 ex
1163 2473 1294 2511 laetitia
1321 2481 1357 2510 et
1384 2472 1576 2523 voluptate
1596 2473 1639 2510 ad
1662 2473 1811 2512 lustum

508 2541 642 2579 ToM.
675 2539 726 2579 V,
1429 2537 1464 2575 R
1494 2550 1511 2574 r
