2212 2835
437 199 510 227 112
941 186 1339 224 ORATIO

432 287 497 324 ille
529 294 658 323 utrum
690 283 910 322 insidiarum
937 284 1044 321 causa
1070 283 1218 328 fecerit,
1249 298 1295 322 an
1323 283 1397 323 hoc
1424 294 1560 337 genere
1587 286 1813 338 eloquentiae

429 350 648 395 deleftetur,
670 348 810 388 nescio.
833 351 999 394 Tamen,
1021 350 1047 387 fi
1067 350 1135 402 qui
1156 351 1341 388 acutiores
1363 351 1402 388 in
1419 351 1605 389 concione
1624 351 1812 396 steterant,

429 417 475 454 de
502 416 585 469 lege
612 415 770 468 Agraria
798 415 923 453 nescio
950 415 1045 468 quid
1071 415 1228 453 voluiffe
1255 430 1346 454 eum
1367 416 1490 454 dicere
1508 417 1810 469 suspicabantur.

427 482 652 534 Aliquando
673 481 842 525 tandem,
873 494 935 519 me
955 482 1160 533 defignato,
1193 481 1254 519 lex
1272 482 1313 519 in
1335 482 1538 534 publicum
1558 483 1811 534 proponitur:

427 557 663 586 concurrunt
686 547 789 600 jussu
820 560 908 585 meo
934 547 1059 600 plures
1089 561 1165 585 uno
1192 557 1363 600 tempore
1386 548 1553 593 librarii5
1584 548 1813 601 ,descriptam

428 614 553 666 legem
573 614 619 651 ad
639 628 702 652 me
721 612 897 651 afferunt.

482 681 554 718 VI.
588 680 712 718 Omni
728 678 803 717 hoc
819 679 928 717 vobis
944 679 1087 717 ratione
1103 678 1328 717 confirmare
1344 679 1508 732 poffum,
1532 678 1720 730 Qirites,
1736 677 1812 715 hoc

427 746 558 784 animo
579 759 641 784 me
668 745 715 783 ad
739 745 941 798 legendam
967 745 1093 797 legem
1115 744 1496 797 cognoscendamque
1514 744 1666 789 venisse,
1697 752 1755 788 ut,
1786 743 1811 780 fi

426 824 510 848 earn
531 811 639 849 vobis
660 810 988 849 accommodatam
1007 818 1121 861 atque
1142 810 1278 848 utilem
1300 809 1371 847 effe
1391 810 1661 863 intelligerem,
1682 810 1812 847 auctor

425 877 507 927 ejus
538 885 652 927 atque
684 876 834 927 adjutor
863 874 990 913 essem.
1022 875 1117 912 Non
1147 875 1252 912 enim
1284 883 1440 918 natura,
1472 888 1596 926 neque
1623 874 1811 917 discidio,

426 955 551 994 neque
570 941 659 979 odio
678 941 830 993 penitus
852 940 963 977 infito
976 968 987 984 ,
1019 938 1167 976 bellum
1193 939 1319 976 nescio
1339 939 1444 990 quod
1463 938 1578 976 habet
1597 938 1814 991 susceptum

427 1006 656 1044 Consulatus
677 1018 769 1042 cum
791 1004 1013 1048 tribunatu3
1037 1003 1127 1055 quia
1146 1003 1308 1056 persaepe
1328 1003 1508 1042 seditiofis
1529 1013 1645 1055 atque
1663 1004 1811 1056 impro-

426 1072 485 1109 bis
513 1071 677 1109 tribunis
704 1069 828 1123 plebis
857 1069 951 1107 boni
976 1078 1013 1106 et
1038 1068 1155 1107 fortes
1183 1069 1368 1107 Consules
1395 1069 1637 1114 obstiterunt,
1667 1078 1705 1107 et
1724 1069 1813 1121 quia

425 1137 482 1175 vis
505 1136 705 1174 tribunitia
731 1148 1010 1186 nonnunquam
1036 1134 1193 1171 libidini
1217 1133 1354 1171 restitit
1385 1134 1585 1172 consulari.
1624 1135 1718 1173 Non
1739 1147 1811 1186 po-

425 1202 603 1239 testatum
637 1199 920 1243 diffimilitudo,
951 1198 1014 1236 sed
1046 1199 1266 1237 animorum
1296 1199 1517 1250 disjunetio,
1548 1199 1813 1238 diffenfionem

424 1265 531 1304 facit.
554 1266 689 1317 Itaque
705 1263 780 1302 hoc
797 1265 926 1302 animo
942 1264 1067 1316 legem
1085 1264 1222 1316 sumpfi
1240 1264 1280 1301 in
1299 1276 1448 1308 manus,
1470 1272 1513 1301 ut
1528 1277 1610 1301 eam
1631 1277 1812 1316 cuperem

425 1332 496 1370 effe
515 1341 643 1384 aptam
663 1330 790 1369 vestris
806 1330 1039 1374 commodis,
1060 1338 1098 1368 et
1115 1329 1316 1382 ejusmodi,
1338 1343 1455 1381 quam
1477 1329 1637 1374 Consul,
1660 1343 1712 1373 re,
1735 1343 1813 1367 non

425 1398 608 1442 oratione,
631 1396 840 1449 popularis,
861 1405 899 1434 et
917 1394 1122 1434 honeste‘et
1135 1396 1297 1434 libenter
1310 1394 1430 1448 poffet
1444 1395 1657 1433 defendere.
1680 1396 1813 1447 Atque

425 1478 497 1516 ego
516 1477 536 1500 a
554 1464 683 1516 primo
703 1463 827 1514 capite
847 1462 942 1514 legis
968 1462 1085 1514 usque
1112 1461 1156 1499 ad
1182 1470 1402 1500 extremum
1431 1462 1591 1514 reperio,
1620 1461 1811 1512 Qirites,

426 1529 524 1568 nihil
545 1528 649 1566 aliud
668 1528 895 1580 cogitatum,
927 1526 1026 1564 nihil
1047 1526 1151 1564 aliud
1171 1526 1401 1579 susceptum,
1424 1526 1522 1564 nihil
1543 1527 1647 1564 aliud
1667 1528 1812 1571 aetum,

424 1595 492 1634 nis1
514 1594 571 1632 uti
591 1594 724 1632 decern
745 1606 848 1645 reges
870 1593 1000 1636 aerarii,
1023 1592 1284 1644 vec‘tigalium,
1311 1593 1596 1645 provinciarum
1617 1592 1811 1637 omnium,

425 1660 541 1698 totius
563 1659 797 1712 reipublicae,
828 1672 1050 1710 regnorum,
1080 1658 1292 1696 liberorum
1312 1654 1559 1710 populorum,
1580 1658 1682 1696 orbis
1703 1657 1812 1695 deni-³

425 1740 501 1778 que
521 1735 720 1770 terrarum,
742 1724 893 1762 domini
914 1723 1246 1768 constituerentur,
1268 1724 1363 1775 legis
1382 1725 1549 1775 Agrariae
1570 1724 1812 1762 simulatione

427 1800 539 1842 atque
559 1791 730 1828 nomine.
754 1790 815 1827 Sic
831 1788 1034 1834 confirmo,
1057 1789 1244 1839 Qiriteffl
1268 1787 1338 1825 hac
1355 1787 1439 1839 lege
1459 1789 1630 1839 Agraria,
1652 1787 1813 1840 pulchra

424 1854 538 1907 atque
573 1855 761 1907 populari,
792 1854 871 1891 dari
901 1853 1009 1891 vobis
1045 1852 1158 1897 nihil,
1198 1852 1405 1891 condonari
1437 1853 1548 1890 certis
1567 1852 1811 1891 hominibus

424 1921 555 1960 omnia
568 1939 579 1965 ;
611 1920 787 1958 ostentari
807 1919 953 1972 populo
974 1921 1153 1957 Romano
1173 1932 1296 1971 agros,
1316 1919 1411 1971 eripi
1430 1919 1545 1957 etiam
1567 1919 1784 1957 libertatem
1796 1937 1810 1963 5

427 1988 662 2040 privatorum
683 1985 862 2038 pecunias
884 1985 1025 2037 augeri,
1057 1984 1230 2037 publicas
1249 1983 1439 2022 exhauriri
1458 2003 1468 2028 ;
1497 1984 1675 2036 denique,
1705 1985 1812 2037 quod

425 2053 478 2090 est
509 2050 832 2104 indigniffimum,
867 2063 934 2102 per
971 2050 1171 2088 tribunum
1202 2050 1339 2102 plebis,
1372 2063 1489 2102 quein
1523 2051 1682 2101 majores
1714 2064 1815 2102 prae-

427 2118 545 2156 fidem
577 2116 762 2155 libertatis
793 2115 1068 2168 custodemque
1097 2115 1169 2153 effe
1203 2116 1422 2161 voluerunt,
1453 2129 1558 2168 reges
1589 2116 1629 2153 in
1659 2116 1813 2154 civitate

426 2178 618 2217 constitui.

474 2245 580 2298 *Qae
612 2256 702 2280 cum
737 2241 962 2295 exposuero,
993 2242 1018 2280 si
1049 2241 1138 2280 falsa
1167 2242 1275 2280 vobis
1305 2242 1538 2280 videbuntur
1565 2242 1650 2287 effe,
1681 2242 1812 2293 sequar

426 2311 688 2349 mic'toritatem
717 2309 905 2353 vestram;
938 2308 1098 2346 mutabo
1129 2321 1255 2346 meam
1286 2308 1535 2346 sententiam:
1571 2308 1625 2346 s1n
1660 2307 1810 2345 infidias

427 2376 506 2413 fieri
526 2374 693 2413 libertati
713 2374 852 2419 vestrae,
875 2373 1115 2412 simulatione
1131 2373 1358 2426 largitionis,
1380 2373 1618 2426 intelligetis,
1648 2372 1812 2409 nolitote

427 2440 614 2485 dubitare,
636 2439 805 2493 plurimo
822 2438 953 2478 sudore
969 2448 1006 2478 et
1021 2438 1200 2492 sanguine
1215 2440 1407 2492 majorum
1424 2438 1632 2478 vestrorum
1647 2445 1810 2489 partam,
