2212 2835
401 187 475 227 134
909 172 1308 210 ORATIO

451 275 602 312 XXIX.
636 271 802 323 Qaefivi
823 285 870 310 ex
889 285 934 310 eo
954 272 1137 310 Kalendis
1159 273 1342 323 Januarii,
1374 272 1515 324 quibus
1538 272 1779 318 hominibus,

396 350 432 377 et
453 339 797 390 quemadmodum,
830 338 944 376 illum
965 352 1100 390 agrum
1121 337 1210 376 esset
1237 338 1522 377 distributurus.
1554 339 1781 391 Respondit,

396 420 416 443 a
436 405 608 443 Romilia
629 404 733 442 tribu
753 404 788 442 se
808 405 965 442 initium
987 404 1057 443 effe
1077 403 1283 442 fasturum.
1317 405 1508 450 Primum,
1540 419 1626 457 quae
1646 405 1699 442 est
1717 404 1784 442 ista

395 471 569 523 superbia
589 479 626 508 et
646 471 894 515 contumelia,
917 479 959 508 ut
979 470 1113 523 populi
1134 484 1217 523 pars
1238 479 1474 523 amputetur,
1496 471 1589 509 ordo
1610 471 1785 508 tribuum

395 538 640 590 negligatur?
671 546 758 574 ante
778 537 924 575 rusticis
945 537 1056 574 detur
1075 550 1174 590 ager,
1206 537 1274 589 qui
1293 536 1451 582 habent,
1473 550 1591 589 quam
1616 537 1784 581 urbanis,

397 605 539 656 quibus
561 604 628 642 ista
647 604 727 656 agri
747 603 826 657 spes
846 612 884 641 et
898 604 1121 655 jucunditas
1142 603 1351 641 ostenditur
1369 605 1381 640 ?
1413 604 1509 648 Aut,
1541 603 1567 642 fi
1587 602 1662 641 hoc
1683 603 1729 640 ab
1750 602 1786 640 se

397 672 546 709 dffium
568 680 692 724 negat,
715 680 753 708 et
772 669 982 708 satisfacere
1001 669 1184 708 omnibus
1206 669 1313 707 vobis
1335 670 1504 723 cogitat;
1527 668 1716 722 proferat:
1744 669 1786 707 in

393 738 530 790 jugera
549 737 645 775 dena
664 736 848 774 describat
866 750 875 774 :
907 749 926 773 a
947 735 1144 773 Suburana
1163 734 1280 787 usque
1300 735 1346 773 ad
1372 735 1600 774 Arniensem
1629 735 1787 773 nomina

397 804 514 841 vestra
544 812 745 856 proponat.
779 803 818 840 Si
848 816 926 840 non
957 801 1075 840 modo
1105 801 1201 839 dena
1225 802 1360 854 jugera
1389 802 1469 839 dari
1495 802 1619 846 vobis,
1650 801 1711 839 sed
1738 813 1787 839 ne

398 868 599 921 constipari
629 868 787 920 quidem
816 876 967 905 tantum
994 879 1201 904 numerum
1228 865 1438 904 hominum
1464 865 1566 918 poffe
1592 867 1632 904 in
1652 879 1788 919 agrum

400 936 662 987 Campanum,
697 932 920 985 intelligetis
937 950 948 976 ;
987 941 1166 970 tamenne
1199 931 1328 969 vexari
1358 931 1658 983 rempublicam,
1689 944 1786 970 con-

399 1001 522 1038 temni
549 999 783 1051 majestatem
812 997 949 1050 populi
976 996 1160 1041 Romani,
1192 995 1323 1034 deludi
1349 996 1610 1050 vosmetipsos,
1640 996 1787 1035 diutius

398 1080 418 1104 a
439 1067 595 1104 tribuno
615 1065 738 1118 plebis
759 1063 989 1117 patiemini?

455 1131 575 1184 Qod
596 1131 621 1169 fi
642 1129 762 1183 poffet
781 1143 868 1182 ager
888 1128 954 1166 iste
981 1129 1027 1166 ad
1053 1141 1119 1166 vos
1145 1128 1343 1180 pervenire
1359 1147 1371 1173 ς
1404 1141 1531 1167 nonne
1549 1142 1641 1168 eum
1661 1137 1789 1168 tamen

398 1199 439 1236 in
460 1197 694 1250 patrimonio
714 1195 834 1233 vestro
853 1207 1045 1233 remanere
1065 1193 1229 1231 malletis
1249 1194 1261 1230 ?
1293 1195 1482 1232 Unumne
1500 1193 1670 1233 fundum
1695 1195 1788 1248 pul-

395 1263 639 1302 cherrimum
659 1261 793 1315 populi
821 1260 1005 1305 Romani,
1035 1268 1153 1312 caput
1181 1260 1306 1298 vestrae
1332 1260 1518 1313 pecuniae,
1548 1261 1654 1313 pacis
1674 1274 1788 1299 orna-

398 1339 593 1373 mentum,
625 1327 833 1366 subsidium
853 1327 958 1371 belli,
990 1325 1290 1364 fundamentum
1315 1326 1575 1379 vecstigalium‚
1605 1326 1789 1365 horreum

397 1396 612 1448 legionum,
635 1394 812 1432 solatium
832 1407 1004 1437 annonae,
1027 1391 1204 1445 disperire
1219 1392 1444 1444 patiemini?
1466 1393 1532 1430 An
1552 1392 1666 1431 obliti
1686 1392 1791 1437 estis,-

399 1462 535 1500 Italico
555 1460 673 1505 bello,
701 1460 839 1498 amiffis
861 1460 1005 1497 caeteris
1027 1458 1291 1510 vectigalibus,
1312 1467 1476 1510 quantos
1497 1459 1577 1512 agri
1597 1459 1789 1512 Campani

398 1527 588 1566 fruffibus
610 1526 799 1564 exercitus
820 1525 988 1563 alueritis
1008 1525 1021 1562 ?
1044 1526 1108 1563 An
1128 1524 1326 1576 ignoratis,
1347 1533 1480 1562 caetera
1498 1525 1565 1562 illa
1585 1524 1790 1578 magnifica

398 1593 534 1646 populi
556 1592 724 1630 Romani
745 1591 942 1643 vestigalia
961 1590 1103 1642 perlevi
1123 1589 1217 1642 saepe
1237 1598 1438 1634 momento
1463 1589 1642 1635 fortunae,
1673 1590 1789 1628 incli-

399 1660 554 1697 natione
576 1658 775 1710 temporis,
806 1655 999 1709 pendere?
1032 1655 1141 1706 Qid
1168 1668 1237 1693 nos
1265 1654 1363 1693 Afiae
1381 1663 1529 1708 portus,
1560 1656 1655 1708 quid
1675 1656 1790 1708 Syriae

400 1738 498 1768 rura,
530 1723 624 1775 quid
655 1722 786 1760 onmia
816 1720 1062 1759 transmarina
1092 1719 1302 1770 vectigalia,
1332 1720 1538 1770 juvabunt,
1575 1720 1791 1758 tenuiffima

400 1790 609 1842 suspicione
642 1789 867 1841 praedonum
901 1795 967 1824 aut
997 1784 1166 1823 hostium
1198 1785 1366 1836 injecta?
1397 1787 1454 1822 At
1483 1799 1571 1824 vero
1601 1785 1678 1823 hoc
1709 1787 1790 1839 agri

401 1856 591 1908 Campani
624 1854 782 1907 veffigal
807 1866 901 1891 cum
927 1851 1115 1904 ejusmodi
1144 1850 1209 1895 est,
1241 1859 1286 1889 ut
1311 1851 1420 1890 domi
1448 1852 1505 1897 fit,
1536 1860 1573 1890 et
1604 1852 1788 1891 omnibus

400 1921 578 1974 praefidiis
610 1920 843 1972 oppidorum
877 1927 1052 1970 tegatur;
1085 1927 1171 1956 tum
1200 1930 1324 1969 neque
1350 1917 1459 1956 bellis
1490 1917 1688 1963 infestum,
1718 1931 1790 1956 nec

400 1987 589 2025 fructibus
626 1987 788 2028 varium,
830 1997 900 2022 nec
930 1984 1023 2022 caelo
1056 1997 1098 2021 ac
1133 1983 1221 2021 loco
1254 1983 1535 2028 calamitosum,
1577 1983 1649 2022 effe
1681 1983 1788 2023 solet.

402 2053 572 2104 Majores
601 2051 714 2089 nostri
742 2063 818 2088 non
845 2049 969 2088 solum
996 2049 1049 2094 id,
1081 2049 1185 2101 quod
1214 2062 1234 2086 a
1261 2049 1467 2101 Campanis
1488 2058 1680 2102 ceperant,
1712 2063 1790 2087 non

401 2119 698 2162 imminuerunt,
730 2129 864 2155 verum
897 2117 1028 2160 etiam,
1060 2115 1164 2168 quod
1200 2116 1234 2153 ei
1270 2116 1465 2160 tenebant,
1496 2116 1639 2168 quibus
1670 2116 1790 2154 adimi

396 2187 483 2237 jure
510 2198 585 2222 non
614 2191 773 2236 poterat,
806 2191 1041 2220 coemerunt.
1074 2181 1162 2231 Qa
1187 2181 1233 2219 de
1261 2181 1368 2219 causa
1394 2194 1464 2219 nec
1495 2181 1573 2219 duo
1602 2180 1788 2227 Gracchi,

403 2251 470 2303 qui
509 2250 554 2287 de
593 2249 716 2302 plebis
755 2249 942 2286 Romanae
985 2247 1202 2285 commodis
1247 2246 1462 2299 plurimum
1507 2247 1787 2300 cogitaverunt,

404 2331 473 2355 nec
509 2317 556 2354 L.
596 2315 710 2366 Sylla,
749 2315 817 2366 qui
851 2313 982 2352 omnia
1013 2313 1089 2351 fine
1123 2313 1201 2351 ulla
1236 2312 1434 2366 religione,
1473 2313 1615 2365 quibus
1649 2312 1786 2355 voluit,

404 2383 457 2419 cst
490 2382 702 2434 dilargitus,
733 2393 869 2433 agrum
903 2381 1149 2432 Campanum
1183 2379 1369 2431 attingere
1400 2378 1508 2417 ausus
1541 2379 1605 2417 est.
1646 2377 1788 2416 Rullus

405 2448 545 2493 extitit,
596 2448 663 2501 qui
701 2461 747 2486 ex
787 2460 828 2485 ea
866 2445 1085 2501 poffeffione
1125 2446 1408 2499 rempublicam
1445 2445 1692 2489 demoveret;
1741 2456 1789 2482 ex
