2212 2835
651 177 741 216 DE
799 177 993 216 LEGE
1051 177 1408 217 AGRARIA.
1668 190 1741 233 137·

350 274 632 326 rempublicam
649 275 814 313 nostram
831 274 1033 313 transferre
1050 283 1250 320 conantur,
1273 288 1351 327 quo
1364 275 1403 312 in
1420 274 1564 328 oppido
1582 263 1742 326 majores*

350 341 461 378 vestri
478 341 625 380 nullam
639 342 801 380 omnino
813 342 1097 394 rempublicam
1113 340 1184 378 effe
1197 342 1400 380 voluerunt
1416 360 1427 386 3
1443 341 1511 394 qui
1528 351 1600 380 tres
1618 341 1744 379 solum

351 407 462 446 urbes
493 409 532 445 in
562 408 669 445 terris
699 408 897 452 omnibus,
934 406 1227 458 Carthaginem,
1264 406 1516 452 Corinthum,
1554 409 1742 461 Capuam,

350 473 561 511 statuerunt
586 473 688 525 pofl'e
715 473 869 525 imperii
894 473 1122 525 gravitatem
1148 486 1191 510 ac
1219 486 1363 510 nomen
1383 472 1573 512 sustinere.
1607 475 1745 512 Deleta

353 537 547 591 Carthago
574 538 640 584 est,
671 539 775 591 quod
802 552 895 577 cum
923 537 1134 577 hominum
1161 539 1298 592 copiis,
1330 548 1417 577 turn
1445 539 1524 592 ipsa
1548 549 1680 578 natura
1703 553 1744 577 ac

351 604 451 648 loco,
484 605 674 643 succincta
702 605 906 658 portubUS‚
937 614 1081 643 armata
1110 605 1247 650 muris,
1284 619 1482 644 excurrere
1515 619 1563 644 ex
1597 605 1745 650 Africa,

351 672 558 710 imminere
584 672 637 710 ita
664 671 967 710 fruetuofiffimis
995 671 1128 710 insulis
1154 671 1291 725 populi
1315 673 1500 718 Romani,
1531 672 1745 711 videbatur.

354 736 538 776 Corinthi
558 737 762 791 v‘estigium
782 737 846 776 vix
862 737 1040 776 relietum
1055 737 1109 776 est
1125 753 1134 776 t
1157 747 1235 776 erat
1250 738 1356 777 enim
1374 738 1494 792 pofita
1509 738 1549 776 in
1566 738 1747 792 angustiis

352 812 468 857 atque
488 805 528 843 in
548 803 725 843 faucibus
748 805 920 849 Graeciae,
952 804 1017 849 fic,
1039 813 1082 842 ut
1102 813 1198 843 terra
1217 804 1376 843 claustra
1390 805 1566 845 locorum
1587 813 1746 849 teneret,

353 879 392 909 et
424 871 503 910 duo
536 871 654 910 maria
689 871 859 909 maxime
894 871 1129 924 navigationi
1166 871 1309 910 diversa
1346 885 1443 925 pene
1481 872 1747 925 conjungeret,

355 950 448 975 cum
478 938 655 990 pertenui
685 938 905 976 discrimine
938 938 1168 990 separentur.
1212 939 1324 984 Haec,
1356 953 1441 991 quae
1476 939 1610 991 procul
1635 933 1750 977 ¹erant

356 1017 377 1041 a
395 1003 600 1057 conspectu
616 1003 785 1057 imperii,
806 1016 885 1041 non
905 1003 1029 1041 solum
1046 1002 1280 1049 afflixerunt,
1302 1003 1364 1042 sed
1380 1005 1511 1049 etiam,
1534 1018 1581 1042 ne
1596 1004 1751 1057 quando

357 1079 519 1108 recreata
546 1070 746 1124 exsurgere
775 1078 889 1122 atque
918 1070 1061 1123 erigere
1095 1069 1131 1108 se
1150 1070 1310 1123 possent,
1346 1069 1538 1117 funditus,
1575 1080 1620 1109 ut
1653 1071 1749 1113 dixi,

357 1135 601 1176 sustulerunt.

413 1204 476 1242 De
496 1204 630 1256 Capua
649 1202 823 1241 multum
844 1202 897 1240 est
916 1211 954 1241 et
974 1202 1041 1241 diu
1061 1202 1296 1241 consultum.
1326 1204 1474 1242 Extant
1492 1204 1625 1249 literae,
1646 1205 1751 1256 Qi—

358 1269 461 1314 rites,
491 1269 685 1322 publicae:
718 1269 805 1307 sunt
831 1269 1154 1308 senatusconsulta
1182 1269 1395 1323 complura.
1429 1271 1651 1309 Statuerunt
1677 1270 1751 1308 ho-

357 1335 481 1374 mines
513 1335 711 1389 sapientes,
751 1336 778 1374 fi
806 1349 945 1389 agrum
981 1336 1189 1389 Campanis
1225 1335 1462 1381 ademiffent,
1499 1337 1753 1390 magistratus,

358 1400 545 1447 senatum,
567 1401 774 1455 publicum
793 1415 840 1440 ex
859 1402 925 1440 illa
945 1402 1039 1440 urbe
1059 1402 1263 1440 confilium
1280 1402 1520 1447 sustulissent,
1543 1403 1755 1456 imaginem

360 1468 582 1521 reipublicae
602 1468 751 1507 nullam
773 1468 1008 1520 reliquissent
1025 1487 1037 1513 ς
1070 1467 1169 1506 nihil
1190 1467 1286 1513 fore,
1317 1469 1422 1521 quod
1443 1470 1619 1522 Capuam
1638 1470 1754 1508 time-

361 1546 504 1572 remus.
535 1535 672 1586 Itaque
700 1533 774 1572 hoc
803 1535 1054 1586 perscriptum
1081 1534 1121 1571 in
1145 1535 1412 1573 monumentis
1433 1535 1624 1574 veteribus
1646 1549 1755 1588 repe-

361 1599 481 1643 rietis,
513 1607 556 1637 ut
576 1599 664 1637 effet
686 1600 790 1643 urbs,
822 1613 906 1651 quae
934 1613 990 1637 res
1017 1613 1091 1644 eas,
1123 1600 1263 1652 quibus
1290 1613 1378 1652 ager
1406 1601 1628 1653 Campanus
1649 1601 1754 1639 cole-

362 1673 479 1709 retur,
511 1664 750 1717 suppeditare
772 1664 917 1717 poffet3
952 1674 995 1703 ut
1021 1664 1109 1703 esset
1137 1665 1245 1703 locus
1273 1667 1560 1719 comportandis
1581 1667 1755 1705 conden-

362 1729 493 1782 disque
512 1729 730 1775 fructibu33
752 1740 795 1768 ut
815 1740 989 1775 aratoreS,
1011 1731 1121 1769 cultu
1142 1745 1322 1784 agrorum
1339 1731 1481 1778 defeffi,
1502 1733 1607 1771 urbis
1626 1733 1755 1771 domi-

361 1796 462 1834 ciliis
484 1805 706 1841 uterentur3
739 1797 884 1836 idcirco
904 1798 970 1835 illa
990 1797 1148 1836 aedificia
1169 1812 1245 1836 non
1265 1798 1336 1836 effe
1357 1799 1493 1837 deleta.

417 1865 614 1902 XXXIII.
646 1864 786 1902 Videte
817 1873 1007 1917 quantum
1039 1865 1284 1904 intervallum
1311 1866 1355 1904 fit
1386 1867 1631 1919 interjectum
1658 1865 1758 1905 inter

363 1931 556 1982 majorum
577 1930 792 1968 nostrorum
817 1931 985 1976 consilia,
1006 1941 1043 1969 et
1064 1931 1165 1969 inter
1186 1932 1343 1970 istorum
1365 1931 1575 1971 hominum
1596 1933 1757 1971 demen-

365 1995 473 2034 tiam.
494 1996 559 2034 Illi
579 1998 752 2050 Capuam
773 1998 1059 2050 receptaculum
1077 2007 1282 2043 aratorum,
1306 1999 1494 2037 nundinas
1512 1999 1755 2043 rusticorum,

364 2061 502 2100 cellam
532 2072 646 2116 atque
675 2063 858 2102 horreum
891 2064 1083 2117 Campani
1114 2065 1207 2117 agri,
1239 2065 1309 2103 effe
1336 2065 1567 2104 voluerunt:
1600 2064 1656 2111 hi,
1687 2079 1756 2103 ex—

365 2129 479 2180 pulfis
507 2130 732 2176 aratoribus,
764 2130 888 2168 effusis
920 2145 962 2169 ac
995 2131 1175 2183 diffipatis
1203 2130 1392 2170 fructibus
1421 2132 1565 2177 vestris,
1596 2132 1756 2170 eandem

367 2195 541 2247 Capuam
562 2196 687 2235 sedem
705 2210 811 2235 novae
828 2197 1048 2250 reipublicae
1063 2198 1318 2243 constituunt,
1340 2199 1486 2237 molem
1505 2207 1636 2237 contra
1652 2206 1756 2235 vete-

366 2273 448 2298 rem
470 2262 751 2313 rempublicam
772 2272 1008 2316 comparant.
1039 2264 1157 2315 Qod
1179 2264 1204 2302 fi
1226 2265 1388 2316 majores
1410 2264 1525 2303 nostri
1546 2262 1755 2302 existimas-

365 2326 460 2372 sent,
491 2340 728 2379 quemquam
750 2330 789 2366 in
812 2338 887 2367 tam
910 2329 1049 2367 illustri
1069 2330 1247 2382 imperio,
1269 2340 1305 2368 et
1328 2341 1404 2368 tam
1427 2329 1601 2383 praeclara
1621 2327 1757 2380 populi

367 2393 537 2431 Romani
567 2393 779 2446 disciplina,
811 2396 874 2433 M.
908 2397 1019 2434 Bruti
1049 2405 1114 2434 aut
1146 2397 1189 2434 P.
1225 2396 1334 2434 Rulli
1367 2396 1530 2434 fimilem
1562 2394 1755 2438 futurum,

369 2458 468 2512 (hos
499 2459 604 2497 enim
632 2473 701 2498 nos
733 2461 827 2499 duos
861 2461 986 2501 adhuc
1021 2462 1211 2507 videmus,
1244 2463 1312 2514 qui
1343 2461 1441 2499 hanc
1474 2459 1756 2514 rempublicam

448 2527 576 2566 TOM.
600 2526 651 2564 V.
1434 2528 1455 2564 S
