2212 2835
639 182 772 222 PRo
832 176 1016 217 LEGE
1076 168 1426 211 MANlLlA.
1708 174 1732 211 9

342 300 468 327 tamen
491 285 611 324 nimia
631 278 915 334 longinquitate
935 275 1126 316 locorum,
1154 283 1196 307 ac
1217 264 1400 306 desiderio
1421 261 1592 304 suorum,
1621 270 1731 296 com—

341 355 582 395 movebatur.

400 422 480 460 Hic
495 421 578 471 jam
599 415 709 468 plura
729 425 806 450 non
826 410 969 447 dicam.
1003 404 1096 444 Fuit
1115 402 1220 440 enim
1241 398 1339 436 illud
1360 405 1593 437 extremum,
1627 400 1670 429 ut
1689 403 1736 427 ex

344 489 390 526 iis
411 486 505 524 locis
527 477 558 522 a¹
575 480 768 521 militibus
800 475 935 514 nostris
970 471 1114 510 reditus
1135 466 1257 519 magis
1279 472 1467 506 maturus,
1499 472 1618 511 quam
1645 471 1737 510 pro-

345 552 456 592 ceffio
476 549 642 602 longior,
675 551 917 599 quaereretur.
950 535 1201 577 Mithridates
1232 540 1363 570 autem
1394 537 1432 566 et
1452 526 1557 564 suam
1578 536 1740 566 manum

342 621 424 672 jam
444 616 703 657 confirmarat,
738 620 776 649 et
796 621 946 651 eorum,
972 604 1040 657 qui
1060 602 1095 640 se
1114 614 1161 639 ex
1182 600 1263 652 ejus
1285 608 1404 649 regno
1424 592 1673 644 collegerant,
1704 598 1742 626 et

349 684 499 737 magnis
519 678 736 721 adventitiis
756 675 974 715 multorum
994 681 1128 722 regum
1150 675 1188 704 et
1208 663 1426 706 nationum,
1443 657 1565 711 copiis
1579 655 1742 708 juvaba-

350 761 425 790 tur.
459 751 551 788 Hoc
575 748 656 800 jam
680 743 758 782 fere
778 742 827 780 sic
848 739 929 778 fieri
950 737 1066 776 solere
1096 732 1331 785 accepimus,
1363 736 1407 766 ut
1427 737 1564 778 regum
1595 720 1744 760 afflictae

349 818 516 858 fortunae
536 814 648 854 facile
668 810 885 850 multorum
905 818 996 859 opes
1016 802 1188 842 alliciant
1213 798 1259 837 ad
1280 791 1596 836 misericordiam,
1618 788 1746 827 maxi-

351 897 492 937 meque
512 894 662 925 eorum,
693 877 762 930 qui
782 884 847 915 aut
876 886 980 926 reges
1001 870 1102 913 sunt,
1135 875 1200 905 aut
1225 865 1362 903 vivunt
1391 862 1432 898 in
1462 871 1609 910 regno;
1642 854 1747 907 quod

354 950 478 1003 regale
498 950 543 987 iis
564 959 707 986 nomen
729 954 917 995 magnum
937 946 975 976 et
994 937 1166 975 sanetum
1192 931 1263 970 effe
1282 929 1470 969 videatur.
1504 926 1640 975 Itaque
1662 931 1748 958 tan-

355 1027 442 1056 tum
463 1016 586 1054 victus
606 1012 756 1050 efficere
776 1007 919 1061 potuit,
941 1011 1132 1056 quantum
1153 996 1361 1037 incolumis
1383 1004 1586 1044 nunquam
1608 988 1660 1026 est
1680 1000 1748 1024 au-

356 1083 416 1122 sus
436 1090 585 1135 optare:
609 1091 714 1121 nam,
737 1088 829 1113 cum
851 1072 941 1110 sein
962 1081 1125 1121 regnum
1148 1062 1341 1115 recepisset
1363 1061 1489 1102 suum,
1512 1069 1591 1095 non
1610 1053 1688 1092 fuit
1707 1065 1752 1090 eo

358 1157 577 1191 contentus,
599 1142 706 1197 quod
725 1141 760 1178 ei
781 1146 914 1193 praeter
935 1135 1042 1188 spem
1061 1130 1264 1173 acciderat,
1297 1135 1341 1164 ut
1361 1125 1484 1167 illam,
1505 1121 1753 1174 posteaquam

358 1214 489 1270 pulsus
520 1221 611 1256 erat,
643 1219 783 1248 terram
816 1214 990 1256 unquam
1021 1199 1224 1250 attingeret
1241 1212 1251 1239 3
1285 1192 1347 1231 sed
1368 1191 1409 1229 in
1429 1187 1645 1228 exercitum
1670 1183 1753 1223 ves-

360 1292 480 1326 trum,
503 1279 652 1318 clarum
671 1284 783 1327 atque
803 1271 1003 1312 victorem,
1025 1267 1220 1318 impetum
1241 1259 1348 1298 fecit.

408 1347 527 1386 Sinite
546 1345 622 1384 hoc
642 1343 744 1386 loco,
768 1337 956 1391 Qirites,
977 1334 1074 1373 ficut
1094 1339 1215 1384 poetae
1236 1327 1371 1371 solent,
1394 1323 1462 1377 qui
1483 1334 1538 1360 res
1561 1320 1756 1358 Romanas

362 1415 547 1458 scribunt,
570 1408 760 1465 praeterire
780 1418 844 1444 me
863 1402 1031 1442 nostram
1051 1396 1311 1437 calamitatem
1329 1407 1339 1432 ε
1373 1404 1458 1444 quae
1479 1396 1584 1427 tanta
1603 1385 1694 1431 fuit,
1717 1393 1760 1422 ut

364 1495 449 1520 eam
468 1479 514 1519 ad
534 1490 639 1517 aures
662 1476 710 1514 L.
729 1470 890 1512 Luculli
911 1482 989 1507 non
1009 1480 1056 1505 ex
1077 1463 1209 1518 praelio
1229 1459 1404 1502 nuntius,
1437 1455 1499 1494 sed
1519 1467 1566 1492 ex
1587 1452 1760 1490 sermone

364 1561 510 1592 rumor,
531 1544 694 1584 afferret.
717 1540 798 1580 Hic
820 1539 860 1576 in
880 1535 961 1589 ipso
981 1533 1050 1571 illo
1070 1529 1187 1575 malo,
1209 1525 1500 1580 graviffimaque
1520 1519 1614 1559 belli
1633 1517 1760 1557 offen-

366 1615 481 1658 fione,
513 1613 561 1650 L.
582 1607 786 1650 Lucullus,
823 1604 892 1656 qui
913 1612 1042 1639 tamen
1063 1597 1191 1648 aliqua
1221 1607 1268 1632 ex
1300 1600 1405 1644 parte
1425 1590 1471 1627 iis
1498 1584 1761 1625 incommodis

368 1679 512 1719 mederi
533 1674 683 1715 fortasse
705 1669 897 1726 potuisset,
920 1666 1041 1705 vestro
1055 1662 1158 1716 juffu
1181 1661 1347 1702 coactus,
1369 1655 1474 1708 quod
1496 1652 1651 1705 imperii
1671 1651 1762 1688 diu-

370 1744 544 1785 turnitati
564 1742 727 1781 modum
750 1734 994 1776 statuendum
1024 1729 1143 1769 veteri
1163 1724 1344 1778 exemplo
1370 1719 1582 1775 putavistiS‚
1617 1726 1765 1770 partem

370 1813 559 1856 militum,
574 1809 642 1862 qui
658 1808 740 1860 jam
757 1801 954 1857 stipendiis
974 1796 1159 1837 confectis
1179 1801 1299 1837 erant,
1317 1788 1476 1833 dimisit,
1499 1794 1646 1839 partem
1664 1784 1763 1821 Gla-

371 1879 499 1918 brioni
520 1875 690 1916 tradidit.
723 1871 856 1910 Multa
876 1876 1055 1922 praetereo
1077 1860 1280 1903 consulto;
1314 1856 1375 1895 sed
1395 1869 1436 1893 ea
1462 1867 1527 1892 vos
1549 1852 1766 1903 conjectura

373 1944 599 2001 perspicitis,
632 1948 822 1994 quantum
844 1934 942 1974 illud
964 1932 1112 1970 bellum
1133 1928 1312 1967 futurum
1344 1921 1501 1976 putetiS,
1535 1917 1640 1971 quod
1670 1929 1765 1954 con-

370 2016 537 2066 jungant
556 2021 661 2062 reges
683 2001 949 2060 potentissimi,
979 2005 1160 2036 renovent
1179 1993 1328 2046 agitatae
1349 1988 1534 2030 nationes,
1564 1983 1768 2036 suscipiant

376 2082 531 2131 integrae
550 2084 697 2130 gentes,
720 2083 841 2110 novus
861 2069 1069 2120 imperator
1090 2061 1207 2101 vester
1227 2057 1404 2110 accipiat,
1425 2062 1550 2093 vetere
1570 2050 1679 2104 pulso
1700 2062 1768 2086 ex-

377 2147 511 2185 ercitu.

426 2214 478 2250 X.
501 2210 595 2250 Satis
617 2206 717 2246 mihi
735 2203 859 2244 multa
878 2201 990 2240 verba
1009 2196 1135 2236 feciffe
1154 2194 1297 2236 videor,
1315 2202 1429 2243 quare
1450 2186 1524 2225 hoe
1545 2183 1693 2222 bellum
1713 2180 1770 2218 es-

381 2281 433 2318 set
454 2290 590 2330 genere
620 2274 699 2327 ipso
721 2269 983 2312 necessarium,
1016 2261 1284 2316 magnitudine
1312 2253 1585 2310 periculosum.
1628 2248 1769 2290 Restat,

384 2356 425 2384 ut
446 2346 490 2382 de
511 2344 739 2393 imperatore
759 2338 805 2375 ad
825 2336 864 2374 id
885 2334 1034 2373 bellum
1048 2328 1267 2383 deligendo,
1285 2338 1327 2363 ac
1347 2322 1460 2361 tantis
1483 2319 1592 2357 rebus
1611 2313 1772 2368 pratici-

384 2412 496 2456 endo,
520 2405 729 2446 dicendum
749 2403 820 2443 effe
840 2402 1024 2441 videatur.

522 2475 589 2512 To
603 2485 653 2511 M.
676 2470 728 2508 V.
1446 2453 1474 2489 Β
