2212 2835
689 198 982 239 VARIAE
1057 195 1622 237 LECTIONES.·

420 311 445 328 r.
509 298 529 325 Ι.

425 347 482 376 3¹9
506 346 544 373 34
565 333 653 362 levior
669 333 698 361 H
714 347 736 371 χ
750 333 828 360 lenior

501 391 540 398 -—-
561 383 635 402 certe
649 375 673 408 ψ
690 383 704 401 z
718 383 788 401 certa

425 426 480 454 3²0
527 425 536 444 1
563 414 690 442 hauriam
707 414 730 441 C
746 415 896 441 hauriamus

526 465 540 483 2
565 453 713 491 multisque
728 452 755 487 ψ
772 463 787 481 z
803 451 922 489 nullisque

502 510 542 518 —
562 494 634 522 mihi
656 494 690 521 ab
707 492 893 521 adolescentia
914 492 944 520 H
958 505 979 527 χ
993 493 1020 520 d.
1041 504 1057 522 ς·
1071 491 1134 519 mihi

603 534 638 561 ab
651 532 877 571 adclqsccntiafiza

525 585 538 612 3
563 575 615 603 effe
632 574 656 601 C
671 576 704 611 ψ

521 625 540 651 4
563 612 753 652 persequenda
769 626 794 644 r,
807 610 1011 649 slaeproſsquenda

501 671 542 677 —
565 663 662 681 omnes
679 653 703 680 C
719 655 796 679 omnis

525 705 539 732 ς
564 694 644 730 parvi
659 691 685 725 ψ
703 701 717 719 2
729 693 847 728 parvius

503 749 543 756 ——
563 731 693 760 ducenda
707 731 732 765 ψ
749 740 764 758 z
779 731 885 758 dicenda

522 774 540 801 6
562 773 649 800 vestra
663 772 688 805 ψ
705 781 719 799 2
734 773 818 808 nestra

501 828 543 836 —
564 820 654 840 tantas
669 813 694 846 ψ
709 821 725 839 2
740 817 830 838 tantas
840 819 927 849 genter

504 863 542 882 ro
564 852 710 879 accederet
727 851 751 878 C
769 851 785 878 S
801 853 948 879 accenderet

506 903 536 922 11
563 892 687 919 virorum
705 891 729 919 C
744 891 870 918 hominum

501 948 543 955 —-
562 931 732 960 intuendum
745 931 770 965 ψ
788 940 803 958 2
818 931 973 958 retinendum

507 983 516 1001 1
527 983 541 1001 z
563 972 699 1008 expressas
714 984 731 1000 f
744 971 866 1008 appr-estas

502 1027 542 1034 —
563 1012 710 1049 scriptores
733 1011 756 1039 C
773 1009 803 1038 H
824 1011 1003 1048 xscriptiones
1025 1007 1135 1045 rstrip-

604 1060 677 1080 furas

507 1103 516 1121 1
527 1103 541 1130 3
565 1092 692 1120 animum
709 1089 734 1126 ψ
751 1100 766 1119 2
782 1092 896 1119 animam

507 1143 517 1161 1
527 1142 545 1169 4
566 1141 657 1160 meam
670 1132 700 1159 H
716 1134 743 1158 in
755 1142 786 1159 ea

503 1188 544 1194 -
563 1171 766 1200 excellentium
780 1183 803 1208 χ
818 1172 846 1198 d.

507 1223 517 1241 ι
527 1224 540 1251 3
565 1211 778 1240 conformabam
793 1211 817 1238 C
830 1209 862 1238 H
877 1209 894 1238 S
909 1208 1089 1248 confirmabam

507 1262 543 1290 ¹9
565 1252 636 1290 quid
650 1265 667 1280 s·
681 1253 710 1279 de
723 1261 770 1288 quo

505 1308 543 1315 —
566 1300 594 1321 et
610 1293 634 1320 C
647 1293 675 1320 d.

506 1348 546 1356 --
566 1333 706 1365 doftrina,
728 1339 834 1360 naturae
848 1344 871 1369 χ
885 1338 983 1358 natura
997 1330 1119 1359 doHrittae

508 1383 522 1410 3
531 1382 544 1410 3
569 1380 697 1400 naturam
713 1371 738 1404 ψ
756 1381 771 1399 z
786 1378 954 1408 naturamque

504 1428 545 1434 —
566 1411 722 1439 doeh-inam
739 1423 755 1439 s-
771 1419 892 1438 naturam

509 1462 544 1490 ²5
569 1450 707 1479 accesserit
723 1451 747 1478 C
762 1451 911 1486 excrescerit

506 1507 546 1514 —
567 1491 639 1519 talio
653 1502 681 1523 ς,
698 1490 722 1523 ψ
740 1500 754 1518 z
767 1493 849 1517 oratio

509 1541 545 1567 27
567 1531 621 1558 hoc
636 1544 653 1559 ε-
667 1531 710 1559 boc
722 1533 787 1557 enim

508 1574 545 1600 28
566 1580 600 1598 ex
615 1570 669 1598 hoc
685 1583 701 1600 ς-
715 1578 738 1597 et

508 1627 551 1633 ——
570 1611 605 1639 L.
618 1609 645 1645 ψ
662 1620 677 1638 2
693 1609 743 1638 vel

509 1661 546 1689 29
568 1649 794 1678 moderatiffimos
810 1647 835 1676 C
852 1648 869 1676 S
885 1647 1061 1686 modesttjfflmos

508 1707 547 1713 -
569 1691 623 1718 hoc
638 1691 668 1718 H
681 1691 724 1718 hoc
738 1690 779 1726 ff

513 1741 548 1769 30
570 1739 597 1759 et
611 1731 641 1759 H
655 1744 676 1766 χ
690 1732 718 1758 in

508 1787 549 1794 —-
570 1771 615 1799 M.
641 1768 941 1805 CHSr,75,s112d.

511 1821 543 1849 31
571 1811 589 1838 fi
605 1810 676 1838 nihil
691 1810 714 1837 C
729 1810 781 1846 nist

514 1861 550 1888 32
572 1850 659 1878 literis
677 1850 705 1877 H
720 1851 747 1878 d.

513 1900 548 1929 33
572 1890 750 1918 contulissent
765 1888 789 1916 C
801 1886 935 1923 contulgffit

514 1940 550 1968 34
572 1929 761 1958 ostenderetur
775 1943 796 1965 χ
810 1928 946 1966 ostendezur

435 1981 486 2011 3²¹
537 1980 545 1997 1
573 1977 714 2007 peteretur
730 1971 889 2006 Spateretur

512 2025 552 2033 —
573 2017 603 2037 ut
619 2023 634 2039 ε·
648 2011 675 2037 d.

513 2066 553 2073 —
574 2049 661 2078 animi
689 2047 870 2077 remiffionem
901 2045 925 2074 C
946 2045 962 2073 S
986 2058 1013 2078 ς,
1027 2058 1059 2082 χ,
1076 2043 1103 2077 ψ
1130 2055 1144 2072 z

613 2088 854 2125 animadz'crsionem
868 2086 898 2114 H
910 2085 938 2113 T
952 2088 1035 2114 animi
1048 2085 1148 2113 adver-

603 2130 700 2166 fiunem

538 2180 553 2198 2
576 2178 607 2196 ac
622 2168 839 2196 liberaliffimam
857 2180 873 2198 ς·
887 2168 912 2194 d.

538 2219 552 2246 3
576 2217 680 2236 caeterae
700 2209 724 2236 C
739 2221 760 2243 χ
773 2216 838 2236 terte
861 2207 879 2235 S
894 2215 983 2235 cmrae
997 2214 1038 2234 rts
1066 2217 1082 2235 ε·
1096 2215 1146 2232 tae-

616 2256 680 2276 terte
694 2257 778 2276 rerum

516 2305 556 2312 -
576 2298 668 2326 neque
682 2287 806 2316 locorum
822 2286 852 2314 H
867 2295 941 2324 atque
954 2285 1059 2314 locorum

537 2339 557 2365 4
578 2329 657 2357 alunt
673 2342 700 2360 5·,
715 2341 747 2365 χ,
763 2328 787 2361 ψ
805 2337 819 2355 z
835 2333 918 2365 agunt

539 2379 553 2407 5
577 2369 752 2407 perfugium,
776 2376 807 2395 ac
833 2366 856 2395 C
877 2367 921 2394 hoc
943 2367 972 2395 H
987 2368 1147 2405 prffugimm

617 2420 648 2436 BC

538 2447 557 2477 6
580 2448 668 2483 domi,
684 2457 738 2476 non
754 2462 774 2484 χ
788 2448 854 2476 domi
868 2458 914 2475 non

1188 340 1240 368 321
1289 331 1306 360 6
1329 331 1407 365 foris,
1424 332 1587 368 pernostant
1600 333 1871 369 xfhrispernoflant,

1287 381 1302 407 7
1325 371 1385 399 haec
1401 372 1424 399 C
1439 385 1455 402 ς-
1469 373 1494 399 d.

1264 426 1306 434 -—
1325 421 1417 449 neque
1429 411 1579 449 attingere,
1591 420 1682 449 neque
1697 411 1727 439 H
1742 424 1764 448 χ
1773 412 1899 448 attingere

1376 454 1505 488 nequimus

1289 492 1304 519 8
1326 491 1444 529 gustare,
1469 491 1605 529 poffemus
1622 490 1760 529 Cgustare
1773 490 1898 528 pfftmut

1265 586 1305 592 —
1327 579 1421 599 tamen
1436 569 1462 605 ψ
1481 580 1495 598 z
1511 581 1566 598 cum

1287 621 1304 648 9
1327 611 1357 638 in
1370 611 1393 638 C
1409 612 1435 637 d.

1270 661 1304 679 ιο
1325 650 1444 677 nostrum
1461 651 1492 677 H
1505 652 1650 686 xvestrutn

1267 705 1307 711 --
1328 690 1426 727 agresti
1443 690 1466 717 C
1481 691 1577 726 agresta

1272 738 1281 756 1
1292 739 1306 757 z
1329 737 1361 756 ac
1376 729 1406 755 H
1421 737 1443 756 et

1274 778 1309 805 ¹4
1334 778 1348 795 a
1363 768 1443 795 nobis
1458 768 1485 794 H
1501 769 1529 794 d.

1268 824 1308 829 —
1330 807 1487 835 animorum
1509 806 1534 834 C
1548 809 1687 834 amicorum

1268 863 1307 869 ·-—
1329 845 1510 875 incredibiles
1524 859 1542 875 ς·
1555 845 1718 874 moderabilet

1274 898 1306 926 ις
1329 887 1559 924 celeritatemque
1586 886 1615 914 H
1630 886 1781 914 celeritatem
1806 886 1901 921 zeele-

1374 927 1542 964 britatemque

1268 983 1310 991 -
1329 966 1508 1005 negligemus
1532 965 1562 994 H
1578 966 1595 994 S
1612 979 1638 1000 r,
1653 979 1686 1003 χ,
1702 966 1728 1000 ψ
1753 975 1768 994 2
1791 965 1898 1004 negligi-

1370 1018 1425 1035 muJ'

1275 1047 1310 1076 16
1331 1056 1385 1085 ego
1400 1046 1424 1074 C
1438 1047 1463 1073 d.

1277 1098 1310 1125 ¹7
1333 1096 1406 1115 novo
1421 1086 1445 1114 C
1461 1087 1486 1113 d.

1276 1138 1286 1156 ι
1296 1130 1310 1156 8
1333 1125 1479 1156 attenditis
1495 1138 1510 1156 ⁵-
1524 1126 1664 1153 amendati}

1272 1183 1312 1189 —
1332 1166 1476 1204 scripfiss'et
1490 1166 1656 1203 rsustepgffi’t

1276 1217 1313 1236 20
1335 1215 1395 1236 tum
1410 1220 1426 1237 5·
1437 1215 1520 1234 tamen

1272 1263 1314 1270 —
1333 1253 1482 1286 agerentur
1498 1246 1522 1273 C
1537 1246 1567 1274 H
1583 1246 1599 1273 S
1613 1258 1635 1281 χ
1648 1244 1791 1285 agebantur

1273 1303 1315 1310 —
1335 1287 1446 1325 quoties
1463 1287 1487 1314 C
1503 1288 1595 1324 quoties
1608 1297 1650 1324 ego

1276 1338 1312 1357 22
1335 1336 1400 1355 vero
1414 1340 1435 1362 χ
1448 1338 1490 1354 nec

1274 1383 1315 1389 —
1335 1366 1450 1404 probari
1470 1379 1491 1401 χ
1499 1367 1612 1403 probare

1278 1417 1312 1445 23
1336 1406 1515 1443 pervenirent
1529 1419 1552 1442 χ
1560 1406 1709 1442 perveniret

1277 1457 1315 1483 24
1335 1446 1426 1483 Atqui
1439 1458 1457 1474 ς-
1468 1445 1553 1483 Atque

1277 1497 1292 1515 2
1298 1497 1311 1524 3
1335 1483 1373 1514 fic
1391 1486 1456 1521 Sfic
1468 1495 1499 1512 ea

1276 1542 1316 1549 —
1337 1537 1353 1554 a
1368 1526 1392 1553 C
1408 1538 1423 1555 ς
1437 1535 1467 1552 ea

1274 1581 1315 1588 —
1335 1563 1579 1601 eruditiffimisque
1603 1564 1628 1592 C
1652 1563 1804 1602 eruditisque
1830 1564 1848 1592 S
1873 1563 1907 1592 Ii-

1377 1604 1579 1641 beralfflmtyque

1278 1648 1314 1675 28
1338 1645 1430 1674 inflari
1445 1659 1461 1676 ς
1475 1645 1635 1682 inflammari

1278 1696 1313 1724 29
1335 1686 1411 1724 quod
1426 1686 1457 1713 H
1472 1686 1499 1712 d.

1279 1736 1311 1764 3¹
1338 1726 1380 1754 Sit
1395 1726 1419 1760 ψ
1437 1735 1452 1752 2
1468 1725 1511 1752 Sic

1280 1776 1315 1802 3²
1337 1774 1429 1804 poetae
1444 1779 1459 1796 ς-
1469 1770 1547 1801 poeta

1277 1821 1317 1827 --
1337 1806 1417 1833 nulla
1433 1813 1555 1841 unquam
1578 1803 1708 1832 barbaria
1735 1804 1760 1832 C
1782 1815 1910 1843 nunquam

1379 1844 1458 1873 ullam
1474 1843 1627 1872 barbariam

1282 1895 1316 1923 33
1340 1885 1444 1913 vociC
1461 1884 1489 1911 H
1507 1883 1524 1911 S
1540 1897 1564 1915 r,
1580 1897 1610 1919 χ,
1625 1885 1650 1918 ψ
1668 1893 1682 1911 2
1698 1895 1758 1912 vote

1203 1935 1258 1964 322
1304 1935 1319 1953 2
1342 1924 1408 1952 Chii
1424 1924 1450 1959 ψ
1467 1933 1481 1951 2
1500 1924 1549 1951 Hii

1279 1980 1319 1987 —-
1341 1964 1489 1992 vindicant
1505 1963 1535 1990 H
1551 1963 1700 2000 Sjudicant

1281 2020 1322 2026 --
1343 2004 1489 2032 Salaminii
1505 2003 1529 2030 C
1544 2004 1574 2031 H
1589 2016 1610 2038 χ
1625 2003 1752 2032 Salamini

1281 2060 1322 2067 —
1342 2043 1479 2081 Smyrnaei
1501 2043 1526 2071 C
1549 2043 1693 2071 Simcerinii
1714 2043 1745 2071 H
1767 2042 1867 2080 Sngyrni
1889 2056 1913 2080 χ

1384 2085 1498 2121 Smyrnii

1304 2134 1318 2162 3
1341 2124 1437 2161 itaque
1451 2123 1536 2151 etiam
1553 2135 1569 2151 ς-
1581 2124 1656 2161 idque
1669 2122 1714 2158 ff

1281 2180 1321 2187 —-
1341 2164 1449 2202 oppido
1463 2176 1485 2200 χ
1499 2162 1560 2190 urbe

1303 2205 1321 2232 6
1342 2204 1428 2232 etiam
1444 2203 1468 2230 C
1482 2213 1545 2231 ‘uero
1558 2204 1637 2230 etiam
1652 2202 1681 2230 H
1696 2203 1722 2230 α’.

1301 2254 1318 2281 7
1341 2244 1436 2271 vivum
1449 2243 1475 2277 ψ
1492 2253 1506 2271 z
1522 2243 1612 2271 virum

1282 2300 1323 2306 --
1342 2282 1454 2321 legibus
1469 2282 1499 2310 H
1512 2296 1534 2319 χ
1546 2282 1596 2319 lege

1305 2326 1321 2352 8
1344 2322 1556 2360 repudiabimus
1572 2320 1596 2348 C
1611 2321 1629 2349 S
1645 2334 1671 2354 r,
1682 2319 1708 2356 ψ
1725 2331 1740 2349 2
1753 2321 1910 2359 repudiamus

1384 2363 1415 2391 H
1429 2375 1450 2399 χ
1463 2363 1617 2400 repudiemus

1289 2412 1322 2431 10
1343 2411 1370 2431 et
1385 2401 1412 2436 ψ
1429 2412 1444 2430 2
1459 2411 1482 2430 et
1487 2404 1516 2440 si

1285 2458 1325 2467 ·-
1343 2441 1503 2472 Cimbricas
1517 2442 1542 2477 ψ
1557 2450 1573 2469 2
1589 2439 1729 2471 Simbricas
