2212 2835
582 141 874 183 VARIAE
961 139 1525 181 LECTIONES.

324 263 381 332 {45
406 302 440 330 23
463 291 697 330 recuperass'emus
717 291 749 320 H
764 291 780 320 S
795 290 823 319 T
838 303 870 327 χ,
884 288 910 325 ψ
932 297 1032 328 recupe-

510 334 595 370 raeffm

407 382 444 409 24
466 371 595 410 implevit
606 385 627 407 χ
642 371 743 409 impulit

405 421 422 440 2
427 422 441 450 5
464 412 550 440 vestra
565 413 589 440 C
605 413 689 449 nostra

407 452 451 480 261
465 451 493 479 in
509 461 554 479 me
568 451 672 479 fuerint
685 464 706 487 χ
721 461 783 478 nunc
787 450 902 487 fuerunt

406 500 441 524 27
465 490 595 518 Caecilius
608 504 630 526 :c
643 491 746 519 Exilius

407 540 445 567 29
465 539 558 558 autem
574 530 598 558 C
611 536 659 557 aut

367 568 371 575 “
407 579 445 606 30
465 569 564 598 fecerit
582 571 606 598 C
610 572 725 607 ficerint

403 624 444 630 ——
464 608 594 638 Calidius
609 623 630 645 z
644 609 764 637 Callidus
777 607 803 642 ψ
818 607 925 634 Gladius

406 658 442 685 32
465 648 595 685 Septimii
610 649 634 676 C
647 650 664 676 S
679 649 708 675 T
721 661 744 684 χ
759 649 863 684 Septimi

405 697 440 724 33
463 688 583 715 Cornuti
596 701 618 723 χ
631 687 745 714 Cornicii

405 736 443 763 34
463 726 646 755 constiterunt
657 739 679 762 z
691 729 828 763 astiterunt

403 778 444 788 ·-
464 765 586 794 libenter
692 765 800 793 invitus
822 764 847 792 C
861 777 882 800 χ
896 770 1034 791 memorata

504 807 667 832 nominentur
685 805 714 832 H
729 805 838 832 libenter
852 813 1034 832 commemorem

506 853 555 872 non
568 846 698 881 ingratus.
722 854 790 873 nemo
805 846 872 871 enim
884 845 1034 880 gratiarum

507 886 636 912 immemor
649 884 683 920 est
693 891 789 920 gratus
800 885 932 911 inventus.

331 923 388 962 346
432 933 447 952 2
468 932 534 962 ego,
560 923 645 952 etiam
663 924 681 952 fi
696 924 758 962 Csi
768 935 810 961 ego
823 937 842 960 χ
855 924 931 961 egost

431 973 444 1001 3
469 971 500 991 ut
512 963 537 991 C
553 972 581 991 ut
594 972 622 992 ut

427 1014 447 1039 4
467 1003 607 1032 amicitias
715 1009 794 1031 tuear
812 1002 836 1030 C
851 1002 881 1030 H
898 1001 915 1029 S
931 1002 959 1029 T
974 1015 994 1037 χ
1008 1003 1036 1029 d.

427 1043 447 1070 6
467 1043 658 1080 proditoribus
685 1042 755 1070 meis
786 1042 811 1070 C
825 1042 855 1069 H
872 1042 888 1069 S
906 1041 935 1068 T
958 1055 989 1077 χ,
1012 1042 1037 1075 ψ

508 1084 650 1119 proditores

407 1136 448 1144 —
468 1121 590 1149 indicem
607 1122 631 1150 C
647 1121 676 1149 T
691 1119 718 1155 ψ
722 1121 836 1160 judicem
848 1134 870 1156 χ
883 1121 1010 1149 vindicem

433 1171 449 1197 7
471 1160 628 1189 defensores
644 1161 668 1189 C
684 1161 715 1189 H
726 1161 755 1188 T
773 1174 796 1198 χ
810 1162 838 1189 d.

409 1215 451 1223 —
471 1200 610 1238 dignitate
625 1201 650 1229 C
664 1202 817 1238 dignitatem

430 1243 446 1268 8
468 1240 544 1268 aliud
563 1241 587 1269 C
599 1241 628 1268 T
643 1253 666 1277 χ
677 1242 703 1268 d.

409 1294 449 1302 --
469 1279 610 1317 reliquum
626 1280 650 1307 C
665 1279 766 1317 reliqua

414 1329 449 1348 ιο
465 1319 609 1355 judicarer
623 1320 647 1347 C
653 1320 776 1357 judicare
789 1331 812 1356 χ
826 1323 952 1354 recusarer

412 1368 422 1386 ι
433 1368 447 1396 3
469 1358 589 1396 gratiam
605 1358 726 1387 referent
745 1359 768 1386 C
779 1361 856 1396 grati
869 1360 992 1394 rqferrent
1016 1370 1039 1394 χ

414 1437 449 1465 16
470 1401 843 1473 cotffiitllgssriie's-Heztottfidares

415 1485 426 1504 1
435 1478 451 1504 8
472 1477 615 1505 revocavit
629 1476 653 1503 C
669 1477 698 1504 T
711 1489 745 1513 χ,
758 1477 784 1509 ψ
795 1478 909 1503 vocavit

409 1530 451 1538 -—-
471 1515 521 1553 qui
536 1522 614 1544 tanto
629 1516 653 1543 C
667 1515 697 1544 H
714 1516 731 1543 S
747 1515 776 1542 T
788 1527 821 1551 χ,
836 1514 861 1549 ψ
875 1521 969 1552 quanto

413 1564 446 1583 21
472 1554 543 1582 mihi
558 1567 580 1591 χ
598 1556 625 1583 d.

409 1609 452 1616 --
470 1594 523 1621 illo
538 1594 567 1622 H
583 1593 650 1622 nullo

415 1644 431 1662 2
436 1643 450 1671 3
472 1640 501 1662 et
511 1646 534 1670 χ
544 1633 587 1661 vel

414 1683 452 1709 ²4
474 1680 515 1701 ter
529 1673 645 1700 omnino
659 1672 684 1700 C
698 1671 728 1700 H
744 1671 761 1700 S
774 1671 804 1700 T
818 1684 840 1709 χ
852 1679 875 1700 te
888 1671 994 1700 Romule

413 1722 450 1750 27
471 1712 584 1750 oppidis
599 1713 629 1740 H
645 1712 662 1739 S
674 1713 772 1749 oppidis
785 1714 855 1740 vicis

415 1762 452 1789 30
468 1752 605 1788 judicasse
618 1765 641 1789 χ
655 1753 770 1790 indicqsp'e

410 1807 452 1814 —
471 1801 535 1819 eum
553 1792 577 1819 C
592 1792 621 1819 T
635 1805 658 1828 χ
669 1801 724 1819 cum

415 1841 430 1869 3
439 1840 449 1859 ι
474 1831 562 1859 vestra
575 1845 599 1869 χ
611 1833 695 1869 nostra

415 1881 452 1908 32
474 1870 578 1898 eximia
591 1884 614 1908 χ
627 1872 717 1899 eximii

413 1925 453 1933 —
474 1909 595 1937 dedecus
603 1917 631 1937 et
640 1909 664 1936 C
673 1919 740 1937 omne
750 1909 780 1937 H
791 1909 808 1937 S
819 1909 848 1937 T
859 1917 925 1937 omne
935 1921 956 1944 χ
965 1910 1043 1936 omnis

419 1958 455 1986 33
478 1949 543 1985 quis
561 1949 585 1976 C
600 1949 617 1976 S
632 1949 756 1986 quui

414 2003 454 2010 —
473 1988 582 2016 veniret
597 1988 614 2016 S
628 1992 747 2016 venirent

417 2036 456 2065 34
476 2026 559 2055 Italia
573 2027 603 2055 H
617 2027 727 2056 Italiam

339 2076 395 2106 347
441 2076 455 2104 3
478 2073 506 2094 et
521 2067 652 2095 inimicus
667 2067 692 2094 C
706 2069 823 2094 inimicus

435 2116 454 2143 4
475 2105 617 2143 perspesta
631 2107 654 2133 C
671 2106 701 2133 H
711 2106 842 2144 prospma

438 2156 452 2184 ς
475 2153 540 2173 cum
555 2145 579 2172 C
594 2159 615 2180 χ
629 2152 681 2172 {um

436 2185 454 2212 6
474 2192 502 2212 et
521 2184 693 2212 auctoritatis
711 2183 737 2211 C
750 2191 774 2212 et
787 2185 967 2222 amantifflmus
981 2194 1042 2214 auc-

516 2232 606 2252 toritas

436 2274 455 2300 9
477 2273 600 2292 mearum
615 2264 639 2291 C
651 2276 671 2299 χ
682 2265 823 2301 nostrarum

419 2319 460 2325 —
479 2312 575 2331 omnes
591 2303 620 2331 H
637 2303 653 2330 S
669 2306 747 2331 onmis

423 2352 458 2371 ιο
479 2342 666 2370 Numidicum
682 2342 706 2370 C
721 2355 743 2379 χ
757 2343 913 2371 Numiticum

423 2393 431 2409 ι
444 2392 452 2410 ι
479 2382 561 2410 illum
575 2383 599 2411 C
614 2382 644 2411 H
659 2382 676 2411 S
690 2395 713 2420 χ
725 2381 799 2411 illum
812 2382 942 2412 Metellum

417 2422 506 2451 Tou.
529 2421 569 2461 Vt

1085 261 1116 288 p.

1088 299 1144 327 347

1094 1199 1150 1236 348

1171 299 1199 317 11
1226 289 1353 318 discessus
1367 289 1391 317 C
1404 289 1433 317 T
1447 302 1468 324 χ
1481 289 1582 326 Ᾰετςβὲα

1166 345 1205 352 -—·
1228 329 1355 357 honestus
1371 329 1421 367 ipsi
1435 329 1458 356 C
1472 329 1503 357 H
1519 331 1535 357 5
1549 329 1578 357 Τ
1591 340 1612 364 χ
1626 329 1728 366 honestis

1166 384 1206 390 —-
1228 369 1308 396 bonis
1322 382 1345 405 χ
1361 371 1389 397 d.

1171 418 1204 436 12
1228 416 1319 436 tamen
1335 422 1355 443 χ
1369 410 1470 436 tandem

1165 463 1206 469 —
1226 447 1322 476 extitit
1336 449 1359 475 C
1374 448 1404 475 H
1417 449 1434 475 S
1445 449 1473 475 T
1487 460 1509 483 χ
1521 448 1631 475 dimittit

1170 496 1205 524 ¹4
1226 488 1292 526 Qo
1396 497 1480 524 quem
1497 488 1527 516 P.
1542 487 1679 514 Lentulus
1702 486 1727 514 C
1740 486 1797 524 ρῳ

1265 527 1361 563 quidem
1374 527 1414 553 die
1427 536 1474 564 quo
1488 529 1522 554 Ρ.
1538 526 1658 554 Lentulus
1671 527 1700 554 T
1715 539 1738 563 χ
1752 537 1798 563 quo

1266 566 1363 600 quidem
1377 567 1416 593 die
1435 576 1505 603 quem
1521 567 1553 593 P.
1570 565 1690 593 Lentulus

1172 614 1204 642 ις
1231 614 1386 633 ccccxvii
1404 614 1438 632 ex
1454 604 1549 633 senatu
1574 605 1603 632 H
1619 606 1800 642 quadringenti

1270 645 1485 680 decemstnatores
1500 645 1517 671 S
1538 645 1638 673 CCCC
1652 645 1683 672 X
1694 645 1722 672 S.

1167 698 1206 704 —
1226 685 1401 722 magistratus
1416 693 1509 711 autem
1525 683 1556 711 hi
1577 684 1605 712 H
1619 680 1799 723 magistratus-

1267 735 1312 760 que
1327 724 1344 751 S
1359 725 1525 762 magistratus
1546 727 1591 761 qui

1173 762 1207 790 16
1229 762 1252 790 is
1267 763 1297 790 H
1314 763 1330 790 S
1346 764 1373 791 d.

1173 811 1183 830 ι
1193 812 1207 838 7
1230 811 1288 840 quo
1303 802 1332 830 H
1346 803 1413 841 quod

1174 851 1208 880 ¹9
1232 849 1261 870 ut
1277 842 1307 870 H
1323 852 1353 870 ne

1171 890 1209 910 20
1230 881 1346 918 quidem
1361 880 1388 916 ψ
1403 881 1493 918 quibus

1172 931 1210 957 24
1230 921 1394 958 adjumenta
1408 920 1436 947 H
1453 920 1470 948 S
1487 918 1514 955 ψ
1527 920 1697 957 ααζῖιωιεηίιιηι

1173 970 1210 997 29
1232 959 1267 988 de
1282 970 1315 988 eo
1332 961 1361 988 H
1375 971 1405 988 ea

1170 1015 1211 1021 -
1232 1000 1380 1029 referretur
1394 998 1425 1026 H
1439 1002 1595 1037 rqferrentur

1171 1055 1211 1061 —
1233 1049 1333 1076 meque
1348 1040 1377 1067 H
1393 1050 1468 1076 neque

1173 1089 1205 1116 31
1232 1079 1310 1118 Qid
1327 1079 1356 1106 H
1374 1079 1390 1106 S
1408 1078 1435 1113 ψ
1449 1081 1495 1116 qui

1170 1134 1210 1140 —
1232 1118 1362 1148 rediffent
1375 1118 1403 1146 H
1419 1118 1577 1154 reddidg'fflnt

1174 1168 1212 1196 34
1233 1157 1393 1195 sempiterni
1409 1158 1431 1184 C
1445 1157 1474 1184 H
1489 1157 1517 1184 T
1531 1158 1743 1194 zscmpiternam

1197 1208 1206 1225 1
1232 1197 1508 1236 quodieCTxd.

1171 1252 1212 1259 —
1233 1249 1295 1276 quae
1405 1238 1555 1264 voluerunt
1571 1236 1594 1264 C
1609 1235 1638 1263 T
1652 1249 1672 1271 χ
1687 1237 1714 1265 d.

1194 1287 1209 1305 2
1231 1277 1348 1305 comitia
1363 1276 1390 1303 H
1407 1276 1423 1302 S
1439 1289 1459 1310 χ
1473 1277 1501 1303 d.

1195 1326 1209 1353 3
1233 1318 1335 1344 eaedem
1353 1316 1377 1343 C
1392 1315 1470 1342 cedem

1171 1370 1212 1377 —
1231 1355 1373 1384 consulem
1388 1354 1513 1382 fecerant
1528 1353 1553 1382 C
1568 1353 1660 1390 confide
1663 1355 1781 1392 feceram

1194 1405 1208 1433 5
1232 1395 1287 1423 fuit
1301 1395 1420 1432 &fuerit

1173 1449 1213 1456 —
1235 1435 1275 1462 fas
1291 1435 1316 1463 C
1330 1447 1352 1468 χ
1365 1442 1413 1460 non
1430 1434 1504 1469 nefas

1193 1482 1210 1507 7
1230 1473 1259 1500 in
1274 1486 1297 1510 χ
1309 1475 1338 1501 d.

1194 1514 1210 1539 8
1231 1512 1282 1540 illa
1297 1512 1326 1540 H
1344 1510 1399 1540 ulla

1175 1566 1214 1574 ·-
1233 1558 1388 1590 rogatores,
1410 1550 1571 1579 diribitores
1593 1549 1616 1578 C
1632 1548 1662 1577 T
1674 1562 1695 1585 χ
1710 1555 1806 1578 tutore5

1272 1592 1304 1619 H
1323 1597 1358 1619 tot
1375 1599 1502 1629 rogatores
1514 1591 1673 1618 dirivatore:
1694 1589 1711 1618 S
1726 1601 1805 1627 rogan⁸

1276 1639 1339 1658 tores
1352 1631 1512 1658 diri-vatam

1179 1679 1215 1699 ¹0
1236 1679 1292 1698 non
1306 1671 1331 1698 C
1346 1670 1376 1697 H
1392 1671 1408 1697 S
1425 1670 1453 1696 T
1467 1683 1488 1705 χ
1501 1668 1637 1703 non-solum

1175 1725 1216 1733 —
1235 1710 1265 1738 in
1279 1709 1398 1747 patriam
1414 1709 1443 1737 T
1459 1711 1486 1736 d.

1173 1764 1215 1772 —
1234 1750 1302 1778 ficut
1410 1748 1484 1776 cives
1499 1747 1523 1775 C
1537 1747 1566 1775 T
1581 1760 1603 1785 χ
1616 1748 1643 1775 d.

1179 1798 1210 1817 n
1236 1790 1310 1816 cives
1324 1789 1354 1816 H
1372 1789 1388 1815 S
1404 1791 1464 1815 viri

1174 1843 1215 1852 —
1235 1829 1314 1866 eqnis
1329 1828 1358 1855 T
1372 1831 1439 1863 equis
1451 1829 1539 1865 equius

1175 1882 1215 1891 -—
1235 1875 1332 1896 aurato
1347 1867 1371 1895 C
1384 1867 1412 1895 T
1427 1880 1447 1902 χ
1462 1873 1567 1895 aura-ato

1176 1917 1209 1944 ¹3
1233 1908 1261 1935 in
1276 1921 1299 1944 χ
1313 1910 1339 1936 d.

1174 1961 1216 1969 —
1237 1947 1401 1983 Pompeium
1418 1945 1444 1980 ψ
1459 1948 1574 1982 Pompeio

1175 2001 1216 2009 —
1238 1996 1360 2024 unquam
1375 1988 1399 2015 C
1415 1986 1443 2013 T
1459 2000 1491 2023 χ,
1506 1986 1529 2019 ψ
1545 1994 1620 2023 quam

1180 2035 1217 2062 ¹4
1237 2035 1333 2054 omnes
1348 2026 1371 2054 C
1388 2028 1404 2054 S
1419 2025 1447 2053 T
1461 2039 1482 2061 χ
1497 2027 1524 2052 d.

1179 2075 1211 2103 ις
1236 2066 1393 2093 Romanum
1410 2065 1434 2092 C
1450 2066 1478 2092 H
1495 2063 1552 2091 ST
1567 2063 1593 2090 cl.

1175 2120 1216 2127 —
1235 2105 1398 2142 reipublicae
1415 2104 1438 2131 C
1455 2104 1484 2130 H
1501 2104 1518 2129 S
1535 2102 1563 2129 T
1578 2101 1745 2138 xpopuliR.

1180 2154 1213 2179 ¹7
1236 2143 1440 2170 commendarit
1454 2142 1479 2169 C
1494 2141 1678 2168 commendavit

1180 2184 1214 2211 18
1236 2183 1391 2219 eodemque
1407 2182 1430 2208 C
1443 2182 1520 2208 ecdem

1175 2237 1216 2244 —-
1235 2221 1421 2258 compresserit
1436 2220 1460 2248 C
1471 2220 1603 2256 compr-ff!

1178 2271 1209 2289 ,τι
1235 2261 1386 2289 obsecrarit
1400 2261 1429 2288 H
1443 2259 1589 2296 ohficravit

1175 2316 1216 2323 —
1236 2300 1286 2338 qui
1395 2299 1506 2337 putavit
1521 2299 1545 2326 C
1561 2298 1589 2325 T
1602 2311 1624 2335 χ
1638 2299 1665 2326 d.

1176 2355 1216 2362 —
1236 2349 1298 2367 cum
1318 2340 1345 2366 H
1360 2341 1387 2367 d.

1178 2389 1214 2409 22
1236 2387 1341 2409 teneret
1355 2380 1385 2408 H
1400 2384 1484 2405 tenere

1403 2416 1431 2445 D
1447 2417 1464 2445 d
1479 2416 1497 2444 d
1513 2415 1531 2444 d
