2212 2835
366 230 415 270 32
858 210 1258 250 ORATIO

364 318 440 354 Cn.
463 313 658 366 Magium,
680 309 837 347 fratrem
858 308 983 353 suum,
1015 308 1184 360 reliquit.
1218 306 1349 346 Postea
1371 307 1518 361 Magia,
1541 322 1638 347 uxor
1658 309 1744 362 Op-

361 381 517 436 pianici,
550 387 702 418 mortua
730 376 794 414 est.
828 375 1024 414 Postremo
1053 388 1168 420 unus,
1205 374 1273 426 qui
1307 374 1477 426 reliquus
1500 384 1576 413 erat
1596 375 1745 421 Dineae,

362 449 478 492 filius,
509 447 584 484 Cn.
607 442 778 495 Magius,
800 442 853 480 est
873 450 1047 479 mortuus
1065 455 1074 479 :
1107 441 1137 478 is
1159 439 1251 478 fecit
1270 439 1451 479 heredem
1470 441 1586 479 illum
1603 441 1746 480 adoles-

362 523 516 553 centem
547 509 828 564 Oppianicum,
859 507 991 546 sororis
1012 506 1083 545 suae
1115 506 1257 551 filium,
1288 520 1455 559 eumque
1489 507 1621 560 partiri
1654 521 1747 546 cum

362 581 489 620 Dinea
509 574 764 627 matrejuffit.
797 573 957 612 Interim
978 572 1083 611 venit
1101 572 1218 610 index
1238 572 1283 610 ad
1304 572 1487 617 Dineam,
1522 586 1646 625 neque
1673 573 1746 611 ob-

361 647 489 686 scurus
506 656 630 696 neque
646 642 829 685 incertus,
847 640 916 692 qui
936 638 1128 677 nuntiaret
1147 639 1195 683 ei,
1217 638 1344 676 filium
1365 639 1461 690 ejus,
1482 638 1544 677 M.
1562 639 1746 684 Aurium,

361 715 486 751 vivere
500 730 511 756 ς
535 719 572 748 et
593 710 632 747 in
652 721 742 760 agro
762 706 917 745 Gallico
937 705 1006 743 esse
1026 705 1067 743 in
1087 704 1278 743 servitute.
1301 704 1462 749 Mulier,
1484 704 1623 742 amisfis
1646 705 1746 742 libe-

362 781 427 824 ris,
450 791 542 816 cum
562 776 675 814 unius
696 773 767 812 filii
790 771 1036 825 recuperandi
1057 771 1137 824 spes
1164 770 1250 809 effet
1280 770 1474 815 ostentata,
1506 784 1640 809 omnes
1662 770 1747 810 suos

360 845 612 899 propinquOS,
628 840 777 893 filiique
796 839 853 878 sui
873 837 1106 882 necessarios,
1121 837 1358 881 convocavit,
1375 845 1413 874 et
1432 836 1479 874 ab
1499 837 1544 875 iis
1565 836 1658 875 flens
1677 850 1748 890 pe-

361 912 464 955 tivit,
496 918 539 947 ut
567 908 768 961 negotium
798 904 1042 957 susciperent,
1062 902 1336 942 adolescentem
1367 902 1648 955 investigarent,
1678 902 1749 940 fibi

362 977 599 1016 restituerent
618 987 710 1011 eum
729 972 873 1015 filium,
905 984 1023 1022 quem
1043 978 1198 1007 tantum
1218 981 1343 1006 unum
1371 981 1418 1005 ex
1438 969 1573 1006 multis
1594 967 1750 1006 fortuna

362 1042 557 1092 reliquum
587 1037 658 1089 effe
687 1035 876 1075 voluiss'et.
916 1035 1015 1073 Haec
1049 1047 1142 1072 cum
1172 1046 1281 1085 agere
1314 1031 1545 1078 instituifl‘et,
1580 1032 1750 1086 oppressa

360 1106 499 1146 morbo
518 1104 583 1144 est.
615 1104 751 1154 Itaque
773 1101 1044 1139 testamentum
1064 1098 1157 1137 fecit
1176 1097 1379 1150 ejusmodi,
1412 1106 1454 1136 ut
1474 1097 1533 1136 illi
1552 1098 1635 1137 filio
1654 1099 1748 1137 H-S

363 1185 611 1212 ccccloooo
645 1168 770 1207 millia
799 1167 953 1219 legaret,
986 1165 1166 1204 heredem
1198 1164 1408 1203 institueret
1439 1164 1605 1202 eundem
1631 1165 1748 1203 illum

359 1238 642 1293 Oppianicum,
674 1242 853 1287 nepotem
874 1232 985 1270 suum
1003 1246 1013 1270 ;
1045 1240 1158 1284 atque
1177 1230 1238 1268 his
1259 1230 1394 1269 diebus
1415 1231 1546 1283 paucis
1566 1230 1619 1268 est
1639 1244 1746 1269 mor-

361 1317 439 1345 tua.
473 1302 686 1357 Propinqui
706 1309 832 1339 tamen
853 1299 926 1343 illi,
958 1298 1290 1350 quemadmodum
1320 1297 1405 1335 viva
1424 1298 1551 1335 Dinea
1568 1296 1746 1335 institue-

361 1380 458 1416 rant,
490 1371 542 1408 ita
562 1376 714 1407 mortua
732 1366 798 1404 illa
816 1365 862 1403 ad
894 1363 1200 1417 investigandum
1218 1363 1389 1402 Aurium
1408 1377 1502 1403 cum
1521 1362 1657 1402 eodem
1676 1362 1748 1401 illo

361 1438 488 1476 indice
508 1437 548 1474 in
567 1447 703 1488 agrum
723 1432 923 1470 Gallicum
943 1429 1104 1485 profesti
1123 1430 1224 1468 sunt.

417 1503 529 1542 VIII.
563 1500 724 1539 Interim
746 1499 1000 1551 Oppianicus,
1031 1506 1075 1534 ut
1093 1505 1184 1542 erat,
1215 1496 1312 1534 ficut
1330 1496 1465 1534 multis
1485 1509 1531 1534 ex
1552 1496 1665 1534 rebus
1686 1508 1747 1533 re-

362 1571 528 1625 perietis,
551 1567 727 1620 singulari
747 1565 884 1604 scelere
914 1573 951 1602 et
969 1563 1138 1607 audacia,
1171 1575 1238 1615 per
1268 1563 1461 1615 quendam
1482 1562 1747 1607 Gallicanum,

362 1637 592 1675 familiarem
613 1633 738 1677 suum,
758 1631 931 1685 primum
951 1629 1065 1667 illum
1085 1629 1256 1667 indicem
1276 1629 1438 1682 pecunia
1458 1628 1631 1681 corrupit
1645 1645 1658 1673 ς
1679 1627 1747 1665 de-

363 1704 449 1742 inde
469 1703 593 1755 ipsum
610 1700 793 1743 Aurium,
816 1711 893 1735 non
913 1709 1051 1749 magna
1065 1697 1212 1747 jaEtura
1229 1694 1339 1738 faeta,
1362 1695 1579 1732 tollendum
1599 1694 1747 1732 interfi-

361 1769 620 1818 ciendumque
640 1764 799 1802 curavit.
823 1762 887 1800 Illi
902 1771 1045 1806 autem,
1064 1761 1132 1813 qui
1153 1769 1258 1797 erant
1277 1759 1323 1797 ad
1340 1760 1602 1812 propinquum
1623 1759 1747 1797 inves-

363 1835 564 1887 tigandum
586 1841 623 1869 et
643 1829 945 1882 recuperandum
972 1826 1146 1880 profecti,
1169 1826 1294 1864 literas
1314 1826 1503 1863 Larinum
1523 1825 1569 1863 ad
1590 1825 1745 1870 Aurios,

362 1902 466 1938 illius
501 1896 746 1937 adolescentis
789 1895 1040 1948 propinquos,
1073 1892 1231 1944 suosque
1262 1891 1480 1930 necessarios
1497 1920 1508 1935 ,
1549 1891 1712 1929 mittunt
1732 1909 1744 1936 ;

362 1967 429 2004 fibi
452 1965 651 2004 difficilem
671 1961 742 1999 effe
761 1960 1010 2013 investigandi
1042 1960 1242 2003 rationem,
1273 1958 1376 2010 quod
1397 1957 1657 2010 intelligerent
1685 1957 1747 1994 in-

363 2034 488 2070 dicem
520 2032 566 2068 ab
600 2028 818 2082 Oppianico
851 2026 921 2064 effe
952 2035 1191 2078 corruptum.
1224 2025 1330 2075 Qas
1366 2024 1491 2062 literas
1512 2025 1562 2061 A.
1586 2024 1745 2067 Aurius,

362 2099 419 2136 vir
440 2098 549 2135 sortis
570 2105 607 2133 et
628 2093 837 2146 experiens,
858 2101 897 2130 et
916 2092 1022 2130 domi
1044 2091 1198 2135 nobilis,
1231 2090 1294 2128 M.
1317 2090 1421 2127 illius
1442 2089 1555 2127 Aurii
1587 2088 1746 2141 propin-

363 2178 476 2217 quuS,
506 2164 544 2201 in
566 2161 662 2205 foro,
684 2159 824 2213 palam,
848 2158 982 2196 multis
1002 2157 1258 2201 audientibus,
1284 2170 1375 2194 cum
1396 2155 1531 2193 adefl'et
1554 2155 1745 2207 Oppiani-

363 2244 445 2275 cus,
469 2229 612 2272 recitat,
635 2235 672 2264 et
691 2225 891 2264 clariffima
920 2237 1012 2262 voce
1031 2223 1065 2261 se
1092 2235 1235 2261 nomen
1258 2222 1482 2274 Oppianici,
1516 2221 1541 2258 fi
1564 2219 1746 2258 interfec-

363 2307 448 2334 tum
471 2296 532 2333 M.
556 2293 724 2332 Aurium
744 2289 999 2343 comperisset,
1021 2289 1236 2327 delaturum
1257 2287 1326 2325 efl‘e
1348 2287 1513 2324 testatur.

426 2361 583 2399 interim
604 2358 708 2396 brevi
729 2366 900 2409 tempore
920 2356 992 2401 illi,
1014 2355 1082 2408 qui
1098 2363 1203 2393 erant
1222 2354 1262 2391 in
1283 2367 1417 2405 agrum
1436 2352 1634 2390 Gallicum
1655 2363 1745 2403 pro-

363 2426 466 2470 feeti,
503 2427 688 2464 Larinum
724 2432 991 2467 revertuntur,
1024 2420 1271 2459 interfectum
1306 2419 1376 2457 esse
1407 2419 1470 2457 M.
1497 2418 1664 2456 Aurium
1685 2429 1746 2453 re-

362 2494 555 2532 nuntiant.
588 2491 726 2530 Animi
756 2504 832 2529 non
854 2489 976 2529 solum
998 2489 1320 2542 propinquorum,
1350 2485 1410 2524 sed
1431 2485 1546 2523 etiam
1566 2482 1745 2521 omnium
