2212 2835
817 201 956 241 PRO
1016 200 1060 239 P.
1121 196 1367 238 SYLLA,
1723 206 1795 245 291

406 318 523 357 quam
546 304 618 343 tibi
638 303 726 341 illos
746 300 1022 353 competitores
1043 307 1128 336 tuos
1156 297 1372 350 peregrinos
1398 294 1518 333 videri
1545 293 1685 333 necesse
1713 293 1798 337 erit,

405 372 471 423 qui
488 372 571 424 jam
591 384 637 409 ex
658 379 738 408 tota
758 368 867 406 Italia
888 366 1025 404 delesti
1046 373 1178 402 tecum
1199 362 1245 400 de
1265 361 1412 400 honore
1438 371 1476 399 et
1502 362 1549 399 de
1575 360 1683 398 omni
1711 359 1799 411 dig-

406 439 526 476 nitate
558 434 830 475 contendunt?
869 444 1040 484 quorum
1075 442 1166 467 cave
1204 437 1247 466 tu
1282 441 1520 480 quemquam
1554 426 1803 479 peregrinum

406 502 586 557 appelles,
619 515 667 540 ne
698 499 989 553 peregrinorum
1015 494 1203 547 suffragiis
1231 494 1405 532 obruare.
1438 493 1521 543 Qi
1547 492 1573 530 fi
1603 491 1802 529 attulerint

405 582 540 608 nervos
569 576 608 606 et
634 566 889 610 industriam;
921 562 1023 602 mihi
1048 562 1174 607 crede,
1205 560 1403 599 excutient
1429 559 1503 597 tibi
1528 557 1639 596 istam
1665 557 1800 595 verbo—

407 650 494 674 rum
510 634 775 688 jactationem,
806 641 845 671 et
865 640 902 670 te
921 644 968 669 ex
989 630 1124 669 somno
1143 628 1238 682 saepe
1257 627 1497 672 excitabunt,
1519 639 1589 664 nec
1609 624 1804 679 patientur

406 703 441 741 se
460 703 526 741 abs
547 711 598 748 te,
629 701 698 739 nifi
720 700 860 739 virtute
880 699 1096 741 vincentur,
1127 694 1273 734 honore
1292 693 1472 747 superari.

461 771 537 815 Ac,
568 769 609 814 fi,
640 768 811 820 Judices,
842 765 986 804 caeteris
1008 762 1178 816 patriciis
1206 775 1269 800 me
1294 770 1332 799 et
1358 773 1424 798 vos
1442 758 1664 813 peregrinos
1684 757 1804 796 videri

407 844 614 889 oporteret,
645 847 666 871 a
696 835 899 885 Torquato
930 840 1059 869 tamen
1090 828 1166 867 hoc
1200 827 1341 866 vitium
1376 827 1571 864 sileretur:
1613 824 1666 862 est
1697 824 1805 862 enim

409 901 488 955 ipse
518 915 539 938 a
569 908 742 938 materno
773 910 910 951 genere
937 894 1201 947 municipalis,
1231 891 1482 931 honestiffimi
1507 904 1551 929 ac
1576 888 1805 929 nobiliffimi

409 968 574 1021 generis,
606 965 668 1004 sed
699 974 828 1003 tamen
860 961 1057 1001 Asculani.
1089 963 1174 999 Aut
1199 959 1319 1012 igitur
1344 958 1478 996 doceat
1505 957 1681 995 Picentes
1707 955 1804 993 solos

411 1048 490 1072 non
510 1033 581 1072 effe
602 1031 835 1086 peregrinos,
866 1038 932 1068 aut
950 1028 1113 1081 gaudeat
1132 1026 1199 1065 suo
1218 1025 1348 1079 generi
1368 1037 1432 1062 me
1452 1036 1586 1062 meum
1614 1031 1702 1060 ante
1727 1034 1806 1059 non

410 1113 564 1154 ponere.
593 1099 724 1151 Qare
744 1109 870 1149 neque
889 1108 953 1134 me
972 1094 1217 1148 peregrinum
1236 1090 1393 1145 posthac
1413 1089 1567 1135 dixeris,
1589 1102 1636 1127 ne
1655 1088 1806 1141 gravius

411 1167 574 1205 refutere
590 1184 601 1210 5
634 1176 759 1217 neque
778 1175 924 1215 regem,
953 1174 1002 1199 ne
1021 1160 1220 1198 derideare.
1256 1157 1341 1197 Nifi
1360 1156 1460 1196 forte
1479 1156 1630 1209 regium
1652 1154 1725 1193 tibi
1746 1154 1807 1192 vi-

410 1234 536 1277 detur,
567 1232 620 1269 ita
639 1231 778 1275 vivere,
809 1238 854 1267 ut
873 1242 952 1266 non
972 1226 1090 1266 modo
1115 1224 1270 1264 homini
1296 1222 1459 1268 nemini,
1490 1222 1552 1260 sed
1578 1235 1626 1260 ne
1651 1221 1807 1274 cupidi-

412 1300 483 1338 tati
516 1297 676 1352 quidem
710 1296 807 1341 ulli,
839 1294 972 1333 servias
989 1312 1001 1339 3
1033 1302 1282 1332 contemnere
1314 1303 1449 1329 omnes
1483 1288 1664 1327 libidines
1680 1306 1692 1332 ‚-
1729 1299 1808 1324 non

411 1366 506 1412 auri,
538 1379 616 1404 non
647 1364 808 1418 argenti,
840 1375 917 1400 non
948 1369 1170 1400 caeterarurn
1201 1371 1344 1402 rerum,
1375 1356 1547 1409 indigere
1563 1373 1574 1400 5
1606 1355 1647 1392 in
1679 1353 1810 1392 senatu

413 1433 549 1471 sentire
569 1432 713 1476 libere3
745 1428 881 1484 populi
902 1427 1061 1466 utilitati
1081 1425 1204 1477 magis
1223 1423 1434 1468 consulere,
1454 1435 1572 1475 quam
1592 1420 1782 1460 voluntati
1795 1438 1808 1464 5

415 1499 564 1537 nemini
583 1497 730 1541 cedere,
763 1495 897 1534 multis
919 1492 1107 1531 obfistere.
1139 1491 1178 1528 Si
1197 1489 1274 1527 hoc
1299 1497 1409 1542 putas
1435 1488 1506 1526 effe
1534 1488 1685 1540 regium
1701 1505 1714 1532 5
1745 1499 1811 1525 me

416 1578 545 1617 regem
565 1563 635 1602 effe
655 1562 865 1601 confiteor:
898 1560 952 1598 fin
973 1568 1009 1597 te
1028 1557 1201 1611 potentia
1224 1569 1323 1600 mea,
1354 1555 1380 1592 fi
1401 1554 1629 1599 dominatio,
1651 1553 1678 1591 fi
1698 1553 1810 1591 deni-

414 1644 490 1684 que
510 1630 667 1683 aliquod
687 1629 836 1667 dictum
857 1638 1032 1678 arrogans
1053 1633 1118 1662 aut
1138 1622 1358 1675 superbum,
1390 1629 1547 1665 movet;
1580 1620 1674 1672 quin
1702 1628 1746 1656 tu
1770 1619 1812 1657 id

415 1698 545 1752 potius
565 1695 727 1749 profers,
745 1707 863 1747 quam
880 1693 986 1731 verbi
1002 1690 1203 1734 invidiam,
1220 1688 1579 1739 contumeliamque
1599 1685 1808 1724 maledicti.

471 1764 546 1802 IX.
578 1763 678 1815 Ego,
700 1761 814 1799 tantis
835 1773 856 1797 a
871 1772 934 1798 me
954 1756 1151 1796 beneficiis
1172 1756 1211 1793 in
1234 1754 1430 1808 republica
1450 1753 1593 1806 positis,
1613 1752 1640 1790 fi
1656 1752 1813 1790 nullum

416 1830 522 1869 aliud
541 1828 641 1868 mihi
668 1827 872 1881 praemium
899 1839 919 1863 a
944 1825 1073 1863 senatu
1100 1821 1323 1876 populoque
1351 1821 1542 1863 Romano,
1575 1819 1642 1857 nisi
1672 1817 1811 1856 hones-

418 1906 505 1935 tum
536 1896 684 1940 otium,
716 1892 966 1947 postularem,
997 1890 1084 1943 quis
1117 1902 1194 1927 non
1225 1886 1481 1925 concederet?
1515 1885 1596 1923 Sibi
1626 1884 1812 1923 haberent

419 1962 599 2006 honores,
629 1961 698 1999 fibi
718 1960 894 2013 imperia,
925 1957 994 1996 fibi
1020 1955 1249 2010 provincias,
1280 1953 1350 1991 fibi
1376 1951 1612 2005 triumphos,
1643 1951 1713 1990 fibi
1741 1951 1813 1989 alia

421 2028 605 2081 praeclarae
624 2027 747 2065 laudis
767 2025 955 2078 infignia;
988 2022 1089 2062 mihi
1108 2022 1238 2060 liceret
1257 2021 1338 2073 ejus
1359 2020 1480 2064 urbis,
1512 2032 1629 2071 quam
1657 2018 1810 2057 conser-

421 2095 573 2139 vassem,
603 2093 822 2147 conspeetu,
854 2090 1065 2143 tranquillo
1090 2090 1222 2127 animo
1247 2097 1285 2126 et
1312 2088 1459 2140 quieto,
1490 2085 1599 2124 frui?
1631 2084 1754 2136 Qid,
1786 2083 1812 2121 sl

421 2161 497 2198 hoc
518 2173 594 2198 non
615 2159 794 2212 postulo?
827 2158 852 2196 fi
881 2157 947 2195 ille
974 2156 1080 2194 labor
1106 2168 1215 2193 meus
1242 2153 1438 2206 pristinus,
1469 2152 1493 2189 fi
1522 2150 1753 2193 sollicitudo,
1784 2149 1811 2186 si

422 2227 561 2271 officia,
593 2225 619 2263 si
639 2238 776 2278 operae,
806 2224 833 2262 fi
854 2224 1009 2276 vigiliae,
1040 2221 1255 2260 deserviunt
1280 2219 1430 2263 amicis,
1462 2217 1594 2270 praesto
1617 2217 1702 2254 sunt
1722 2227 1812 2252 om-

424 2293 538 2331 nibus
559 2292 572 2328 ?
602 2291 628 2329 fi
650 2303 775 2343 neque
795 2290 911 2328 amici
931 2290 971 2327 in
992 2288 1076 2327 foro
1096 2287 1295 2340 requirunt
1316 2284 1483 2323 studium
1510 2295 1656 2326 meum,
1688 2293 1813 2333 neque

425 2357 636 2412 respublica
655 2357 696 2394 in
723 2356 860 2394 curia?
891 2356 918 2394 fi
945 2368 1008 2394 me
1033 2368 1111 2393 non
1138 2353 1257 2392 modo
1283 2365 1409 2389 rerum
1435 2349 1623 2401 gestarum
1651 2347 1812 2391 vacatio,

426 2426 488 2464 sed
519 2437 643 2477 neque
668 2423 825 2461 lionoris
858 2435 982 2474 neque
1012 2421 1130 2460 aetatis
1161 2419 1366 2461 excusatiO,
1408 2416 1574 2453 vindicat
1605 2428 1625 2451 a
1656 2414 1812 2452 labore?

427 2494 452 2531 fi
474 2492 648 2532 voluntas
669 2503 768 2535 mea,
787 2489 813 2528 fi
833 2488 1028 2534 industria,
1049 2488 1075 2526 fi
1096 2487 1249 2530 domus,
1268 2484 1293 2522 fi
1315 2483 1480 2525 animus,
1500 2481 1524 2519 si
1546 2494 1666 2526 aures,
1684 2489 1814 2534 patent

1368 2550 1404 2587 O
1435 2562 1458 2587 o
1487 2561 1509 2587 2
