<?xml version="1.0" encoding="UTF-8"?>
<!DOCTYPE html PUBLIC "-//W3C//DTD XHTML 1.0 Transitional//EN"
    "http://www.w3.org/TR/xhtml1/DTD/xhtml1-transitional.dtd">
<html xmlns="http://www.w3.org/1999/xhtml" xml:lang="en" lang="en">
 <head>
  <title>
</title>
<meta http-equiv="Content-Type" content="text/html;charset=utf-8" />
  <meta name='ocr-system' content='tesseract 3.04.00' />
  <meta name='ocr-capabilities' content='ocr_page ocr_carea ocr_par ocr_line ocrx_word'/>
</head>
<body>
  <div class='ocr_page' id='page_1' title='image "./operacumindicibu05ciceuoft_0132.png"; bbox 0 0 2212 2835; ppageno 0'>
   <div class='ocr_carea' id='block_1_1' title="bbox 347 178 1248 233">
    <p class='ocr_par' dir='ltr' id='par_1_1' title="bbox 347 178 1248 233">
     <span class='ocr_line' id='line_1_1' title="bbox 347 178 1248 233; baseline -0.007 -12"><span class='ocrx_word' id='word_1_1' title='bbox 347 196 421 233; x_wconf 79' lang='lat'>124</span> <span class='ocrx_word' id='word_1_2' title='bbox 846 178 1248 217; x_wconf 90' lang='lat' dir='ltr'><strong>ORATIO</strong></span> 
     </span>
    </p>
   </div>
   <div class='ocr_carea' id='block_1_2' title="bbox 339 274 1735 2512">
    <p class='ocr_par' dir='ltr' id='par_1_2' title="bbox 339 274 1735 993">
     <span class='ocr_line' id='line_1_2' title="bbox 341 274 1730 333; baseline -0.005 -14"><span class='ocrx_word' id='word_1_3' title='bbox 341 280 584 333; x_wconf 76' lang='lat' dir='ltr'>dignitatem.</span> <span class='ocrx_word' id='word_1_4' title='bbox 624 279 677 316; x_wconf 86' lang='lat' dir='ltr'>Et</span> <span class='ocrx_word' id='word_1_5' title='bbox 697 276 810 321; x_wconf 85' lang='lat' dir='ltr'>mihi,</span> <span class='ocrx_word' id='word_1_6' title='bbox 844 276 982 329; x_wconf 83' lang='lat' dir='ltr'>quaeso,</span> <span class='ocrx_word' id='word_1_7' title='bbox 1015 275 1215 328; x_wconf 83' lang='lat' dir='ltr'>ignoscite,</span> <span class='ocrx_word' id='word_1_8' title='bbox 1249 274 1274 313; x_wconf 87' lang='lat' dir='ltr'>fi</span> <span class='ocrx_word' id='word_1_9' title='bbox 1297 274 1449 327; x_wconf 86' lang='lat' dir='ltr'>appello</span> <span class='ocrx_word' id='word_1_10' title='bbox 1471 274 1588 312; x_wconf 80' lang='lat' dir='ltr'>talem</span> <span class='ocrx_word' id='word_1_11' title='bbox 1604 275 1730 313; x_wconf 88' lang='lat' dir='ltr'>virum</span> 
     </span>
     <span class='ocr_line' id='line_1_3' title="bbox 340 339 1733 398; baseline -0.005 -14"><span class='ocrx_word' id='word_1_12' title='bbox 340 347 486 398; x_wconf 76' lang='lat' dir='ltr'>saepius.</span> <span class='ocrx_word' id='word_1_13' title='bbox 518 345 596 381; x_wconf 82' lang='lat' dir='ltr'>Vos</span> <span class='ocrx_word' id='word_1_14' title='bbox 618 343 717 381; x_wconf 72' lang='lat' dir='ltr'>mihi</span> <span class='ocrx_word' id='word_1_15' title='bbox 739 343 895 381; x_wconf 77' lang='lat' dir='ltr'>Praetori</span> <span class='ocrx_word' id='word_1_16' title='bbox 916 342 1073 380; x_wconf 88' lang='lat' dir='ltr'>biennio</span> <span class='ocrx_word' id='word_1_17' title='bbox 1093 350 1192 385; x_wconf 90' lang='lat' dir='ltr'>ante,</span> <span class='ocrx_word' id='word_1_18' title='bbox 1225 341 1411 391; x_wconf 82' lang='lat' dir='ltr'>Qirites‚</span> <span class='ocrx_word' id='word_1_19' title='bbox 1441 339 1516 378; x_wconf 91' lang='lat' dir='ltr'>hoc</span> <span class='ocrx_word' id='word_1_20' title='bbox 1535 340 1670 378; x_wconf 88' lang='lat' dir='ltr'>eodem</span> <span class='ocrx_word' id='word_1_21' title='bbox 1691 340 1733 378; x_wconf 89' lang='lat' dir='ltr'>in</span> 
     </span>
     <span class='ocr_line' id='line_1_4' title="bbox 341 406 1731 464; baseline -0.004 -14"><span class='ocrx_word' id='word_1_22' title='bbox 341 414 426 450; x_wconf 89' lang='lat' dir='ltr'>loco</span> <span class='ocrx_word' id='word_1_23' title='bbox 444 411 642 464; x_wconf 80' lang='lat' dir='ltr'>personam</span> <span class='ocrx_word' id='word_1_24' title='bbox 658 409 757 448; x_wconf 88' lang='lat' dir='ltr'>hanc</span> <span class='ocrx_word' id='word_1_25' title='bbox 774 409 1020 462; x_wconf 80' lang='lat' dir='ltr'>imposuistis,</span> <span class='ocrx_word' id='word_1_26' title='bbox 1044 417 1101 453; x_wconf 90' lang='lat' dir='ltr'>ut,</span> <span class='ocrx_word' id='word_1_27' title='bbox 1123 407 1419 460; x_wconf 85' lang='lat' dir='ltr'>quibuscunque</span> <span class='ocrx_word' id='word_1_28' title='bbox 1439 407 1550 445; x_wconf 89' lang='lat' dir='ltr'>rebus</span> <span class='ocrx_word' id='word_1_29' title='bbox 1572 406 1731 459; x_wconf 77' lang='lat' dir='ltr'>possem,</span> 
     </span>
     <span class='ocr_line' id='line_1_5' title="bbox 339 472 1735 529; baseline -0.006 -12"><span class='ocrx_word' id='word_1_30' title='bbox 339 479 445 517; x_wconf 87' lang='lat' dir='ltr'>illius</span> <span class='ocrx_word' id='word_1_31' title='bbox 467 478 628 516; x_wconf 86' lang='lat' dir='ltr'>absentis</span> <span class='ocrx_word' id='word_1_32' title='bbox 649 476 877 529; x_wconf 86' lang='lat' dir='ltr'>dignitatem</span> <span class='ocrx_word' id='word_1_33' title='bbox 897 475 1098 514; x_wconf 83' lang='lat' dir='ltr'>vobiscum</span> <span class='ocrx_word' id='word_1_34' title='bbox 1119 488 1193 512; x_wconf 88' lang='lat' dir='ltr'>una</span> <span class='ocrx_word' id='word_1_35' title='bbox 1220 483 1356 512; x_wconf 84' lang='lat' dir='ltr'>tuerer.</span> <span class='ocrx_word' id='word_1_36' title='bbox 1382 473 1472 511; x_wconf 87' lang='lat' dir='ltr'>Feci</span> <span class='ocrx_word' id='word_1_37' title='bbox 1488 472 1627 517; x_wconf 91' lang='lat' dir='ltr'>adhuc,</span> <span class='ocrx_word' id='word_1_38' title='bbox 1649 486 1735 524; x_wconf 86' lang='lat' dir='ltr'>quae</span> 
     </span>
     <span class='ocr_line' id='line_1_6' title="bbox 340 538 1734 599; baseline -0.006 -15"><span class='ocrx_word' id='word_1_39' title='bbox 340 546 465 599; x_wconf 87' lang='lat' dir='ltr'>potui,</span> <span class='ocrx_word' id='word_1_40' title='bbox 498 557 622 597; x_wconf 89' lang='lat' dir='ltr'>neque</span> <span class='ocrx_word' id='word_1_41' title='bbox 642 542 900 581; x_wconf 84' lang='lat' dir='ltr'>familiaritate</span> <span class='ocrx_word' id='word_1_42' title='bbox 919 541 1024 580; x_wconf 87' lang='lat' dir='ltr'>illius</span> <span class='ocrx_word' id='word_1_43' title='bbox 1045 540 1244 584; x_wconf 58' lang='lat' dir='ltr'>adductus,</span> <span class='ocrx_word' id='word_1_44' title='bbox 1270 553 1340 578; x_wconf 91' lang='lat' dir='ltr'>nec</span> <span class='ocrx_word' id='word_1_45' title='bbox 1361 539 1422 592; x_wconf 88' lang='lat' dir='ltr'>spe</span> <span class='ocrx_word' id='word_1_46' title='bbox 1442 538 1597 577; x_wconf 89' lang='lat' dir='ltr'>honoris</span> <span class='ocrx_word' id='word_1_47' title='bbox 1619 548 1734 591; x_wconf 89' lang='lat' dir='ltr'>atque</span> 
     </span>
     <span class='ocr_line' id='line_1_7' title="bbox 340 604 1733 665; baseline -0.006 -15"><span class='ocrx_word' id='word_1_48' title='bbox 340 611 579 665; x_wconf 82' lang='lat' dir='ltr'>ampliffimae</span> <span class='ocrx_word' id='word_1_49' title='bbox 599 609 817 662; x_wconf 70' lang='lat' dir='ltr'>dignitatis,</span> <span class='ocrx_word' id='word_1_50' title='bbox 841 622 960 660; x_wconf 91' lang='lat' dir='ltr'>quam</span> <span class='ocrx_word' id='word_1_51' title='bbox 976 621 1061 659; x_wconf 84' lang='lat' dir='ltr'>ego,</span> <span class='ocrx_word' id='word_1_52' title='bbox 1083 607 1149 644; x_wconf 92' lang='lat' dir='ltr'>ets1</span> <span class='ocrx_word' id='word_1_53' title='bbox 1169 606 1314 644; x_wconf 86' lang='lat' dir='ltr'>libente</span> <span class='ocrx_word' id='word_1_54' title='bbox 1331 605 1413 651; x_wconf 92' lang='lat' dir='ltr'>illo,</span> <span class='ocrx_word' id='word_1_55' title='bbox 1436 614 1565 643; x_wconf 86' lang='lat' dir='ltr'>tamen</span> <span class='ocrx_word' id='word_1_56' title='bbox 1581 604 1733 643; x_wconf 89' lang='lat' dir='ltr'>absente</span> 
     </span>
     <span class='ocr_line' id='line_1_8' title="bbox 341 670 1732 732; baseline -0.006 -15"><span class='ocrx_word' id='word_1_57' title='bbox 341 679 423 723; x_wconf 87' lang='lat' dir='ltr'>illo,</span> <span class='ocrx_word' id='word_1_58' title='bbox 446 692 512 732; x_wconf 89' lang='lat' dir='ltr'>per</span> <span class='ocrx_word' id='word_1_59' title='bbox 532 690 597 715; x_wconf 84' lang='lat' dir='ltr'>vos</span> <span class='ocrx_word' id='word_1_60' title='bbox 617 675 843 714; x_wconf 87' lang='lat' dir='ltr'>consecutus</span> <span class='ocrx_word' id='word_1_61' title='bbox 864 674 962 712; x_wconf 89' lang='lat' dir='ltr'>sum.</span> <span class='ocrx_word' id='word_1_62' title='bbox 986 673 1253 725; x_wconf 84' lang='lat' dir='ltr'>Qamobrem</span> <span class='ocrx_word' id='word_1_63' title='bbox 1270 686 1361 710; x_wconf 91' lang='lat' dir='ltr'>cum</span> <span class='ocrx_word' id='word_1_64' title='bbox 1380 671 1612 724; x_wconf 82' lang='lat' dir='ltr'>intelligam,</span> <span class='ocrx_word' id='word_1_65' title='bbox 1633 670 1732 709; x_wconf 88' lang='lat' dir='ltr'>hanc</span> 
     </span>
     <span class='ocr_line' id='line_1_9' title="bbox 341 737 1732 796; baseline -0.006 -12"><span class='ocrx_word' id='word_1_66' title='bbox 341 755 464 784; x_wconf 86' lang='lat' dir='ltr'>totam</span> <span class='ocrx_word' id='word_1_67' title='bbox 483 744 562 782; x_wconf 87' lang='lat' dir='ltr'>fere</span> <span class='ocrx_word' id='word_1_68' title='bbox 583 744 709 796; x_wconf 86' lang='lat' dir='ltr'>legem</span> <span class='ocrx_word' id='word_1_69' title='bbox 728 742 774 779; x_wconf 89' lang='lat' dir='ltr'>ad</span> <span class='ocrx_word' id='word_1_70' title='bbox 795 741 898 779; x_wconf 83' lang='lat' dir='ltr'>illius</span> <span class='ocrx_word' id='word_1_71' title='bbox 918 754 1008 793; x_wconf 87' lang='lat' dir='ltr'>opes</span> <span class='ocrx_word' id='word_1_72' title='bbox 1028 739 1261 785; x_wconf 86' lang='lat' dir='ltr'>evertendas,</span> <span class='ocrx_word' id='word_1_73' title='bbox 1290 748 1474 791; x_wconf 88' lang='lat' dir='ltr'>tanquam</span> <span class='ocrx_word' id='word_1_74' title='bbox 1495 737 1732 782; x_wconf 89' lang='lat' dir='ltr'>machinam,</span> 
     </span>
     <span class='ocr_line' id='line_1_10' title="bbox 339 803 1731 864; baseline -0.007 -13"><span class='ocrx_word' id='word_1_75' title='bbox 339 811 576 864; x_wconf 69' lang='lat' dir='ltr'>comparari,</span> <span class='ocrx_word' id='word_1_76' title='bbox 599 818 636 847; x_wconf 90' lang='lat' dir='ltr'>et</span> <span class='ocrx_word' id='word_1_77' title='bbox 657 808 821 846; x_wconf 85' lang='lat' dir='ltr'>refistam</span> <span class='ocrx_word' id='word_1_78' title='bbox 841 806 1007 845; x_wconf 86' lang='lat' dir='ltr'>confiliis</span> <span class='ocrx_word' id='word_1_79' title='bbox 1027 805 1251 850; x_wconf 91' lang='lat' dir='ltr'>hominum,</span> <span class='ocrx_word' id='word_1_80' title='bbox 1273 815 1311 842; x_wconf 90' lang='lat' dir='ltr'>et</span> <span class='ocrx_word' id='word_1_81' title='bbox 1331 804 1526 857; x_wconf 86' lang='lat' dir='ltr'>perficiam</span> <span class='ocrx_word' id='word_1_82' title='bbox 1545 803 1731 857; x_wconf 61' lang='lat' dir='ltr'>profecto,</span> 
     </span>
     <span class='ocr_line' id='line_1_11' title="bbox 340 870 1729 931; baseline -0.007 -14"><span class='ocrx_word' id='word_1_83' title='bbox 340 879 446 931; x_wconf 89' lang='lat' dir='ltr'>quod</span> <span class='ocrx_word' id='word_1_84' title='bbox 464 891 535 931; x_wconf 88' lang='lat' dir='ltr'>ego</span> <span class='ocrx_word' id='word_1_85' title='bbox 562 876 672 915; x_wconf 89' lang='lat' dir='ltr'>video</span> <span class='ocrx_word' id='word_1_86' title='bbox 690 874 917 927; x_wconf 86' lang='lat' dir='ltr'>comparari,</span> <span class='ocrx_word' id='word_1_87' title='bbox 949 882 992 911; x_wconf 89' lang='lat' dir='ltr'>ut</span> <span class='ocrx_word' id='word_1_88' title='bbox 1016 873 1055 911; x_wconf 93' lang='lat' dir='ltr'>id</span> <span class='ocrx_word' id='word_1_89' title='bbox 1075 886 1141 911; x_wconf 86' lang='lat' dir='ltr'>vos</span> <span class='ocrx_word' id='word_1_90' title='bbox 1164 871 1326 910; x_wconf 87' lang='lat' dir='ltr'>univerfi</span> <span class='ocrx_word' id='word_1_91' title='bbox 1346 883 1424 909; x_wconf 89' lang='lat' dir='ltr'>non</span> <span class='ocrx_word' id='word_1_92' title='bbox 1445 870 1570 908; x_wconf 89' lang='lat' dir='ltr'>solum</span> <span class='ocrx_word' id='word_1_93' title='bbox 1589 870 1729 915; x_wconf 88' lang='lat' dir='ltr'>videre,</span> 
     </span>
     <span class='ocr_line' id='line_1_12' title="bbox 341 940 962 993; baseline -0.01 -10"><span class='ocrx_word' id='word_1_94' title='bbox 341 959 475 983; x_wconf 85' lang='lat' dir='ltr'>verum</span> <span class='ocrx_word' id='word_1_95' title='bbox 495 944 612 982; x_wconf 88' lang='lat' dir='ltr'>etiam</span> <span class='ocrx_word' id='word_1_96' title='bbox 633 952 772 986; x_wconf 87' lang='lat' dir='ltr'>tenere,</span> <span class='ocrx_word' id='word_1_97' title='bbox 804 940 962 993; x_wconf 86' lang='lat' dir='ltr'>poffitis.</span> 
     </span>
    </p>

    <p class='ocr_par' dir='ltr' id='par_1_3' title="bbox 340 1001 1734 1452">
     <span class='ocr_line' id='line_1_13' title="bbox 395 1001 1734 1060; baseline -0.007 -12"><span class='ocrx_word' id='word_1_98' title='bbox 395 1011 508 1048; x_wconf 87' lang='lat' dir='ltr'>XIX.</span> <span class='ocrx_word' id='word_1_99' title='bbox 540 1009 658 1060; x_wconf 85' lang='lat' dir='ltr'>Jubet</span> <span class='ocrx_word' id='word_1_100' title='bbox 678 1006 819 1050; x_wconf 89' lang='lat' dir='ltr'>venire,</span> <span class='ocrx_word' id='word_1_101' title='bbox 851 1019 936 1058; x_wconf 84' lang='lat' dir='ltr'>quae</span> <span class='ocrx_word' id='word_1_102' title='bbox 957 1004 1228 1048; x_wconf 80' lang='lat' dir='ltr'>Attalensium,</span> <span class='ocrx_word' id='word_1_103' title='bbox 1262 1017 1347 1055; x_wconf 85' lang='lat' dir='ltr'>quae</span> <span class='ocrx_word' id='word_1_104' title='bbox 1366 1001 1617 1047; x_wconf 83' lang='lat' dir='ltr'>Phaselitum,</span> <span class='ocrx_word' id='word_1_105' title='bbox 1649 1015 1734 1054; x_wconf 84' lang='lat' dir='ltr'>quae</span> 
     </span>
     <span class='ocr_line' id='line_1_14' title="bbox 343 1069 1734 1128; baseline -0.006 -14"><span class='ocrx_word' id='word_1_106' title='bbox 343 1077 657 1128; x_wconf 85' lang='lat' dir='ltr'>Olympenorum</span> <span class='ocrx_word' id='word_1_107' title='bbox 678 1072 837 1116; x_wconf 88' lang='lat' dir='ltr'>fuerint,</span> <span class='ocrx_word' id='word_1_108' title='bbox 862 1084 1074 1124; x_wconf 85' lang='lat' dir='ltr'>agrumque</span> <span class='ocrx_word' id='word_1_109' title='bbox 1095 1070 1340 1122; x_wconf 86' lang='lat' dir='ltr'>Agerensem,</span> <span class='ocrx_word' id='word_1_110' title='bbox 1362 1078 1400 1106; x_wconf 86' lang='lat' dir='ltr'>et</span> <span class='ocrx_word' id='word_1_111' title='bbox 1422 1069 1673 1113; x_wconf 77' lang='lat' dir='ltr'>Orindicum,</span> <span class='ocrx_word' id='word_1_112' title='bbox 1695 1077 1734 1107; x_wconf 88' lang='lat' dir='ltr'>et</span> 
     </span>
     <span class='ocr_line' id='line_1_15' title="bbox 342 1135 1730 1189; baseline -0.007 -7"><span class='ocrx_word' id='word_1_113' title='bbox 342 1143 605 1182; x_wconf 86' lang='lat' dir='ltr'>Gedusanum.</span> <span class='ocrx_word' id='word_1_114' title='bbox 639 1141 737 1178; x_wconf 80' lang='lat' dir='ltr'>Haec</span> <span class='ocrx_word' id='word_1_115' title='bbox 759 1140 802 1177; x_wconf 88' lang='lat' dir='ltr'>P.</span> <span class='ocrx_word' id='word_1_116' title='bbox 827 1138 975 1175; x_wconf 87' lang='lat' dir='ltr'>Servilii</span> <span class='ocrx_word' id='word_1_117' title='bbox 994 1137 1159 1189; x_wconf 87' lang='lat' dir='ltr'>imperio</span> <span class='ocrx_word' id='word_1_118' title='bbox 1178 1146 1215 1173; x_wconf 89' lang='lat' dir='ltr'>et</span> <span class='ocrx_word' id='word_1_119' title='bbox 1235 1136 1406 1180; x_wconf 58' lang='lat' dir='ltr'>victoria,</span> <span class='ocrx_word' id='word_1_120' title='bbox 1436 1135 1629 1173; x_wconf 81' lang='lat' dir='ltr'>clariffimi</span> <span class='ocrx_word' id='word_1_121' title='bbox 1644 1135 1730 1181; x_wconf 86' lang='lat' dir='ltr'>viri,</span> 
     </span>
     <span class='ocr_line' id='line_1_16' title="bbox 340 1201 1732 1256; baseline -0.007 -8"><span class='ocrx_word' id='word_1_122' title='bbox 340 1209 458 1247; x_wconf 87' lang='lat' dir='ltr'>vestra</span> <span class='ocrx_word' id='word_1_123' title='bbox 484 1208 581 1246; x_wconf 64' lang='lat' dir='ltr'>facta</span> <span class='ocrx_word' id='word_1_124' title='bbox 607 1206 706 1244; x_wconf 87' lang='lat' dir='ltr'>sunt.</span> <span class='ocrx_word' id='word_1_125' title='bbox 739 1204 933 1256; x_wconf 83' lang='lat' dir='ltr'>Adjungit</span> <span class='ocrx_word' id='word_1_126' title='bbox 956 1216 1063 1255; x_wconf 86' lang='lat' dir='ltr'>agros</span> <span class='ocrx_word' id='word_1_127' title='bbox 1086 1201 1276 1254; x_wconf 82' lang='lat' dir='ltr'>Bithyniae</span> <span class='ocrx_word' id='word_1_128' title='bbox 1297 1202 1434 1254; x_wconf 77' lang='lat' dir='ltr'>regiOS,</span> <span class='ocrx_word' id='word_1_129' title='bbox 1465 1201 1607 1252; x_wconf 85' lang='lat' dir='ltr'>quibus</span> <span class='ocrx_word' id='word_1_130' title='bbox 1628 1214 1732 1239; x_wconf 80' lang='lat' dir='ltr'>nunc</span> 
     </span>
     <span class='ocr_line' id='line_1_17' title="bbox 340 1265 1732 1328; baseline -0.006 -16"><span class='ocrx_word' id='word_1_131' title='bbox 340 1274 538 1328; x_wconf 85' lang='lat' dir='ltr'>publicani</span> <span class='ocrx_word' id='word_1_132' title='bbox 567 1271 776 1309; x_wconf 83' lang='lat' dir='ltr'>fruuntur:</span> <span class='ocrx_word' id='word_1_133' title='bbox 810 1269 947 1307; x_wconf 92' lang='lat' dir='ltr'>deinde</span> <span class='ocrx_word' id='word_1_134' title='bbox 975 1268 1165 1306; x_wconf 82' lang='lat' dir='ltr'>Attalicos</span> <span class='ocrx_word' id='word_1_135' title='bbox 1192 1280 1300 1319; x_wconf 84' lang='lat' dir='ltr'>agros</span> <span class='ocrx_word' id='word_1_136' title='bbox 1327 1267 1369 1304; x_wconf 88' lang='lat' dir='ltr'>in</span> <span class='ocrx_word' id='word_1_137' title='bbox 1396 1265 1656 1304; x_wconf 88' lang='lat' dir='ltr'>Chersoneso:</span> <span class='ocrx_word' id='word_1_138' title='bbox 1689 1267 1732 1304; x_wconf 87' lang='lat' dir='ltr'>in</span> 
     </span>
     <span class='ocr_line' id='line_1_18' title="bbox 342 1332 1733 1389; baseline -0.007 -10"><span class='ocrx_word' id='word_1_139' title='bbox 342 1340 586 1384; x_wconf 86' lang='lat' dir='ltr'>Macedonia,</span> <span class='ocrx_word' id='word_1_140' title='bbox 617 1338 686 1389; x_wconf 87' lang='lat' dir='ltr'>qui</span> <span class='ocrx_word' id='word_1_141' title='bbox 707 1337 804 1388; x_wconf 87' lang='lat' dir='ltr'>regis</span> <span class='ocrx_word' id='word_1_142' title='bbox 826 1334 1015 1388; x_wconf 90' lang='lat' dir='ltr'>Philippi,</span> <span class='ocrx_word' id='word_1_143' title='bbox 1046 1334 1118 1372; x_wconf 90' lang='lat' dir='ltr'>five</span> <span class='ocrx_word' id='word_1_144' title='bbox 1139 1333 1270 1378; x_wconf 86' lang='lat' dir='ltr'>Persae,</span> <span class='ocrx_word' id='word_1_145' title='bbox 1291 1332 1476 1371; x_wconf 89' lang='lat' dir='ltr'>fuerunt:</span> <span class='ocrx_word' id='word_1_146' title='bbox 1508 1333 1577 1384; x_wconf 91' lang='lat' dir='ltr'>qui</span> <span class='ocrx_word' id='word_1_147' title='bbox 1597 1333 1693 1370; x_wconf 88' lang='lat' dir='ltr'>item</span> <span class='ocrx_word' id='word_1_148' title='bbox 1712 1345 1733 1370; x_wconf 89' lang='lat' dir='ltr'>a</span> 
     </span>
     <span class='ocr_line' id='line_1_19' title="bbox 340 1399 1350 1452; baseline -0.007 -7"><span class='ocrx_word' id='word_1_149' title='bbox 340 1406 558 1445; x_wconf 80' lang='lat' dir='ltr'>censoribus</span> <span class='ocrx_word' id='word_1_150' title='bbox 578 1402 693 1441; x_wconf 85' lang='lat' dir='ltr'>locati</span> <span class='ocrx_word' id='word_1_151' title='bbox 713 1401 812 1445; x_wconf 88' lang='lat' dir='ltr'>sunt,</span> <span class='ocrx_word' id='word_1_152' title='bbox 843 1411 881 1439; x_wconf 90' lang='lat' dir='ltr'>et</span> <span class='ocrx_word' id='word_1_153' title='bbox 901 1400 1153 1439; x_wconf 72' lang='lat' dir='ltr'>certissimum</span> <span class='ocrx_word' id='word_1_154' title='bbox 1174 1399 1350 1452; x_wconf 66' lang='lat' dir='ltr'>vestigal.</span> 
     </span>
    </p>

    <p class='ocr_par' dir='ltr' id='par_1_4' title="bbox 340 1463 1733 2239">
     <span class='ocr_line' id='line_1_20' title="bbox 396 1463 1729 1518; baseline -0.007 -8"><span class='ocrx_word' id='word_1_155' title='bbox 396 1470 593 1511; x_wconf 89' lang='lat' dir='ltr'>Adscribit</span> <span class='ocrx_word' id='word_1_156' title='bbox 612 1469 716 1507; x_wconf 90' lang='lat' dir='ltr'>idem</span> <span class='ocrx_word' id='word_1_157' title='bbox 737 1467 905 1505; x_wconf 65' lang='lat' dir='ltr'>auctioni</span> <span class='ocrx_word' id='word_1_158' title='bbox 927 1465 1153 1504; x_wconf 87' lang='lat' dir='ltr'>Corinthios</span> <span class='ocrx_word' id='word_1_159' title='bbox 1174 1478 1297 1518; x_wconf 78' lang='lat' dir='ltr'>agrOS,</span> <span class='ocrx_word' id='word_1_160' title='bbox 1328 1465 1479 1518; x_wconf 91' lang='lat' dir='ltr'>opimos</span> <span class='ocrx_word' id='word_1_161' title='bbox 1499 1473 1537 1502; x_wconf 89' lang='lat' dir='ltr'>et</span> <span class='ocrx_word' id='word_1_162' title='bbox 1557 1463 1700 1502; x_wconf 84' lang='lat' dir='ltr'>fertiles</span> <span class='ocrx_word' id='word_1_163' title='bbox 1717 1481 1729 1509; x_wconf 74' lang='lat'>3</span> 
     </span>
     <span class='ocr_line' id='line_1_21' title="bbox 341 1530 1732 1590; baseline -0.009 -12"><span class='ocrx_word' id='word_1_164' title='bbox 341 1549 378 1578; x_wconf 86' lang='lat' dir='ltr'>ct</span> <span class='ocrx_word' id='word_1_165' title='bbox 400 1536 647 1590; x_wconf 78' lang='lat' dir='ltr'>Cyrenenses,</span> <span class='ocrx_word' id='word_1_166' title='bbox 670 1534 738 1587; x_wconf 83' lang='lat' dir='ltr'>qui</span> <span class='ocrx_word' id='word_1_167' title='bbox 759 1533 949 1585; x_wconf 85' lang='lat' dir='ltr'>Appionis</span> <span class='ocrx_word' id='word_1_168' title='bbox 966 1531 1143 1576; x_wconf 88' lang='lat' dir='ltr'>fuerunt;</span> <span class='ocrx_word' id='word_1_169' title='bbox 1165 1540 1202 1569; x_wconf 90' lang='lat' dir='ltr'>et</span> <span class='ocrx_word' id='word_1_170' title='bbox 1217 1544 1325 1583; x_wconf 85' lang='lat' dir='ltr'>agros</span> <span class='ocrx_word' id='word_1_171' title='bbox 1346 1531 1387 1568; x_wconf 90' lang='lat' dir='ltr'>in</span> <span class='ocrx_word' id='word_1_172' title='bbox 1408 1530 1595 1583; x_wconf 88' lang='lat' dir='ltr'>Hispania</span> <span class='ocrx_word' id='word_1_173' title='bbox 1613 1543 1732 1582; x_wconf 82' lang='lat' dir='ltr'>prop-</span> 
     </span>
     <span class='ocr_line' id='line_1_22' title="bbox 342 1594 1731 1655; baseline -0.008 -12"><span class='ocrx_word' id='word_1_174' title='bbox 342 1615 397 1643; x_wconf 87' lang='lat' dir='ltr'>ter</span> <span class='ocrx_word' id='word_1_175' title='bbox 418 1603 692 1655; x_wconf 82' lang='lat' dir='ltr'>Carthaginem</span> <span class='ocrx_word' id='word_1_176' title='bbox 714 1611 878 1643; x_wconf 83' lang='lat' dir='ltr'>novam;</span> <span class='ocrx_word' id='word_1_177' title='bbox 910 1607 947 1636; x_wconf 90' lang='lat' dir='ltr'>et</span> <span class='ocrx_word' id='word_1_178' title='bbox 973 1598 1014 1635; x_wconf 84' lang='lat' dir='ltr'>in</span> <span class='ocrx_word' id='word_1_179' title='bbox 1040 1596 1174 1635; x_wconf 83' lang='lat' dir='ltr'>Africa</span> <span class='ocrx_word' id='word_1_180' title='bbox 1197 1596 1316 1649; x_wconf 85' lang='lat' dir='ltr'>ipsam</span> <span class='ocrx_word' id='word_1_181' title='bbox 1337 1605 1503 1634; x_wconf 90' lang='lat' dir='ltr'>veterem</span> <span class='ocrx_word' id='word_1_182' title='bbox 1525 1594 1731 1648; x_wconf 86' lang='lat' dir='ltr'>Carthagi-</span> 
     </span>
     <span class='ocr_line' id='line_1_23' title="bbox 344 1662 1733 1720; baseline -0.008 -10"><span class='ocrx_word' id='word_1_183' title='bbox 344 1685 433 1710; x_wconf 87' lang='lat' dir='ltr'>nem</span> <span class='ocrx_word' id='word_1_184' title='bbox 451 1670 601 1709; x_wconf 83' lang='lat' dir='ltr'>vendit:</span> <span class='ocrx_word' id='word_1_185' title='bbox 625 1681 742 1720; x_wconf 90' lang='lat' dir='ltr'>quarn</span> <span class='ocrx_word' id='word_1_186' title='bbox 759 1665 938 1703; x_wconf 81' lang='lat' dir='ltr'>videlicet</span> <span class='ocrx_word' id='word_1_187' title='bbox 956 1665 1000 1702; x_wconf 95' lang='lat' dir='ltr'>P.</span> <span class='ocrx_word' id='word_1_188' title='bbox 1018 1663 1224 1702; x_wconf 88' lang='lat' dir='ltr'>Africanus</span> <span class='ocrx_word' id='word_1_189' title='bbox 1241 1676 1319 1701; x_wconf 90' lang='lat' dir='ltr'>non</span> <span class='ocrx_word' id='word_1_190' title='bbox 1335 1672 1491 1715; x_wconf 90' lang='lat' dir='ltr'>propter</span> <span class='ocrx_word' id='word_1_191' title='bbox 1504 1662 1733 1713; x_wconf 88' lang='lat' dir='ltr'>religionem</span> 
     </span>
     <span class='ocr_line' id='line_1_24' title="bbox 342 1727 1730 1777; baseline -0.009 -2"><span class='ocrx_word' id='word_1_192' title='bbox 342 1737 489 1775; x_wconf 87' lang='lat' dir='ltr'>sedium</span> <span class='ocrx_word' id='word_1_193' title='bbox 519 1735 687 1777; x_wconf 83' lang='lat' dir='ltr'>illarum,</span> <span class='ocrx_word' id='word_1_194' title='bbox 719 1746 761 1770; x_wconf 89' lang='lat' dir='ltr'>ac</span> <span class='ocrx_word' id='word_1_195' title='bbox 787 1730 994 1774; x_wconf 85' lang='lat' dir='ltr'>vetustatis,</span> <span class='ocrx_word' id='word_1_196' title='bbox 1026 1729 1072 1766; x_wconf 89' lang='lat' dir='ltr'>de</span> <span class='ocrx_word' id='word_1_197' title='bbox 1102 1728 1250 1766; x_wconf 84' lang='lat' dir='ltr'>confilii</span> <span class='ocrx_word' id='word_1_198' title='bbox 1276 1727 1460 1765; x_wconf 83' lang='lat' dir='ltr'>sententia</span> <span class='ocrx_word' id='word_1_199' title='bbox 1484 1727 1730 1771; x_wconf 86' lang='lat' dir='ltr'>consecravit,</span> 
     </span>
     <span class='ocr_line' id='line_1_25' title="bbox 341 1792 1728 1853; baseline -0.008 -12"><span class='ocrx_word' id='word_1_200' title='bbox 341 1803 403 1841; x_wconf 89' lang='lat' dir='ltr'>sed</span> <span class='ocrx_word' id='word_1_201' title='bbox 425 1812 467 1840; x_wconf 90' lang='lat' dir='ltr'>ut</span> <span class='ocrx_word' id='word_1_202' title='bbox 487 1801 563 1853; x_wconf 88' lang='lat' dir='ltr'>ipse</span> <span class='ocrx_word' id='word_1_203' title='bbox 583 1800 690 1837; x_wconf 87' lang='lat' dir='ltr'>locus</span> <span class='ocrx_word' id='word_1_204' title='bbox 711 1811 860 1841; x_wconf 86' lang='lat' dir='ltr'>eorum,</span> <span class='ocrx_word' id='word_1_205' title='bbox 883 1796 952 1848; x_wconf 90' lang='lat' dir='ltr'>qui</span> <span class='ocrx_word' id='word_1_206' title='bbox 971 1808 1063 1832; x_wconf 91' lang='lat' dir='ltr'>cum</span> <span class='ocrx_word' id='word_1_207' title='bbox 1082 1793 1153 1831; x_wconf 89' lang='lat' dir='ltr'>hac</span> <span class='ocrx_word' id='word_1_208' title='bbox 1173 1793 1267 1831; x_wconf 86' lang='lat' dir='ltr'>urbe</span> <span class='ocrx_word' id='word_1_209' title='bbox 1283 1793 1329 1830; x_wconf 92' lang='lat' dir='ltr'>de</span> <span class='ocrx_word' id='word_1_210' title='bbox 1345 1792 1507 1844; x_wconf 87' lang='lat' dir='ltr'>imperio</span> <span class='ocrx_word' id='word_1_211' title='bbox 1524 1801 1728 1836; x_wconf 87' lang='lat' dir='ltr'>certarunt,</span> 
     </span>
     <span class='ocr_line' id='line_1_26' title="bbox 341 1857 1732 1920; baseline -0.007 -14"><span class='ocrx_word' id='word_1_212' title='bbox 341 1868 494 1920; x_wconf 75' lang='lat' dir='ltr'>vestigia</span> <span class='ocrx_word' id='word_1_213' title='bbox 513 1864 739 1904; x_wconf 77' lang='lat' dir='ltr'>calamitatis</span> <span class='ocrx_word' id='word_1_214' title='bbox 760 1862 984 1901; x_wconf 87' lang='lat' dir='ltr'>ostenderet.</span> <span class='ocrx_word' id='word_1_215' title='bbox 1018 1859 1088 1898; x_wconf 93' lang='lat' dir='ltr'>Sed</span> <span class='ocrx_word' id='word_1_216' title='bbox 1108 1873 1185 1897; x_wconf 89' lang='lat' dir='ltr'>non</span> <span class='ocrx_word' id='word_1_217' title='bbox 1207 1857 1283 1896; x_wconf 89' lang='lat' dir='ltr'>fuit</span> <span class='ocrx_word' id='word_1_218' title='bbox 1303 1866 1382 1896; x_wconf 87' lang='lat' dir='ltr'>tam</span> <span class='ocrx_word' id='word_1_219' title='bbox 1404 1857 1582 1909; x_wconf 87' lang='lat' dir='ltr'>diligens,</span> <span class='ocrx_word' id='word_1_220' title='bbox 1614 1871 1732 1910; x_wconf 84' lang='lat' dir='ltr'>quam</span> 
     </span>
     <span class='ocr_line' id='line_1_27' title="bbox 340 1924 1729 1979; baseline -0.009 -7"><span class='ocrx_word' id='word_1_221' title='bbox 340 1934 394 1972; x_wconf 81' lang='lat' dir='ltr'>est</span> <span class='ocrx_word' id='word_1_222' title='bbox 424 1933 594 1972; x_wconf 83' lang='lat' dir='ltr'>Rullus:</span> <span class='ocrx_word' id='word_1_223' title='bbox 626 1940 691 1969; x_wconf 88' lang='lat' dir='ltr'>aut</span> <span class='ocrx_word' id='word_1_224' title='bbox 716 1929 865 1968; x_wconf 86' lang='lat' dir='ltr'>fortaffe</span> <span class='ocrx_word' id='word_1_225' title='bbox 891 1935 1107 1979; x_wconf 85' lang='lat' dir='ltr'>emptorem</span> <span class='ocrx_word' id='word_1_226' title='bbox 1133 1926 1168 1963; x_wconf 91' lang='lat' dir='ltr'>ei</span> <span class='ocrx_word' id='word_1_227' title='bbox 1194 1925 1281 1962; x_wconf 91' lang='lat' dir='ltr'>loco</span> <span class='ocrx_word' id='word_1_228' title='bbox 1309 1924 1470 1976; x_wconf 87' lang='lat' dir='ltr'>reperire</span> <span class='ocrx_word' id='word_1_229' title='bbox 1491 1937 1568 1961; x_wconf 89' lang='lat' dir='ltr'>non</span> <span class='ocrx_word' id='word_1_230' title='bbox 1588 1925 1729 1976; x_wconf 88' lang='lat' dir='ltr'>potuit.</span> 
     </span>
     <span class='ocr_line' id='line_1_28' title="bbox 341 1990 1731 2048; baseline -0.007 -9"><span class='ocrx_word' id='word_1_231' title='bbox 341 2002 488 2040; x_wconf 88' lang='lat' dir='ltr'>Verum</span> <span class='ocrx_word' id='word_1_232' title='bbox 519 2000 616 2037; x_wconf 89' lang='lat' dir='ltr'>inter</span> <span class='ocrx_word' id='word_1_233' title='bbox 647 1997 716 2035; x_wconf 86' lang='lat' dir='ltr'>hos</span> <span class='ocrx_word' id='word_1_234' title='bbox 748 2009 856 2048; x_wconf 85' lang='lat' dir='ltr'>agros</span> <span class='ocrx_word' id='word_1_235' title='bbox 888 1995 1024 2046; x_wconf 82' lang='lat' dir='ltr'>regios,</span> <span class='ocrx_word' id='word_1_236' title='bbox 1055 2001 1185 2045; x_wconf 81' lang='lat' dir='ltr'>captos</span> <span class='ocrx_word' id='word_1_237' title='bbox 1213 1991 1401 2029; x_wconf 82' lang='lat' dir='ltr'>veteribus</span> <span class='ocrx_word' id='word_1_238' title='bbox 1434 1990 1558 2035; x_wconf 86' lang='lat' dir='ltr'>bellis,</span> <span class='ocrx_word' id='word_1_239' title='bbox 1591 1991 1731 2029; x_wconf 89' lang='lat' dir='ltr'>virtute</span> 
     </span>
     <span class='ocr_line' id='line_1_29' title="bbox 341 2056 1731 2117; baseline -0.008 -11"><span class='ocrx_word' id='word_1_240' title='bbox 341 2068 582 2106; x_wconf 89' lang='lat' dir='ltr'>summorum</span> <span class='ocrx_word' id='word_1_241' title='bbox 604 2066 895 2117; x_wconf 82' lang='lat' dir='ltr'>imperatorum,</span> <span class='ocrx_word' id='word_1_242' title='bbox 916 2060 1091 2112; x_wconf 86' lang='lat' dir='ltr'>adjungit</span> <span class='ocrx_word' id='word_1_243' title='bbox 1111 2059 1232 2111; x_wconf 86' lang='lat' dir='ltr'>regios</span> <span class='ocrx_word' id='word_1_244' title='bbox 1253 2072 1361 2110; x_wconf 86' lang='lat' dir='ltr'>agros</span> <span class='ocrx_word' id='word_1_245' title='bbox 1382 2056 1640 2101; x_wconf 81' lang='lat' dir='ltr'>Mithridatis,</span> <span class='ocrx_word' id='word_1_246' title='bbox 1662 2058 1731 2108; x_wconf 87' lang='lat' dir='ltr'>qui</span> 
     </span>
     <span class='ocr_line' id='line_1_30' title="bbox 341 2122 1732 2185; baseline -0.009 -13"><span class='ocrx_word' id='word_1_247' title='bbox 341 2135 382 2172; x_wconf 89' lang='lat' dir='ltr'>in</span> <span class='ocrx_word' id='word_1_248' title='bbox 414 2131 687 2185; x_wconf 83' lang='lat' dir='ltr'>Paphlagonia,</span> <span class='ocrx_word' id='word_1_249' title='bbox 719 2130 787 2182; x_wconf 87' lang='lat' dir='ltr'>qui</span> <span class='ocrx_word' id='word_1_250' title='bbox 818 2129 858 2166; x_wconf 89' lang='lat' dir='ltr'>in</span> <span class='ocrx_word' id='word_1_251' title='bbox 892 2129 1029 2171; x_wconf 90' lang='lat' dir='ltr'>Ponto,</span> <span class='ocrx_word' id='word_1_252' title='bbox 1061 2126 1128 2178; x_wconf 82' lang='lat' dir='ltr'>qui</span> <span class='ocrx_word' id='word_1_253' title='bbox 1160 2126 1199 2163; x_wconf 86' lang='lat' dir='ltr'>in</span> <span class='ocrx_word' id='word_1_254' title='bbox 1227 2124 1468 2177; x_wconf 84' lang='lat' dir='ltr'>Cappadocia</span> <span class='ocrx_word' id='word_1_255' title='bbox 1486 2122 1656 2167; x_wconf 84' lang='lat' dir='ltr'>fuerunt,</span> <span class='ocrx_word' id='word_1_256' title='bbox 1689 2133 1732 2161; x_wconf 88' lang='lat' dir='ltr'>ut</span> 
     </span>
     <span class='ocr_line' id='line_1_31' title="bbox 340 2196 828 2239; baseline -0.01 -2"><span class='ocrx_word' id='word_1_257' title='bbox 340 2213 403 2239; x_wconf 84' lang='lat' dir='ltr'>eos</span> <span class='ocrx_word' id='word_1_258' title='bbox 424 2198 630 2238; x_wconf 80' lang='lat' dir='ltr'>decemviri</span> <span class='ocrx_word' id='word_1_259' title='bbox 650 2196 828 2234; x_wconf 86' lang='lat' dir='ltr'>vendant.</span> 
     </span>
    </p>

    <p class='ocr_par' dir='ltr' id='par_1_5' title="bbox 341 2254 1731 2512">
     <span class='ocr_line' id='line_1_32' title="bbox 400 2254 1729 2313; baseline -0.009 -10"><span class='ocrx_word' id='word_1_260' title='bbox 400 2266 511 2303; x_wconf 82' lang='lat' dir='ltr'>Itane·</span> <span class='ocrx_word' id='word_1_261' title='bbox 525 2264 641 2302; x_wconf 88' lang='lat' dir='ltr'>vero?</span> <span class='ocrx_word' id='word_1_262' title='bbox 673 2276 748 2300; x_wconf 89' lang='lat' dir='ltr'>non</span> <span class='ocrx_word' id='word_1_263' title='bbox 770 2260 919 2313; x_wconf 85' lang='lat' dir='ltr'>legibus</span> <span class='ocrx_word' id='word_1_264' title='bbox 940 2259 1052 2301; x_wconf 83' lang='lat' dir='ltr'>datis,</span> <span class='ocrx_word' id='word_1_265' title='bbox 1073 2272 1149 2295; x_wconf 88' lang='lat' dir='ltr'>non</span> <span class='ocrx_word' id='word_1_266' title='bbox 1170 2256 1308 2295; x_wconf 77' lang='lat' dir='ltr'>auditis</span> <span class='ocrx_word' id='word_1_267' title='bbox 1329 2255 1453 2294; x_wconf 87' lang='lat' dir='ltr'>verbis</span> <span class='ocrx_word' id='word_1_268' title='bbox 1474 2254 1729 2307; x_wconf 87' lang='lat' dir='ltr'>imperatoris,</span> 
     </span>
     <span class='ocr_line' id='line_1_33' title="bbox 341 2317 1731 2380; baseline -0.009 -11"><span class='ocrx_word' id='word_1_269' title='bbox 341 2330 517 2370; x_wconf 88' lang='lat' dir='ltr'>nondum</span> <span class='ocrx_word' id='word_1_270' title='bbox 548 2328 712 2380; x_wconf 89' lang='lat' dir='ltr'>denique</span> <span class='ocrx_word' id='word_1_271' title='bbox 744 2326 845 2364; x_wconf 90' lang='lat' dir='ltr'>bello</span> <span class='ocrx_word' id='word_1_272' title='bbox 870 2323 1060 2368; x_wconf 65' lang='lat' dir='ltr'>confecto,</span> <span class='ocrx_word' id='word_1_273' title='bbox 1092 2336 1183 2360; x_wconf 91' lang='lat' dir='ltr'>cum</span> <span class='ocrx_word' id='word_1_274' title='bbox 1215 2335 1280 2360; x_wconf 82' lang='lat' dir='ltr'>rex</span> <span class='ocrx_word' id='word_1_275' title='bbox 1306 2319 1568 2364; x_wconf 83' lang='lat' dir='ltr'>Mithridates,</span> <span class='ocrx_word' id='word_1_276' title='bbox 1600 2317 1731 2357; x_wconf 72' lang='lat' dir='ltr'>amisso</span> 
     </span>
     <span class='ocr_line' id='line_1_34' title="bbox 341 2384 1729 2447; baseline -0.009 -14"><span class='ocrx_word' id='word_1_277' title='bbox 341 2396 525 2440; x_wconf 74' lang='lat' dir='ltr'>exercitu,</span> <span class='ocrx_word' id='word_1_278' title='bbox 555 2407 674 2447; x_wconf 85' lang='lat' dir='ltr'>regno</span> <span class='ocrx_word' id='word_1_279' title='bbox 704 2391 897 2445; x_wconf 87' lang='lat' dir='ltr'>expulsus,</span> <span class='ocrx_word' id='word_1_280' title='bbox 930 2399 1058 2428; x_wconf 82' lang='lat' dir='ltr'>tamen</span> <span class='ocrx_word' id='word_1_281' title='bbox 1086 2389 1124 2426; x_wconf 89' lang='lat' dir='ltr'>in</span> <span class='ocrx_word' id='word_1_282' title='bbox 1149 2388 1298 2425; x_wconf 84' lang='lat' dir='ltr'>ultimis</span> <span class='ocrx_word' id='word_1_283' title='bbox 1320 2386 1426 2424; x_wconf 86' lang='lat' dir='ltr'>terris</span> <span class='ocrx_word' id='word_1_284' title='bbox 1447 2385 1593 2437; x_wconf 87' lang='lat' dir='ltr'>aliquid</span> <span class='ocrx_word' id='word_1_285' title='bbox 1613 2384 1729 2421; x_wconf 83' lang='lat' dir='ltr'>etiam</span> 
     </span>
     <span class='ocr_line' id='line_1_35' title="bbox 341 2449 1728 2512; baseline -0.01 -12"><span class='ocrx_word' id='word_1_286' title='bbox 341 2475 443 2500; x_wconf 83' lang='lat' dir='ltr'>nunc</span> <span class='ocrx_word' id='word_1_287' title='bbox 470 2461 665 2506; x_wconf 86' lang='lat' dir='ltr'>moliatur,</span> <span class='ocrx_word' id='word_1_288' title='bbox 695 2469 808 2512; x_wconf 86' lang='lat' dir='ltr'>atque</span> <span class='ocrx_word' id='word_1_289' title='bbox 834 2458 881 2496; x_wconf 87' lang='lat' dir='ltr'>ab</span> <span class='ocrx_word' id='word_1_290' title='bbox 902 2457 1042 2496; x_wconf 62' lang='lat' dir='ltr'>invicta</span> <span class='ocrx_word' id='word_1_291' title='bbox 1070 2457 1144 2494; x_wconf 88' lang='lat' dir='ltr'>Cn.</span> <span class='ocrx_word' id='word_1_292' title='bbox 1175 2454 1353 2508; x_wconf 86' lang='lat' dir='ltr'>Pompeii</span> <span class='ocrx_word' id='word_1_293' title='bbox 1374 2466 1490 2491; x_wconf 89' lang='lat' dir='ltr'>manu</span> <span class='ocrx_word' id='word_1_294' title='bbox 1522 2449 1728 2492; x_wconf 79' lang='lat' dir='ltr'>Moeotide,</span> 
     </span>
    </p>
   </div>
  </div>
 </body>
</html>
