2212 2835
643 165 734 202 DE
793 161 982 201 LEGE
1039 160 1396 199 AGRARIA.
1661 171 1730 211 13¹

339 264 408 318 ipfi
429 263 563 306 velint,
595 260 821 300 decemviris
844 259 1005 298 tradant.
1039 261 1171 310 Atque
1192 255 1267 295 hoc
1288 269 1442 294 carmen
1471 253 1535 293 hic
1557 253 1736 292 tribunus

340 332 463 386 plebis
484 344 563 368 non
582 328 707 373 vobis,
739 327 801 365 sed
821 327 890 365 fibi
911 327 1030 369 intus,
1061 325 1175 363 canit.

397 397 530 436 Habet
549 396 737 438 socerum,
758 393 888 431 virum
908 392 1120 444 optimum,
1143 390 1212 441 qui
1233 398 1385 427 tantum
1406 389 1485 441 agri
1503 388 1543 425 in
1564 387 1641 425 illis
1663 387 1738 424 rei-

342 464 509 518 publicae
526 461 690 499 tenebris
708 458 926 510 occupavit,
948 465 1138 509 quantum
1151 455 1393 507 concupivit.
1417 454 1526 492 Huic
1540 453 1740 491 subvenire

342 530 426 568 vult
440 525 817 577 succumbentijam‚
838 521 1024 575 oppreffo,
1049 520 1211 573 Syllanis
1228 519 1407 559 oneribus
1424 519 1545 571 gravi,
1563 518 1626 556 sua
1640 519 1739 570 lege,

343 604 387 634 ut
407 595 520 632 liceat
537 593 598 631 illi
618 591 806 630 invidiam
825 590 1030 642 deponere,
1060 587 1268 641 pecuniam
1292 586 1469 625 condere.
1501 585 1555 623 Et
1575 598 1640 623 vos
1663 597 1741 622 non

344 661 542 705 dubitatis,
571 659 668 712 quin
687 656 887 710 vectigalia
905 655 1024 694 vestra
1042 653 1230 698 vendatis,
1254 653 1428 706 plurimo
1448 652 1640 704 majorum
1661 650 1742 688 ves-

344 738 494 767 trorum
514 725 697 779 san‘guine
716 733 755 762 et
771 723 906 762 sudore
925 721 1092 775 quaefita,
1114 730 1158 760 ut
1178 721 1350 773 Syllanos
1363 718 1582 773 poffeffores
1598 717 1744 756 divitiis

345 795 528 850 augeatis,
559 791 732 848 periculo
752 790 923 830 liberetis
941 790 954 827 ?

401 863 512 902 Nam
531 861 578 900 ad
603 859 705 899 hanc
729 857 971 911 emptionem
991 854 1286 895 decemviralem
1307 853 1385 893 duo
1410 865 1548 906 genera
1566 863 1748 904 agrorum

348 929 533 982 spectant,
574 926 750 978 Qirites
769 940 778 964 ι
813 937 951 963 eorum
985 936 1125 968 unum,
1165 930 1321 975 propter
1355 919 1557 963 invidiam,
1596 916 1749 956 domini

349 996 510 1049 fugiunt
526 1013 538 1040 ;
570 993 750 1037 alterum,
780 999 937 1045 propter
970 989 1198 1028 vastitatem.
1241 987 1415 1039 Syllanus
1449 999 1551 1038 ager,
1582 984 1749 1023 arcertis

350 1062 581 1101 hominibus
615 1058 795 1098 latiffime
827 1057 1092 1100 continuatus,
1133 1063 1280 1093 tantam
1313 1052 1430 1092 habet
1463 1051 1666 1096 invidiam,
1708 1057 1752 1088 ut

351 1130 432 1168 veri
451 1142 494 1168 ac
514 1127 626 1167 fortis
650 1124 799 1164 tribuni
818 1123 941 1177 plebis
963 1122 1164 1161 stridorem
1183 1134 1307 1159 unum
1328 1119 1491 1174 perferre
1511 1132 1589 1157 non
1609 1117 1721 1171 poffit
1739 1131 1750 1156 ε

352 1195 419 1235 hic
449 1208 537 1248 ager
566 1192 709 1237 omnis,
741 1203 901 1243 quoquo
933 1189 1057 1243 pretio
1089 1195 1293 1241 coemptus
1324 1187 1410 1230 erit,
1441 1195 1570 1224 tamen
1601 1185 1752 1237 ingenti

351 1261 514 1316 pecunia
550 1259 659 1298 vobis
699 1258 920 1296 inducetur.
976 1255 1158 1294 Alterum
1196 1266 1317 1307 genus
1356 1265 1551 1305 agrorum,
1600 1259 1754 1303 propter

353 1328 594 1368 sterilitatem
629 1325 843 1370 incultum,
876 1331 1031 1377 propter
1063 1321 1320 1376 pestilentiam
1354 1320 1503 1358 vastum
1536 1328 1651 1371 atque
1684 1317 1753 1355 de-

354 1395 514 1441 sertum,
544 1401 695 1432 emetur
714 1392 761 1430 ab
783 1391 844 1436 iis,
876 1390 944 1443 qui
964 1403 1027 1428 eos
1047 1388 1181 1427 vident
1200 1387 1270 1426 fibi
1296 1386 1380 1432 effe,
1411 1387 1438 1425 fi
1465 1399 1542 1424 non
1570 1383 1755 1422 vendide-

356 1464 449 1508 rint,
479 1460 767 1514 relinquendos.
799 1459 853 1496 Et
873 1457 1062 1496 nimirum
1083 1454 1183 1494 istud
1200 1454 1266 1500 est,
1298 1454 1403 1507 quod
1429 1453 1475 1492 ab
1501 1452 1577 1491 hoc
1599 1452 1757 1491 tsibuno

357 1529 484 1582 plebis
513 1528 664 1566 dietum
695 1525 748 1563 est
774 1526 814 1563 in
843 1523 1000 1562 senatu:
1033 1521 1219 1559 urbanam
1245 1520 1400 1573 plebem
1429 1519 1600 1558 nimium
1626 1518 1668 1556 in
1695 1530 1756 1556 re-

359 1594 519 1649 publica
538 1591 641 1646 poffe
658 1607 667 1630 ε
689 1588 966 1631 exhauriendam
984 1587 1069 1642 cff’:
1090 1587 1166 1626 hoc
1187 1587 1294 1625 enim
1314 1587 1431 1625 verbo
1451 1585 1503 1624 est
1523 1585 1610 1624 usus
1618 1603 1630 1630 ς
1653 1584 1757 1637 quasi

359 1660 408 1699 de
420 1660 548 1711 aliqua
560 1658 719 1702 sentina,
737 1669 779 1694 ac
793 1669 871 1694 non
885 1655 931 1693 de
943 1655 1186 1707 optimorum
1199 1652 1345 1690 civium
1357 1664 1509 1704 genere,
1523 1650 1758 1703 loqueretur.

415 1725 589 1765 XXVII.
622 1724 704 1763 Vos
738 1736 841 1768 vero,
882 1721 1071 1773 Qirites,
1106 1719 1133 1758 fi
1167 1732 1231 1758 me
1264 1718 1394 1757 audire
1426 1718 1560 1763 vultis,
1599 1717 1760 1754 retinete

360 1793 471 1832 istam
509 1788 772 1845 poffeffionem
808 1788 952 1842 gratiae,
989 1787 1192 1831 libertatis,
1228 1784 1511 1838 suffragiorum,
1543 1783 1758 1836 dignitatiS,

361 1860 482 1905 urbis,
500 1858 590 1904 fori,
608 1857 806 1901 ludorum,
823 1854 1007 1894 festorum
1023 1854 1188 1899 dierum,
1206 1862 1433 1891 caeterorum
1449 1851 1629 1890 omnium
1646 1863 1760 1888 com-

362 1926 597 1966 modorum:
629 1924 698 1962 nifi
719 1922 818 1962 forte
839 1921 1036 1966 mavultis,
1058 1920 1198 1958 relictis
1218 1919 1279 1958 his
1300 1919 1427 1964 rebus,
1447 1927 1563 1971 atque
1582 1916 1654 1955 hac
1675 1917 1762 1954 luce

365 1991 603 2045 reipublicae,
634 1990 675 2028 in
696 1989 899 2043 Sipontina
917 1987 1099 2032 ficcitate,
1130 1995 1195 2024 aut
1215 1986 1256 2024 in
1283 1985 1550 2039 Salapinorum
1579 1982 1762 2037 pestilen-

364 2058 430 2098 tiae
459 2057 618 2103 finibus,
651 2055 774 2097 Rullo
792 2056 904 2100 duce,
936 2053 1132 2092 collocari.
1165 2054 1219 2092 At
1251 2052 1367 2098 dicat,
1398 2065 1494 2105 quos
1520 2064 1629 2104 agros
1650 2063 1762 2102 emp-

365 2134 476 2163 turus
492 2124 556 2163 sit:
587 2123 759 2163 ostendat
777 2131 816 2160 et
835 2121 945 2174 quid,
973 2130 1011 2159 et
1027 2120 1186 2174 quibus,
1207 2118 1362 2158 daturus
1384 2119 1442 2158 fit.
1474 2120 1533 2157 Ut
1547 2130 1649 2162 ver0‚
1672 2128 1764 2154 cum

367 2202 503 2229 omnes
534 2191 661 2235 urbes,
692 2202 816 2243 agros,
847 2188 1059 2240 vectigalia,
1090 2200 1206 2240 regna
1234 2186 1463 2230 vendiderit,
1496 2194 1581 2223 tum
1613 2194 1765 2221 arenam

370 2256 554 2308 aliquam,
574 2265 639 2293 aut
659 2256 829 2309 paludes,
851 2263 956 2293 emat
964 2271 976 2299 ς
1008 2253 1047 2291 id
1069 2266 1133 2291 vos
1154 2252 1323 2305 potestis,
1354 2251 1494 2304 quaeso,
1527 2247 1763 2287 concedere?

371 2323 609 2373 Qanquam
625 2322 724 2360 illud
735 2322 788 2360 est
799 2322 1016 2375 egregium,
1034 2319 1139 2372 quod
1155 2318 1226 2357 hac
1243 2319 1327 2372 lege
1341 2327 1428 2356 ante
1439 2317 1572 2355 omnia
1585 2322 1764 2358 veneunt,

372 2397 460 2426 ante
480 2388 652 2440 pecuniae
669 2397 865 2440 coguntur
883 2396 923 2425 et
937 2394 1220 2431 coacervantur,
1243 2398 1361 2438 quam
1382 2383 1493 2436 gleba
1515 2393 1588 2419 una
1602 2389 1765 2418 ematur.

375 2453 530 2493 Deinde
549 2453 628 2492 emi
643 2453 757 2505 jubet
774 2467 783 2491 z
815 2451 863 2491 ab
882 2453 1006 2491 invito
1026 2461 1141 2491 vetat.

1375 2514 1466 2554 Ra
