2212 2835
632 190 711 229 IN
769 190 818 230 L.
872 190 1336 230 CATILINAM.
1387 204 1392 210 ·
1623 192 1696 242 189

303 288 435 342 imago
454 289 512 327 avi
531 290 602 333 tui,
634 289 827 328 clariffimi
846 290 931 335 viri,
953 290 1021 342 qui
1042 291 1184 329 amavit
1205 291 1319 329 unice
1339 291 1516 343 patriam,
1539 300 1577 329 et
1596 290 1697 344 clxx-es

304 356 388 394 suos
398 375 410 401 ς
430 371 515 409 quae
532 357 690 409 quidem
712 366 748 395 te
769 370 789 394 a
809 366 915 395 tanto
935 356 1071 395 scelere
1091 358 1207 395 etiam
1224 367 1333 396 muta
1352 371 1526 397 revocare
1545 358 1695 396 debuit.

306 423 511 475 Leguntur
539 423 672 460 eadem
699 422 844 460 ratione
871 423 916 459 ad
937 422 1111 460 senatum
1138 423 1401 475 Allobrogum
1429 425 1698 476 populumque

304 488 441 526 literae:
465 488 491 526 fi
513 487 608 539 quid
628 487 674 525 de
693 486 755 525 his
776 487 887 525 rebus
908 487 1034 526 dicere
1054 487 1182 531 vellet,
1204 486 1280 525 feci
1300 489 1540 541 potestatem.
1565 492 1698 541 Atque

302 554 371 591 ille
402 554 531 606 primo
566 553 727 606 quidem
761 554 941 607 negavit:
978 553 1062 607 post
1096 563 1226 592 autem
1261 555 1473 607 aliquanto,
1506 565 1587 594 toto
1616 557 1699 608 jam

303 620 449 658 indicio
479 621 650 674 expofito
676 630 791 673 atque
817 621 935 666 edito,
967 620 1153 659 surrexit:
1186 621 1358 674 quaefivit
1386 636 1405 660 a
1432 623 1571 667 Gallis,
1603 623 1697 675 quid

301 686 371 725 fibi
391 686 479 725 effet
498 700 599 743 cum‘
611 688 682 732 iis3
706 687 960 740 quamobrem
982 687 1146 726 domum
1167 688 1272 726 suam
1294 688 1500 727 venissent:
1524 690 1698 740 itemque

239 800 243 805 .
305 767 325 791 a
345 753 565 792 Vulturcio.
599 755 682 806 Qi
710 768 802 792 cum
831 754 890 792 illi
915 754 1079 792 breviter
1099 754 1391 808 constanterque
1411 755 1696 808 respondiffent,

304 833 371 873 per
389 833 508 872 quem
534 821 580 858 ad
605 834 711 865 eum,
742 820 982 873 quotiesque,
1014 820 1226 866 veniffent3
1260 820 1547 873 quaefiffentque
1570 822 1617 859 ab
1639 835 1697 866 eo,

304 884 456 923 nihilne
483 886 612 924 secum
639 885 728 924 effet
755 886 801 924 de
821 885 908 925 fatis
930 886 1126 938 Sibyllinis
1149 886 1302 925 locutus
1322 902 1330 925 :
1363 896 1449 925 tum
1472 887 1536 924 ille
1557 887 1697 932 subito,

306 951 444 989 scelere
473 951 646 997 demens,
678 961 820 1004 quanta
854 953 1094 991 conscientiae
1128 953 1184 991 vis
1220 953 1323 998 effer,
1359 953 1552 992 ostendit:
1590 967 1697 998 nam,

306 1031 400 1055 cum
420 1017 460 1055 id
478 1018 596 1071 poffet
615 1018 786 1063 infitiari,
818 1028 971 1073 repente
991 1028 1126 1071 praeter
1152 1019 1376 1071 opinionem
1400 1021 1581 1058 omnium
1601 1033 1698 1057 con-

306 1083 418 1123 feffus
438 1085 504 1123 est.
536 1086 595 1123 Ita
613 1099 704 1123 eum
724 1098 801 1123 non
821 1070 939 1123 mocio
958 1086 1158 1138 ingenium
1179 1086 1291 1130 illud,
1319 1095 1356 1123 et
1377 1086 1529 1124 dicendi
1551 1086 1699 1123 exerci-

308 1151 416 1196 tatio,
447 1165 523 1203 qua
547 1150 693 1203 semper
720 1150 853 1195 valuit,
885 1150 946 1188 sed
967 1151 1098 1195 etiam,
1129 1159 1285 1203 propter
1303 1151 1383 1189 vim
1404 1151 1549 1190 sceleris
1571 1152 1699 1190 mani-

307 1216 392 1255 festi
418 1226 531 1270 atque
557 1215 793 1270 deprehensi,
824 1216 1079 1269 impudentia,
1111 1230 1186 1269 qua
1212 1216 1409 1269 superabat
1438 1231 1587 1264 omnes,
1619 1219 1700 1256 im-

308 1283 566 1336 probitasque,
597 1283 752 1323 defecit.

361 1349 590 1389 Vulturcius
625 1364 714 1389 vero
747 1350 874 1389 subito
908 1349 1070 1403 proferri
1104 1350 1230 1388 literas
1264 1360 1379 1404 atque
1411 1351 1547 1404 aperiri
1577 1351 1700 1403 juffit,

307 1429 399 1468 quas
425 1417 495 1455 fibi
521 1430 542 1454 a
568 1418 737 1455 Lentulo
763 1417 808 1455 ad
837 1418 1048 1456 Catilinam
1075 1418 1178 1456 datas
1205 1417 1275 1456 effe
1296 1418 1460 1457 dicebat.
1493 1420 1625 1471 Atque
1646 1418 1702 1456 ibi

303 1481 634 1521 vehementissime
664 1484 908 1536 perturbatus
940 1483 1145 1529 Lentulus,
1177 1493 1306 1522 tamen
1337 1494 1376 1522 et
1406 1484 1556 1537 signum
1588 1485 1702 1523 suum

304 1556 343 1585 et
362 1561 524 1586 manum
543 1549 740 1600 cognovit.
772 1549 894 1586 Erant
913 1558 1042 1586 autem
1068 1549 1215 1601 scriptae
1238 1549 1315 1587 sine
1334 1551 1506 1596 nomine,
1537 1551 1599 1589 sed
1618 1552 1672 1588 ita
1690 1565 1699 1588 ε

307 1613 383 1664 Qi
394 1614 480 1665 sim,
511 1628 553 1652 ex
582 1629 631 1660 eo,
662 1629 761 1667 quem
787 1614 839 1653 ad
864 1624 899 1653 te
924 1615 1010 1666 mss,
1049 1617 1236 1668 cogmffces.
1276 1617 1392 1660 Cura,
1424 1626 1466 1654 ut
1493 1616 1556 1655 vir
1566 1619 1635 1668 sis,
1666 1627 1703 1655 et

306 1679 437 1731 cegita,
469 1694 568 1732 quem
594 1681 630 1718 in
656 1681 766 1719 locum
778 1681 833 1734 sis
850 1680 1054 1734 progreffes
1071 1697 1084 1719 .·
1115 1690 1149 1719 et
1175 1680 1269 1726 vide,
1301 1681 1388 1735 quid
1390 1682 1471 1734 jam
1492 1683 1619 1733 tibistt
1637 1697 1700 1721 ne·-

306 1744 397 1798 cg’ffi’.
435 1746 557 1790 Cura,
592 1755 636 1784 ut
668 1747 819 1784 omnium
853 1747 923 1785 tibi
952 1748 1088 1786 auxilia
1121 1747 1315 1801 affungass
1346 1749 1452 1787 etiam
1486 1748 1522 1785 in
1544 1749 1699 1787 beorum.

307 1810 500 1849 Gabinius
521 1811 658 1849 deinde
678 1812 933 1858 introductus,
955 1826 1048 1851 cum
1070 1813 1197 1865 primo
1214 1814 1459 1866 impudenter
1477 1814 1702 1867 respondere

305 1876 489 1929 coepiffet,
525 1877 571 1915 ad
601 1886 822 1916 extremum
855 1878 954 1917 nihil
985 1893 1033 1917 ex
1063 1879 1124 1924 iis,
1160 1894 1245 1932 quae
1277 1880 1383 1918 Galli
1414 1881 1700 1926 insimulabant,

306 1943 470 1995 negavit.
508 1945 568 1982 Ac
599 1943 700 1982 mihi
731 1945 906 1997 quidem,
944 1946 1132 1997 Qirites,
1164 1960 1256 1984 cum
1286 1947 1352 1984 illa
1383 1947 1586 1985 certiffirna
1616 1947 1703 1985 sunt

306 2008 380 2045 visa
414 2018 639 2062 argumenta
670 2019 785 2063 atque
819 2011 961 2048 indicia
991 2010 1155 2056 sceleris,
1192 2012 1353 2057 tabellae,
1392 2013 1507 2065 signa,
1548 2026 1701 2056 manus,

308 2073 475 2126 denique
495 2075 792 2128 uniuscujusque
812 2075 1019 2121 confeffi03
1044 2086 1128 2115 tum
1151 2078 1278 2116 multo
1299 2078 1365 2116 illa
1385 2079 1559 2123 certiora,
1580 2078 1701 2122 color,

309 2139 427 2185 oculi,
457 2140 601 2186 vultus,
637 2142 890 2180 taciturnitas.
928 2143 988 2180 Sic
1018 2143 1124 2180 enim
1159 2142 1447 2196 obstupuerant,
1484 2144 1532 2181 fic
1564 2153 1703 2181 terram

308 2205 571 2251 intuebantur,
591 2206 640 2245 fic
660 2205 800 2245 furtim
820 2221 1101 2259 nonnunquam
1122 2209 1220 2245 inter
1240 2208 1274 2245 se
1294 2209 1539 2261 aspiciebant,
1562 2218 1603 2246 ut
1626 2221 1702 2245 non

304 2271 387 2321 jam
408 2270 454 2308 ab
474 2271 555 2308 aliis
576 2272 749 2317 indicari,
781 2273 842 2311 sed
861 2273 1030 2311 indicare
1051 2273 1084 2310 se
1109 2274 1190 2325 ip1i‚
1221 2274 1453 2312 viderentur.

366 2337 437 2374 VI.
470 2337 629 2375 Iudiciis
660 2339 837 2391 expositis
868 2350 981 2392 atque
1015 2340 1140 2385 editis,
1178 2341 1365 2392 Qirites‚
1403 2340 1574 2377 senatum
1605 2352 1700 2378 con-

309 2402 422 2447 sului,
454 2403 500 2440 de
530 2402 680 2441 summa
709 2405 928 2456 reipublicae
959 2406 1053 2457 quid
1086 2406 1166 2443 fieri
1198 2407 1377 2457 placeret.
1412 2406 1535 2442 Dictae
1566 2405 1651 2442 sunt
1682 2418 1701 2441 a

308 2469 548 2522 principibus
576 2469 767 2508 acerrimae
793 2483 834 2508 ac
861 2470 1071 2509 fortiffimae
1099 2472 1304 2515 sententiae,
1337 2484 1430 2523 quas
1458 2470 1603 2509 senatus
1626 2470 1703 2508 fine
