2212 2835
994 152 1226 207 [144]

1057 349 1165 385 DE

560 542 901 603 LEGE
1024 537 1669 601 AGRARIA

882 785 962 811 AD
1024 782 1345 810 POPULUM

803 976 841 1013 O
881 975 919 1012 R
958 974 1071 1012 AT
1110 974 1129 1011 I
1169 974 1206 1011 O
1291 974 1423 1012 XVII.

425 1183 457 1219 Ι.
587 1178 624 1216 O
639 1177 688 1216 M
701 1177 750 1216 M
765 1177 801 1214 O
816 1176 855 1214 D
870 1176 887 1214 I
901 1176 939 1213 U
954 1175 976 1213 S
1008 1173 1179 1212 fecissent
1205 1173 1352 1212 tribuni
1377 1173 1516 1226 plebis,
1548 1173 1735 1226 QiriteS,
1767 1171 1808 1216 fi,

602 1257 689 1296 quae
720 1242 821 1295 apud
850 1254 917 1280 vos
948 1241 995 1278 de
1026 1254 1089 1278 me
1119 1239 1309 1286 deferunt,
1341 1253 1383 1278 ea
1412 1253 1542 1278 coram
1573 1239 1716 1291 potius,
1747 1250 1811 1275 me

426 1309 620 1362 praesente,
651 1307 855 1347 dixiffent:
888 1320 977 1345 nam
997 1315 1035 1344 et
1054 1307 1273 1358 aequitatem
1293 1306 1420 1343 vestrae
1447 1304 1744 1357 disceptationis,
1775 1311 1813 1340 et

426 1375 746 1416 consuetudinem
776 1374 1026 1427 superiorum,
1057 1381 1095 1410 et
1119 1374 1183 1424 jus
1215 1372 1288 1410 suae
1317 1371 1526 1424 potestatis,
1557 1369 1809 1409 retinuiffent.

427 1441 512 1486 Sed,
527 1441 710 1493 quoniam
723 1439 849 1478 adhuc
865 1439 1022 1492 praesens
1035 1447 1226 1477 certamen
1238 1438 1602 1489 contentionemque
1614 1436 1812 1490 fugerunt,

422 1521 540 1552 nunc,
573 1507 598 1544 fi
633 1506 783 1544 videtur
816 1505 883 1549 eis,
918 1505 959 1542 in
992 1517 1120 1542 meam
1153 1504 1383 1542 concionem
1416 1503 1615 1555 prodeant,
1649 1510 1701 1545 et,
1736 1512 1814 1552 quo

427 1572 623 1626 provocati
642 1585 662 1608 a
683 1585 744 1609 me
764 1571 892 1609 venire
913 1570 1132 1614 noluerunt,
1164 1570 1328 1607 revocati
1348 1568 1480 1606 saltem
1501 1575 1748 1606 revertantur.

484 1637 608 1676 Video
629 1637 828 1689 quosdam,
860 1636 1047 1687 Qirites,
1078 1635 1235 1688 strepitu
1261 1629 1470 1687 significare
1490 1633 1617 1672 nescio
1638 1631 1747 1685 quid,
1778 1640 1816 1669 et

431 1718 507 1742 non
527 1703 677 1742 eosdem
695 1703 839 1747 vultus,
870 1714 966 1753 quos
986 1701 1164 1753 proxima
1183 1713 1267 1737 mea
1286 1701 1470 1738 concione
1489 1699 1747 1751 praebuerunt,
1774 1697 1815 1735 in

429 1769 528 1807 hanc
549 1769 776 1806 concionem
796 1765 896 1804 mihi
917 1764 1093 1803 retulisse.
1127 1766 1255 1815 Qare
1283 1778 1303 1802 a
1325 1764 1447 1807 vobis,
1479 1763 1545 1814 qui
1568 1762 1666 1800 nihil
1687 1763 1733 1799 de
1754 1775 1816 1800 me

429 1833 653 1877 credidistis,
685 1841 727 1870 ut
747 1845 830 1869 eam
850 1831 1101 1875 voluntatem,
1127 1843 1243 1881 quam
1263 1828 1407 1881 semper
1427 1827 1609 1865 habuistis
1630 1840 1718 1879 erga
1738 1840 1815 1871 me,

432 1899 637 1942 retineatis,
674 1906 791 1950 peto:
827 1910 847 1934 a
878 1897 984 1934 vobis
1016 1905 1160 1940 autem,
1195 1907 1290 1946 quos
1321 1894 1454 1931 leviter
1487 1894 1712 1931 immutatos
1746 1892 1817 1930 effe

432 1963 565 2007 sentio,
597 1975 752 2015 parvam
780 1962 910 2014 exigui
938 1961 1121 2013 temporis
1150 1959 1300 1997 usuram
1328 1960 1436 1996 bonae
1464 1958 1509 1996 de
1538 1972 1599 1996 me
1624 1957 1818 2010 opinionis

433 2029 598 2082 postulo,
622 2037 664 2066 ut
684 2041 781 2072 eam,
803 2028 829 2065 fi
850 2042 934 2080 quae
954 2028 1099 2070 dixero,
1121 2025 1227 2063 vobis
1248 2025 1430 2077 probabo,
1453 2035 1635 2077 perpetuo
1657 2023 1817 2061 retinea-

433 2096 511 2141 tis,
544 2095 598 2133 sm
618 2094 738 2139 aliter,
769 2093 843 2132 hoc
863 2094 943 2147 ipso
963 2093 1003 2131 in
1025 2093 1111 2131 loco
1131 2092 1339 2144 depositam
1360 2100 1474 2143 atque
1495 2091 1679 2143 abjectam
1701 2090 1818 2128 relin-

434 2161 575 2214 quatis.

491 2225 691 2279 Completi
712 2225 797 2262 sunt
821 2223 955 2268 animi,
986 2223 1164 2275 auresque
1191 2223 1330 2267 vestrae,
1363 2222 1551 2273 Qirites,
1583 2234 1645 2259 me
1673 2219 1818 2273 gratifi-

435 2302 586 2331 cantem
619 2292 762 2344 septem
793 2290 975 2342 tyrannis‚
1011 2289 1229 2341 caeterisque
1261 2289 1497 2340 Syllanarum
1529 2287 1820 2339 affignationum

436 2358 711 2411 possessoribus,
742 2356 910 2408 Agrariae
937 2355 1012 2408 legi
1040 2364 1077 2394 et
1103 2355 1321 2393 commodis
1351 2355 1478 2392 vestris
1505 2353 1690 2392 obfistere.
1722 2352 1820 2389 Haec

438 2424 465 2462 s1
493 2425 560 2476 qui
588 2423 844 2468 crediderunt,
874 2421 972 2460 illud
997 2422 1104 2475 prius
1130 2421 1359 2460 crediderint
1386 2420 1527 2458 neceffe
1553 2418 1618 2464 est,
1648 2416 1719 2455 hac
1738 2417 1820 2469 lege
