2212 2835
460 176 535 228 366
952 170 1356 210 ORATIO

457 271 595 308 amiffis
618 270 727 308 sacris
745 268 924 320 paternis,
956 267 996 305 in
1017 266 1099 305 haec
1126 267 1304 320 adoptiva
1323 265 1471 305 venisti.
1518 266 1588 311 Ita,
1620 266 1849 318 perturbatis

457 339 581 383 sacris,
612 337 883 375 contaminatis
903 336 1099 388 gentibuS,
1130 344 1169 372 et
1189 348 1308 387 quam
1330 333 1535 378 deseruisti,
1564 342 1602 371 et
1623 346 1740 385 quam
1763 333 1849 386 pol-

457 403 583 448 luisti,
609 404 697 455 jure
730 402 950 453 Qiritium
977 401 1156 453 legitimo
1182 401 1391 439 tutelarum
1426 409 1463 438 et
1497 398 1755 438 hereditatum
1790 412 1851 436 re-

456 470 562 514 licto,
594 469 716 507 factus
736 482 774 507 es
795 469 876 521 ejus
898 468 1001 507 filius
1022 476 1156 506 contra
1174 467 1245 513 fas,
1268 469 1378 520 cujus
1398 481 1465 520 per
1485 475 1636 505 aetatem
1656 474 1763 519 pater
1781 464 1852 503 esse

456 536 628 589 potuisti.

512 603 624 641 XIV.
657 602 761 640 Dico
781 602 881 655 apud
901 601 1118 655 pontifices.
1158 600 1275 654 Nego
1306 601 1415 639 istam
1441 601 1691 654 adoptionem
1718 599 1851 652 ponti—

457 668 547 707 ficio
567 669 653 720 jure
680 667 751 705 esse
777 667 941 705 saetam:
974 668 1164 720 primum,
1196 667 1301 718 quod
1321 665 1380 704 hae
1400 666 1525 704 vestrae
1545 666 1618 704 fint
1638 674 1778 710 aetate5‚
1809 673 1853 702 ut

456 736 503 778 is,
535 735 603 786 qui
625 743 661 771 te
681 733 888 785 adoptavit,
918 732 979 769 vel
1011 732 1084 769 filii
1116 732 1188 769 tibi
1213 732 1300 770 loco
1319 745 1386 784 per
1406 741 1557 770 aetatem
1577 731 1648 770 effe
1668 731 1851 784 potuerit,

457 800 517 837 vel
538 813 582 836 eo
603 812 681 850 quo
701 797 800 836 fuit:
828 797 979 842 deinde,
1011 796 1117 849 quod
1136 797 1244 835 causa
1269 797 1389 849 quaeri
1417 797 1532 835 soleat
1562 797 1781 849 adoptandi,
1811 806 1855 835 ut

458 875 496 903 et
516 866 546 903 is
568 865 736 917 adoptet,
768 865 851 916 qui,
883 863 989 917 quod
1009 872 1143 902 natura
1156 863 1240 916 jam
1259 862 1401 915 affequi
1420 876 1498 901 non
1524 862 1659 915 potest,
1690 872 1728 901 et
1755 863 1854 915 legi—

457 932 557 969 timo
587 940 625 967 et
657 930 858 983 pontificio
883 931 971 982 jure
1001 938 1170 982 quaerat3
1201 938 1239 967 et
1263 929 1316 967 ita
1341 929 1512 982 adoptet,
1544 937 1588 967 ut
1606 942 1655 966 ne
1675 928 1771 981 quid
1791 937 1856 966 aut

458 998 505 1035 de
539 996 726 1049 dignitate
759 1009 962 1049 generum,
992 1005 1058 1034 aut
1092 995 1139 1033 de
1171 995 1366 1033 sacrorum
1395 995 1595 1048 religione,
1631 995 1855 1034 minuatur:

459 1063 558 1102 illud
578 1064 617 1101 in
638 1063 790 1116 primis,
822 1077 869 1101 ne
890 1077 966 1116 qua
984 1062 1192 1108 calumnia,
1225 1075 1272 1100 ne
1292 1075 1368 1114 qua
1392 1061 1509 1107 fraus,
1540 1075 1589 1100 ne
1616 1062 1702 1115 quis
1731 1061 1857 1106 dolus,

459 1129 685 1168 adhibeatur
698 1148 709 1175 ς
743 1138 786 1167 ut
805 1128 887 1168 haec
908 1129 1084 1167 simulata
1110 1129 1267 1181 adoptio
1286 1128 1358 1167 filii
1381 1142 1500 1181 quam
1527 1129 1699 1167 maxime
1719 1128 1856 1167 verita-

459 1205 540 1234 tem
561 1195 669 1233 illam
690 1193 1019 1247 suscipiendorum
1038 1195 1251 1233 liberorum
1272 1195 1423 1232 imitata
1442 1193 1514 1232 effe
1532 1194 1719 1233 videatur.

516 1264 616 1314 Qae
646 1261 768 1313 major
798 1261 993 1300 calumnia
1015 1261 1081 1306 est,
1113 1275 1233 1314 quam
1251 1262 1380 1299 venire
1400 1261 1616 1300 imberbem
1638 1260 1857 1300 adolescen-

461 1329 605 1373 tulum,
638 1328 734 1366 bene
765 1327 979 1372 valentem,
1009 1341 1052 1366 ac
1085 1328 1284 1372 maritum,
1315 1327 1455 1372 dicere,
1485 1327 1612 1366 filium
1646 1328 1859 1366 senatorem

460 1394 595 1448 populi
618 1395 787 1433 Romani
806 1394 876 1432 fibi
897 1394 994 1432 velle
1014 1394 1217 1447 adoptare3
1245 1394 1286 1432 id
1305 1402 1434 1432 autem
1454 1393 1548 1432 scire
1568 1403 1606 1432 et
1621 1394 1749 1432 videre
1767 1407 1856 1432 om-

462 1475 541 1506 nes,
574 1475 650 1498 non
680 1470 724 1498 ut
752 1461 818 1498 ille
844 1460 947 1498 filius
979 1459 1213 1504 instituatur,
1244 1459 1307 1498 sed
1339 1469 1381 1498 ut
1413 1474 1434 1498 e
1463 1460 1632 1513 patriciis
1665 1468 1789 1506 exeat,
1819 1468 1858 1498 et

462 1527 641 1565 tribunus
662 1526 785 1579 plebis
804 1526 885 1564 fieri
906 1526 1030 1579 poffit,
1054 1526 1201 1564 idcirco
1221 1526 1392 1579 adoptari
1409 1526 1423 1563 ?
1454 1527 1599 1579 Neque
1618 1526 1659 1565 id
1678 1526 1857 1565 obscure:

464 1607 552 1644 nam
574 1593 800 1646 adoptatum
820 1593 1055 1646 emancipari
1075 1593 1218 1638 statim,
1249 1606 1297 1630 ne
1321 1592 1367 1631 fit
1393 1593 1474 1645 ejus
1495 1592 1613 1639 filius,
1644 1594 1713 1646 qui
1739 1593 1860 1646 adop-

464 1656 565 1693 tarit.
599 1656 681 1693 Cur
700 1669 790 1708 ergo
811 1655 1041 1708 adoptatur?
1074 1655 1237 1693 Probate
1257 1667 1377 1707 genus
1399 1655 1640 1707 adoptionis:
1665 1656 1750 1707 jam
1770 1668 1859 1694 om-

463 1721 574 1758 nium
595 1720 695 1759 sacra
714 1722 943 1766 interierint,
975 1733 1144 1773 quorum
1174 1720 1346 1758 custodes
1374 1734 1440 1758 vos
1471 1721 1543 1759 effe
1571 1721 1745 1765 debetis;
1775 1722 1860 1772 jam

464 1787 646 1838 patricius
675 1800 791 1825 nemo
821 1787 1074 1838 relinquetur.
1126 1786 1208 1823 Cur
1237 1786 1342 1823 enim
1372 1785 1577 1837 quisquam
1598 1786 1713 1824 vellet
1733 1786 1859 1824 tribu-

464 1866 560 1890 num
581 1852 703 1904 plebis
724 1851 759 1890 se
778 1852 860 1889 fieri
881 1865 959 1889 non
979 1851 1119 1889 licere?
1151 1851 1408 1904 angustiorem
1434 1851 1503 1889 fibi
1534 1852 1605 1891 effe
1630 1852 1861 1905 petitionem

466 1917 713 1956 consulatus?
745 1918 785 1956 in
807 1917 1058 1956 sacerdotium
1078 1932 1170 1957 cum
1193 1917 1304 1970 poffit
1324 1919 1464 1963 venire,
1493 1920 1582 1971 quia
1603 1919 1762 1971 patricio
1782 1932 1860 1958 non

467 1985 512 2022 s1t
541 1985 573 2023 is
605 1984 728 2028 locus,
760 1998 837 2023 non
869 1985 1028 2023 venire?
1072 1986 1129 2024 Ut
1158 1985 1299 2036 cuique
1329 1986 1476 2037 aliquid
1509 1987 1710 2030 acciderit,
1746 1999 1862 2038 quare

467 2051 713 2089 commodius
735 2051 779 2088 fit
798 2050 868 2088 effe
888 2051 1098 2103 plebeium,
1131 2051 1245 2089 fimili
1267 2052 1412 2090 ratione
1432 2052 1689 2104 adoptabitur.

523 2117 581 2154 Ita
611 2117 777 2170 populus
800 2118 1001 2155 Romanus
1034 2117 1138 2155 brevi
1166 2126 1338 2170 tempore
1358 2132 1484 2170 neque
1504 2132 1632 2172 regem
1654 2119 1861 2164 sacrorum,

468 2197 594 2236 neque
615 2183 801 2228 flamines,
835 2198 904 2222 nec
933 2183 1055 2229 salios,
1088 2183 1261 2230 habebit,
1293 2199 1363 2223 nec
1391 2199 1437 2223 ex
1465 2195 1570 2238 parte
1590 2186 1751 2224 dimidia
1770 2185 1860 2224 reli-

469 2263 565 2302 quos
598 2249 826 2295 sacerdotes,
859 2264 983 2302 neque
1017 2252 1186 2289 auctores
1220 2252 1523 2290 centuriatorum
1559 2262 1597 2290 et
1627 2252 1863 2290 curiatorum

470 2316 744 2354 comitiorum:
778 2316 1019 2369 auspiciaque
1042 2317 1175 2370 populi
1199 2318 1384 2362 Romani,
1407 2318 1431 2356 fi
1453 2319 1691 2372 magistratus
1712 2319 1863 2372 patricii

471 2383 585 2420 creati
617 2397 693 2420 uon
715 2382 798 2427 sint,
835 2383 1021 2421 intereant
1050 2382 1193 2421 necesse
1225 2384 1290 2429 est,
1321 2398 1412 2423 cum
1445 2385 1610 2424 interrex
1643 2385 1772 2423 nullus
1803 2385 1861 2428 fit,

473 2448 576 2499 quod
597 2457 633 2485 et
655 2448 781 2501 ipsum
808 2449 1015 2501 patricium
1044 2448 1128 2495 effe,
1160 2459 1198 2488 et
1228 2463 1248 2488 a
1277 2451 1440 2504 patricio
1465 2451 1590 2505 prodi,
1621 2450 1764 2490 neceffe
1794 2449 1859 2487 est.
