2212 2835
647 184 786 223 PRO
846 184 894 223 L.
955 183 1298 224 MURENA.
1611 198 1690 239 21,-

293 283 364 323 effe
383 283 563 322 dicturos.
587 283 748 322 Etenim
769 282 870 321 mihi
889 283 958 336 ipfi
978 283 1135 328 accidit,
1155 292 1200 322 ut
1219 297 1311 322 cum
1332 283 1482 323 duobus
1504 285 1688 338 patriciis,

293 352 411 390 altero
430 351 713 405 improbiffimo
734 360 849 404 atque
868 351 1131 396 audaciffimo,
1147 351 1264 390 altero
1285 352 1559 392 modestiffimo
1575 362 1691 405 atque

293 419 444 471 optimo
464 418 558 462 viro,
589 426 759 470 peterem
778 432 786 455 :
807 416 977 469 superavi
998 425 1127 455 tamen
1147 417 1334 469 dignitate
1355 419 1580 465 Catilinam,
1602 433 1689 472 gra-

295 484 347 521 tia
367 482 549 522 Galbam.
582 482 702 532 Qod
721 481 747 519 fi
765 481 806 519 id
826 481 972 519 crimen
993 479 1148 519 homini
1169 495 1270 520 novo
1290 481 1361 520 effe
1381 483 1535 522 deberet
1552 503 1564 529 ς
1596 498 1689 537 pro-

294 534 517 588 festo'mihi
537 561 663 600 neque
682 547 849 592 inimici,
880 560 1006 600 neque
1025 547 1165 593 invidi,
1194 547 1411 588 defuiffent.

350 614 595 652 Omittamus
614 613 734 666 igitur
753 613 800 651 de
818 626 956 666 genere
976 613 1116 658 dicere,
1147 614 1257 666 cujus
1284 614 1338 653 est
1360 629 1500 668 magna
1519 616 1559 654 in
1581 625 1692 654 utro-

293 693 368 734 que
387 680 581 733 dignitas:
613 680 808 718 videamus
835 689 983 719 caetera.
1017 679 1258 733 Qaesturam
1288 695 1364 720 una
1388 683 1515 735 petiit,
1546 692 1585 721 et
1605 683 1692 721 sum

292 760 365 800 ego
384 745 506 785 factus
527 746 644 799 prior.
677 746 772 785 Non
791 745 844 785 est
863 746 1171 800 respondendum
1192 747 1237 786 ad
1258 749 1413 786 omnia:
1440 763 1564 802 neque
1584 749 1690 787 enim

248 813 253 818 “
294 827 535 867 quemquam
551 813 718 852 vestrum
739 812 856 866 fugit,
875 827 966 851 cum
989 813 1106 852 multi
1126 827 1232 867 pares
1253 815 1441 868 dignitate
1461 816 1568 861 fiant,
1591 829 1690 855 unus

293 890 425 919 autem
452 881 626 933 primum
653 880 752 919 solus
773 880 885 933 poffit
903 881 1078 919 obtinere
1094 900 1106 926 5
1139 895 1216 920 non
1237 883 1404 921 eundem
1425 883 1495 921 effe
1515 884 1692 922 ordinem

297 948 498 1001 dignitatis
521 956 559 985 et
585 947 876 986 renuntiationis
897 962 905 985 :
938 958 1139 1001 propterea
1164 950 1269 1001 quod
1296 951 1528 989 renuntiatio
1552 951 1692 1004 gradus

298 1013 450 1059 habeat,
481 1013 647 1066 dignitas
668 1023 798 1052 autem
817 1014 863 1052 fit
886 1014 1054 1068 persaepe
1074 1015 1207 1054 eadem
1235 1017 1430 1055 omnium.
1464 1018 1535 1056 Sed
1567 1017 1691 1070 quaes-

297 1090 381 1119 tura
406 1079 605 1133 utriusque
631 1080 915 1133 propemodum
941 1081 1022 1133 pari
1049 1091 1253 1120 momento
1279 1082 1386 1121 sortis
1415 1082 1505 1122 fuit.
1538 1084 1693 1122 Habuit

297 1146 363 1186 hic
390 1147 475 1200 lege
499 1147 608 1185 Titia
637 1147 876 1199 provinciam
902 1147 1059 1185 tacitam
1086 1156 1124 1185 et
1150 1149 1351 1200 quietam3
1387 1159 1430 1188 tu
1456 1151 1578 1196 illam,
1611 1151 1689 1196 cui,

296 1228 389 1253 cum
423 1213 622 1266 quaestores
657 1212 881 1258 sortiuntur,
920 1213 1037 1251 etiam
1071 1213 1273 1253 acclamari
1310 1215 1417 1261 solet,
1461 1217 1690 1263 Ostiensem,

296 1294 375 1319 non
395 1289 474 1318 tam
493 1278 695 1332 gratiosam
717 1288 755 1317 et
774 1279 977 1324 illustrem,
1009 1293 1127 1332 quam
1153 1281 1389 1333 negotiosam
1418 1292 1455 1320 et
1476 1283 1691 1322 molestam.

296 1346 480 1386 Consedit
497 1345 694 1399 utriusque
712 1359 856 1385 nomen
877 1347 918 1385 in
938 1346 1124 1399 quaestura
1142 1362 1151 1386 :
1183 1348 1338 1386 nullum
1359 1349 1466 1387 enim
1487 1349 1595 1388 vobis
1617 1349 1694 1389 sors

294 1427 478 1466 campum
499 1413 619 1459 dedit,
649 1414 690 1452 in
711 1427 790 1466 quo
809 1414 1008 1453 excurrere
1028 1415 1162 1460 virtus,
1193 1415 1464 1469 cognoscique,
1495 1417 1626 1470 poffet.

351 1480 423 1518 IX.
456 1479 616 1532 Reliqui
637 1480 821 1532 temporis
843 1479 1009 1532 spatium
1036 1480 1077 1517 in
1105 1483 1397 1521 contentionem
1425 1493 1594 1523 vocatur.
1627 1484 1694 1523 Ab

295 1554 459 1597 utroque
478 1545 731 1584 diffirnillima
751 1546 898 1583 ratione
916 1547 1119 1583 tractatum
1139 1547 1204 1585 est.
1232 1549 1381 1586 Servius
1402 1548 1468 1588 hic
1488 1550 1692 1589 nobiscum

296 1609 395 1649 hanc
426 1610 611 1649 urbanam
648 1611 832 1650 militiam
863 1611 1127 1664 respondendi,
1164 1613 1366 1659 scribendi,
1404 1618 1576 1662 cavendi,
1607 1619 1692 1670 ple-

297 1690 389 1715 nam
416 1675 687 1716 sollicitudinis
714 1691 757 1716 ae
785 1677 989 1724 stomachi,
1021 1678 1168 1717 secutus
1196 1679 1275 1719 est:
1302 1682 1366 1733 jus
1390 1683 1503 1721 civile
1523 1684 1690 1722 didicit:

297 1743 472 1782 multum
506 1744 706 1797 vigilavit:
743 1745 929 1783 laboravit
947 1760 956 1784 ς
992 1746 1128 1798 praesto
1161 1747 1298 1786 multis
1334 1747 1411 1787 fuit
1429 1764 1437 1788 :
1474 1750 1691 1790 multorum

294 1809 498 1849 stultitiam
517 1810 709 1864 perpessus
729 1811 805 1851 est:
837 1813 1092 1866 arrogantiam
1112 1815 1296 1867 pertulit:
1330 1816 1600 1856 difficultatem
1622 1832 1691 1857 ex-

294 1875 440 1915 sorbuit
459 1891 468 1915 :
500 1876 598 1915 vixit
617 1877 664 1915 ad
683 1876 849 1916 aliorum
868 1878 1088 1924 arbitrium,
1109 1888 1188 1918 non
1207 1881 1254 1918 ad
1274 1881 1400 1920 suum.
1429 1883 1575 1936 Magna
1595 1884 1690 1928 laus,

293 1949 333 1980 et
362 1951 466 1994 grata
495 1941 738 1990 hominibus,
770 1958 894 1983 unum
924 1944 1128 1984 hominem
1161 1946 1352 1986 elaborare
1383 1949 1423 1987 in
1455 1963 1497 1987 ea
1523 1949 1695 1996 scientia,

297 2019 382 2059 quae
402 2007 447 2045 fit
466 2008 600 2047 multis
621 2007 835 2062 profutura.

352 2072 461 2124 Qid
481 2074 649 2113 Murena
668 2076 840 2115 interea?
872 2078 1094 2117 Fortiffimo
1118 2087 1155 2118 et
1177 2079 1447 2133 sapientiffimo
1468 2082 1564 2127 viro,
1586 2081 1692 2120 sum-

299 2151 366 2176 mo
385 2138 621 2192 imperatori,
652 2141 797 2195 legatus
820 2143 871 2181 L,
891 2144 1061 2183 Lucullo
1080 2144 1182 2184 fuit:
1215 2160 1291 2198 qua
1309 2147 1349 2185 in
1372 2148 1560 2199 legatione
1581 2148 1693 2185 duxit

299 2205 541 2244 exercitum:
573 2207 676 2260 figna
705 2210 899 2248 contulit:
931 2224 1093 2250 manum
1125 2213 1343 2251 conseruit:
1376 2227 1531 2265 magnas
1565 2214 1692 2265 copias

300 2265 474 2308 hostium
490 2270 619 2310 fudit:
653 2274 763 2312 urbes
786 2276 926 2327 partim
947 2277 998 2321 vi,
1021 2277 1160 2329 partim
1181 2278 1389 2323 obsidione,
1413 2279 1538 2330 cepit:
1564 2279 1692 2316 Aliam

300 2335 410 2374 istam
445 2335 637 2383 refertam,
667 2348 705 2377 et
737 2340 901 2380 eandem
929 2341 1149 2388 delicatam,
1179 2344 1230 2381 fic
1260 2344 1372 2389 obiit,
1406 2354 1447 2380 ut
1479 2345 1517 2379 in
1549 2356 1590 2380 ea
1622 2356 1691 2380 ne-

300 2416 377 2455 que
403 2403 579 2448 avaritiae,
610 2417 734 2456 neque
760 2406 934 2453 luxuriae,
966 2409 1170 2462 vestigium
1196 2410 1418 2461 reliquerit:
1453 2410 1624 2446 maximo
1651 2410 1692 2447 in

301 2468 403 2508 bello
424 2469 472 2507 s1C
493 2469 545 2508 est
565 2470 740 2517 versatus,
763 2482 806 2510 ut
825 2471 890 2511 hic
913 2475 1053 2513 multas
1072 2488 1128 2513 res
1145 2486 1181 2529 et
1198 2489 1353 2528 magnas
1370 2475 1445 2513 sinc
1465 2476 1692 2528 imperatore
