2212 2835
512 151 592 202 446
1010 146 1412 185 ORATro

510 247 714 300 aliquando
734 244 894 298 aliquid,
925 244 951 282 s1
974 258 1051 282 non
1071 244 1324 297 perfacetum,
1355 254 1523 283 attamen
1548 244 1698 283 fort-affe
1725 258 1801 284 non
1821 246 1903 284 rus-

510 315 634 351 ticum
653 328 661 350 :
694 312 800 364 quod
821 310 982 363 quisque
1002 311 1101 348 dixit
1117 339 1128 355 ,
1160 324 1223 348 me
1243 311 1283 348 id
1303 311 1435 349 dixisse
1456 311 1605 350 dicunt.
1639 312 1725 363 Ego
1746 321 1871 349 autem
1890 340 1902 356 ,

509 379 535 416 fi
558 379 652 430 quid
672 378 745 422 est,
776 377 882 429 quod
902 375 1003 414 mihi
1023 376 1162 415 scitum
1183 376 1254 414 esse
1274 376 1467 422 videatur,
1498 385 1537 415 et
1556 376 1716 415 homine
1737 377 1906 429 ingenuo

510 445 674 496 dignum
695 453 809 496 atque
829 443 955 487 dotto,
987 457 1065 481 non
1084 442 1287 496 aspernor:
1319 442 1538 482 stomachor
1558 456 1659 486 vero,
1690 456 1782 481 cum
1808 442 1906 480 alio-

510 524 597 548 rum
629 523 708 547 non
740 522 804 547 me
835 509 951 560 digna
979 510 1020 546 in
1051 522 1116 547 me
1149 507 1415 548 conferuntur.
1451 509 1557 548 Nam
1577 538 1588 554 ,
1620 508 1725 561 quod
1756 508 1906 561 primus

510 576 620 614 scivit
641 576 766 628 legem
787 575 834 612 de
853 575 1087 627 publicaniS‚
1119 584 1222 620 tum,
1251 589 1342 613 cum
1364 576 1421 614 vir
1440 575 1694 628 ampliffimus
1715 574 1848 613 consul
1867 574 1908 612 id

510 642 567 679 illi
599 642 725 680 ordini
757 654 822 693 per
850 642 1043 694 populum
1075 641 1193 686 dedit,
1225 642 1330 693 quod
1361 654 1428 693 per
1454 641 1642 686 senatum,
1673 641 1699 679 fi
1725 639 1904 685 licuisset,

510 707 693 746 dedisset:
725 706 752 744 fi
778 707 819 744 in
845 719 891 743 eo
917 707 1066 744 crimen
1091 707 1158 751 est,
1189 708 1280 758 quia
1306 707 1531 760 suffragium
1559 707 1676 751 tulit;
1708 706 1795 759 quis
1824 720 1905 745 non

510 775 603 812 tulit
627 773 890 826 publicanus?
923 773 990 817 Si,
1021 772 1113 824 quia
1140 772 1289 824 primus
1317 772 1452 816 scivit;
1485 782 1618 811 utrum
1639 773 1679 810 id
1706 773 1812 811 sortis
1833 771 1907 811 effe

509 840 580 883 vis,
603 852 648 876 an
669 839 764 891 ejus,
786 838 854 890 qui
874 838 983 876 illam
1003 838 1132 890 legem
1152 836 1298 875 ferebat
1317 837 1329 874 ?
1363 837 1400 875 Si
1420 836 1529 875 sortis
1546 856 1558 883 ς
1581 837 1736 876 nullum
1756 838 1906 876 crimen

509 905 562 943 est
583 906 623 942 in
643 905 729 942 casu
747 919 757 942 ε
789 903 816 942 fi
837 904 1031 949 consulis;
1063 903 1240 957 splendor
1260 904 1377 941 etiam
1400 903 1562 950 Plancii,
1586 902 1693 942 hunc
1713 916 1733 941 a
1750 902 1907 942 summo

510 973 592 1010 viro
611 972 828 1024 principem
847 971 992 1010 ordinis
1007 972 1245 1024 judicatum.

565 1038 658 1076 XV.
692 1038 763 1076 Sed
789 1037 995 1090 aliquando
1021 1038 1221 1076 veniamus
1240 1038 1287 1076 ad
1306 1038 1471 1077 causam.
1504 1039 1550 1076 In
1578 1052 1653 1091 qua
1678 1047 1723 1076 tu
1749 1037 1908 1075 nomine

509 1104 604 1156 legis
626 1104 813 1148 Liciniae,
845 1117 929 1156 quae
949 1104 1001 1142 est
1021 1104 1068 1142 de
1085 1104 1268 1143 sodalitiis
1283 1133 1293 1149 ‚
1325 1117 1460 1142 omnes
1481 1105 1651 1142 ambitus
1671 1104 1774 1156 leges
1794 1116 1908 1142 com-

510 1171 646 1223 plexus
667 1184 704 1208 es
723 1185 732 1208 ι
765 1183 891 1222 neque
912 1171 1018 1208 enim
1039 1170 1255 1223 quidquam
1275 1170 1379 1208 aliud
1400 1171 1439 1208 in
1466 1169 1538 1208 hac
1557 1170 1641 1222 lege
1659 1199 1670 1215 ‚
1700 1169 1770 1208 nifi
1790 1169 1907 1207 editi-

510 1237 583 1274 tios
606 1236 757 1287 judices
775 1265 786 1280 ,
817 1248 856 1272 es
885 1235 1048 1274 secutus.
1082 1236 1200 1287 Qod
1228 1249 1348 1288 genus
1364 1236 1606 1287 judiciorum
1626 1235 1652 1273 si
1673 1235 1726 1273 est
1750 1248 1907 1285 aequum

511 1302 617 1339 nulla
637 1303 677 1339 in
698 1315 749 1346 re,
772 1302 840 1339 nifi
860 1300 932 1339 hac
953 1302 1158 1346 tribuaria;
1181 1315 1258 1339 non
1277 1301 1468 1353 intelligo,
1486 1301 1742 1352 quamobrem
1759 1299 1906 1337 senatus

510 1367 586 1406 hoc
607 1381 684 1405 uno
705 1368 744 1405 in
765 1380 903 1420 genere
922 1367 1046 1404 tribus
1067 1367 1127 1404 edi
1148 1366 1313 1405 voluerit
1333 1366 1380 1403 ab
1400 1365 1614 1404 accusatore
1628 1395 1638 1410 ‚
1670 1379 1794 1418 neque
1813 1378 1906 1403 ean-

511 1434 600 1471 dem
628 1433 839 1471 editionem
869 1432 1102 1470 transtulerit
1132 1433 1173 1470 in
1199 1441 1349 1471 caeteras
1377 1432 1529 1470 causas:
1562 1432 1608 1470 de
1633 1431 1714 1484 ipso
1740 1431 1909 1484 denique

511 1501 676 1544 ambitu,
708 1500 755 1537 de
775 1499 975 1551 rejectione
995 1498 1077 1536 fieri
1104 1498 1269 1536 voluerit
1283 1498 1485 1550 judicium,
1500 1497 1733 1535 alternorum
1748 1516 1760 1542 3
1792 1511 1907 1536 cum-

509 1580 586 1619 que
607 1566 761 1604 nullum
780 1578 900 1618 genus
921 1564 1137 1603 acerbitatis
1161 1563 1469 1615 praetermitteret
1485 1590 1496 1608 ,
1528 1561 1603 1601 hoc
1629 1571 1757 1602 tamen
1785 1576 1910 1603 unum

510 1632 820 1686 praetereundum
842 1633 997 1686 putarit.

566 1700 707 1751 Qid?
738 1699 855 1752 hujus
886 1700 939 1738 rei
969 1698 1128 1738 obscura
1153 1698 1261 1737 causa
1286 1698 1370 1737 est?
1401 1712 1447 1737 an
1473 1707 1512 1737 et
1537 1698 1690 1752 agitata,
1721 1711 1812 1736 cum
1839 1696 1909 1735 ista

509 1766 550 1804 in
571 1766 700 1804 senatu
721 1780 777 1804 res
798 1767 981 1818 agebatur
997 1795 1008 1811 ‚
1040 1775 1078 1803 et
1103 1764 1292 1817 disputata
1316 1764 1492 1802 hesterno
1520 1765 1581 1802 die
1601 1764 1788 1816 copiosius
1809 1777 1830 1801 a
1849 1764 1919 1815 Q

512 1832 720 1870 Hortensio
740 1832 753 1867 ?
785 1832 850 1869 cui
869 1840 955 1868 tum
974 1831 1027 1868 est
1047 1830 1195 1868 senatus
1221 1830 1396 1868 assensus.
1429 1831 1522 1869 Hoc
1548 1829 1668 1882 igitur
1694 1829 1876 1867 senfimus
1894 1843 1906 1867 ε

510 1897 774 1949 cujuscunque
796 1896 919 1934 tribus
940 1896 1097 1948 largitor
1122 1895 1224 1941 esset,
1255 1905 1294 1934 et
1314 1909 1380 1949 per
1402 1895 1687 1934 consensionem
1708 1894 1907 1948 magistra-

510 1973 639 2010 tuum,
667 1977 751 2016 quae
770 1961 925 2000 honeste
946 1963 1120 2001 sodalitas
1141 1963 1418 2008 nominaretur,
1440 1976 1559 2014 quam
1579 1962 1740 2014 quisque
1761 1961 1910 2000 tribum

511 2030 615 2082 turpi
636 2029 836 2082 largitione
855 2038 1119 2081 corrumperet
1135 2058 1147 2074 ,
1177 2042 1269 2067 eum
1296 2028 1466 2068 maxime
1486 2029 1531 2067 iis
1552 2027 1779 2066 hominibus
1799 2056 1809 2073 ‚
1841 2029 1910 2081 qui

511 2098 591 2149 ejus
613 2097 736 2134 tribus
756 2095 889 2141 essent,
921 2095 992 2133 effe
1012 2105 1165 2134 notum.
1198 2096 1258 2134 Ita
1277 2096 1427 2149 putavit
1447 2096 1607 2140 senatus,
1638 2109 1731 2134 cum
1751 2108 1816 2134 reo
1836 2095 1908 2133 tri-
1957 2112 1959 2115 ’

513 2163 583 2200 bus
604 2162 804 2199 ederentur
824 2175 875 2199 eae
892 2191 903 2207 ‚
935 2175 1028 2213 quas
1050 2162 1081 2200 is
1101 2161 1305 2214 largitione
1326 2162 1517 2200 devinctas
1537 2160 1695 2199 haberet
1711 2189 1722 2206 ,
1750 2160 1908 2199 eosdem

511 2228 593 2267 fore
615 2227 721 2266 testes
749 2237 786 2265 et
801 2228 966 2279 judices.
1000 2228 1199 2266 Acerbum
1227 2228 1389 2266 omnino
1416 2241 1535 2280 genus
1557 2227 1726 2279 judicii:
1759 2227 1821 2265 sed
1848 2236 1907 2266 ta·-

513 2308 618 2339 men,
644 2294 669 2332 fi
692 2293 750 2332 vel
772 2293 847 2338 sua,
869 2294 927 2331 vel
947 2306 1004 2338 ea,
1027 2308 1112 2346 quae
1132 2294 1303 2332 maxime
1324 2293 1413 2332 effet
1433 2293 1575 2347 cuique
1595 2293 1813 2346 conjunsta,
1835 2294 1906 2331 tri-

514 2362 586 2400 bus
606 2361 793 2404 ederetur,
824 2361 888 2398 vix
909 2359 1177 2399 recusandum.

570 2427 682 2466 XVI.
705 2427 773 2466 Tu
792 2435 936 2474 autem,
952 2426 1176 2473 Laterensis,
1194 2439 1288 2481 quas
1309 2426 1432 2467 tribus
1451 2425 1622 2466 edidisti?
1641 2423 1905 2469 Terentinam,
