2212 2835
641 209 779 249 PRo
838 208 1025 249 LEGE
1085 208 1431 249 MANILIA.
1692 226 1736 265 15

335 310 549 364 judicarint
564 310 576 348 ?
599 311 950 362 Humanitatejam
968 318 1071 348 tanta
1088 309 1154 354 est,
1173 317 1216 347 ut
1231 309 1390 348 difficile
1407 309 1513 348 dictu
1529 310 1587 355 fit,
1605 318 1739 349 utrum

341 378 467 417 hostes
489 378 611 430 magis
631 377 817 415 virtutem
836 377 916 429 ejus
933 384 1147 429 pugnantes
1169 376 1386 421 timuerint,
1408 391 1455 415 an
1475 377 1740 415 mansuetudi-

343 458 435 484 nem
451 444 543 483 vieti
564 442 784 481 dilexerint.
817 443 870 481 Et
889 442 1094 495 quisquam
1114 441 1324 486 dubitabit,
1346 443 1442 494 quin
1463 441 1556 481 huic
1587 453 1741 482 tantum

345 511 494 550 bellum
513 508 589 548 hoc
610 509 948 548 transmittendum
970 508 1028 554 fit,
1059 508 1142 561 qui,
1174 507 1220 546 ad
1240 509 1373 546 omnia
1392 509 1525 547 nostrae
1546 511 1742 549 memoriae

344 578 444 617 bella
463 576 716 622 conficienda,
738 576 870 614 divino
891 576 1060 629 quodam
1081 575 1240 614 consilio
1260 584 1370 614 natus
1391 575 1463 614 effe
1483 576 1685 615 videatur?

404 645 496 684 XV.
530 645 596 689 Et,
619 644 805 697 quoniam
825 643 1029 681 auetoritas
1046 643 1221 681 multum
1242 643 1282 681 in
1303 643 1415 681 bellis
1438 657 1596 696 quoque
1615 643 1740 681 admi-

344 712 560 758 nistrandis,
587 721 702 764 atque
722 711 888 764 imperio
908 710 1083 756 militari,
1115 711 1242 756 valet,
1274 719 1378 749 certe
1407 711 1557 749 nemini
1577 710 1744 749 dubium

344 779 410 825 est,
432 780 528 832 quin
550 792 592 816 ea
611 792 650 816 re
671 778 778 816 idem
798 777 865 816 ille
883 778 1093 831 imperator
1111 778 1331 831 plurimum
1357 778 1482 830 poffit.
1517 776 1742 815 Vehemen-

345 855 402 884 ter
421 856 550 884 autem
572 846 760 899 pertinere
786 844 832 883 ad
867 844 967 883 bella
997 844 1308 890 administranda,
1344 845 1439 897 quid
1473 843 1612 889 hostes,
1649 844 1745 896 quid

344 913 449 958 socii,
465 913 510 951 de
530 912 826 966 imperatoribus
844 911 973 950 vestris
994 911 1229 957 existiment,
1247 911 1333 964 quis
1352 911 1516 964 ignorat,
1535 924 1627 949 cum
1648 911 1743 949 scia-

347 992 449 1023 mUS,
471 978 650 1017 homines
670 979 711 1016 in
733 979 847 1016 tantis
868 978 994 1022 rebus,
1024 987 1068 1015 ut
1087 987 1152 1016 aut
1173 986 1438 1022 contemnant,
1460 986 1525 1015 aut
1553 986 1744 1022 metuant,

345 1055 411 1083 aut
430 1045 596 1089 oderint,
617 1052 682 1081 aut
701 1053 846 1088 ament,
868 1043 1051 1095 opinione
1071 1057 1149 1081 non
1171 1044 1301 1081 minus
1323 1043 1449 1088 famae,
1477 1057 1596 1096 quam
1617 1044 1748 1096 aliqua

347 1120 449 1150 certa
468 1111 629 1155 ratione,
651 1110 891 1147 commoveri
909 1109 922 1146 ?
955 1109 1075 1160 Qod
1094 1109 1215 1161 igitur
1234 1122 1378 1147 nomen
1400 1123 1573 1162 unquam
1593 1110 1634 1148 in
1654 1110 1747 1148 orbe

347 1189 534 1218 terrarum
565 1177 704 1215 clarius
725 1175 830 1214 fuit?
863 1177 987 1229 Cujus
1020 1189 1075 1214 res
1097 1176 1207 1229 gestae
1226 1176 1365 1229 pares?
1398 1177 1459 1214 De
1486 1191 1565 1229 quo
1585 1176 1747 1216 homine

344 1259 428 1291 vos,
458 1245 498 1284 id
518 1243 625 1297 quod
644 1244 816 1282 maxime
835 1242 929 1282 facit
949 1243 1232 1289 austoritatem,
1264 1252 1369 1282 tanta
1400 1252 1438 1282 et
1470 1253 1548 1282 tam
1570 1244 1748 1297 praeelara

341 1313 491 1365 judicia
510 1310 652 1350 fecistis
671 1310 684 1347 ?

405 1381 468 1418 An
497 1391 587 1417 vero
615 1376 737 1416 ullam
757 1376 920 1430 usquam
941 1375 1012 1415 effe
1037 1389 1145 1416 oram
1164 1386 1245 1416 tam
1266 1375 1449 1416 desertam
1479 1376 1637 1430 putatIS,
1668 1389 1747 1429 quo

348 1458 428 1484 non
448 1445 553 1483 illius
574 1444 650 1483 diei
668 1442 773 1482 fama
792 1442 1007 1497 pervaserit,
1029 1457 1122 1482 cum
1144 1443 1338 1482 universus
1358 1443 1527 1497 populus
1544 1443 1746 1482 Romanus

349 1511 490 1551 referto
510 1510 609 1556 foro,
643 1510 873 1564 repletisque
900 1510 1085 1548 omnibus
1109 1511 1282 1564 templis,
1312 1524 1360 1548 ex
1387 1510 1531 1563 quibus
1551 1509 1618 1549 hic
1639 1511 1747 1549 locus

348 1578 521 1632 conspici
540 1577 676 1631 potest,
699 1591 824 1616 unum
844 1577 914 1615 fibi
945 1577 991 1614 ad
1017 1590 1229 1615 commune
1248 1578 1430 1616 omnium
1455 1578 1634 1630 gentium
1662 1577 1746 1615 bel-

348 1644 433 1683 lum
453 1646 529 1683 Cn.
553 1644 786 1697 Pompeium
807 1644 1079 1697 imperatorem
1110 1643 1361 1697 depoposcit?
1394 1644 1544 1697 Itaque,
1575 1653 1619 1683 ut
1638 1643 1754 1697 plura

349 1726 426 1752 non
448 1713 591 1757 dicam,
612 1726 738 1765 neque
757 1712 923 1750 aliorum
944 1712 1133 1766 exemplis
1154 1712 1398 1758 confirmem,
1418 1722 1609 1766 quantum
1630 1712 1747 1764 hujus

348 1780 549 1818 auctoritas
571 1779 692 1818 valeat
711 1779 752 1817 in
772 1778 892 1825 bello,
927 1780 974 1818 ab
994 1780 1132 1818 eodem
1153 1780 1230 1819 Cn.
1253 1781 1443 1833 Pompeio
1474 1780 1655 1818 omnium
1687 1793 1746 1817 re-

349 1860 436 1884 rum
459 1845 700 1899 egregiarum
720 1845 899 1899 exempla
917 1846 1146 1893 sumantur,
1179 1846 1247 1899 qui
1267 1860 1347 1900 quo
1367 1846 1426 1884 die
1447 1860 1467 1884 a
1497 1846 1606 1885 vobis
1627 1846 1752 1884 mari-⁷

348 1913 448 1951 timo
467 1912 571 1951 bello
591 1912 810 1966 praepofitus
831 1912 884 1950 est
902 1913 1125 1966 imperator,
1146 1922 1250 1951 tanta
1269 1921 1424 1966 repente
1443 1913 1569 1951 vilitas
1590 1926 1749 1950 annonae

350 1993 398 2018 ex
438 1979 590 2018 summa
624 1980 755 2033 inopia
785 1989 823 2018 et
861 1980 1016 2018 caritate
1048 1980 1103 2018 rei
1138 1979 1398 2018 frumentariae
1431 1980 1634 2018 consecuta
1667 1979 1718 2016 est
1735 2008 1747 2024 ‚

350 2045 465 2084 unius
486 2044 658 2084 hominis
679 2046 742 2099 spe
761 2054 799 2084 et
818 2046 992 2092 nomine,
1026 2055 1211 2099 quantam
1242 2046 1308 2086 vix
1337 2060 1385 2085 ex
1405 2046 1556 2084 summa
1576 2046 1749 2084 ubertate

351 2125 530 2165 agrorum
551 2112 733 2150 diuturna
754 2126 827 2166 pax
847 2113 996 2150 efficere
1015 2112 1211 2166 potuiffet.

407 2179 510 2229 jam,
541 2187 695 2231 accepta
720 2178 761 2216 in
781 2179 906 2217 Ponto
927 2179 1144 2216 calamitate
1164 2191 1212 2216 ex
1245 2191 1291 2216 eo
1321 2178 1467 2231 praelio,
1499 2178 1545 2216 de
1575 2191 1654 2229 quo
1682 2189 1747 2214 vos

352 2243 466 2296 paulo
485 2253 571 2282 ante
603 2244 748 2282 invitus
769 2245 970 2289 admonui,
1003 2258 1096 2283 cum
1127 2244 1218 2282 socii
1249 2244 1547 2296 pertimuissent,
1579 2242 1749 2280 hostium

352 2321 443 2361 opes
464 2309 662 2362 animique
682 2311 907 2356 creviffent;
939 2324 1033 2349 cum
1055 2310 1141 2349 satis
1171 2310 1330 2349 firmum
1351 2310 1567 2364 praefidium
1589 2307 1748 2360 provin-

352 2375 411 2413 cia
432 2388 509 2413 non
535 2373 718 2422 haberet;
750 2377 959 2416 amisissetis
982 2377 1127 2422 Afiam,
1156 2377 1345 2429 Qirites,
1377 2377 1444 2414 nisi
1476 2375 1521 2412 ad
1554 2374 1592 2411 id
1622 2373 1749 2426 ipsum

295 2447 297 2450 '
353 2441 540 2494 temporis
561 2441 746 2480 divinitus
766 2445 842 2482 Cn.
866 2444 1100 2497 Pompeium
1128 2444 1175 2482 ad
1206 2457 1265 2481 eas
1298 2444 1470 2494 regiones
1491 2440 1646 2478 fortuna
1677 2454 1749 2491 poa

354 2508 437 2561 puli
459 2508 629 2547 Romani
649 2508 842 2547 attuliffet.
876 2510 1008 2561 Hujus
1036 2510 1218 2547 adventus
1246 2517 1283 2546 et
1304 2506 1577 2546 Mithridatem
1600 2506 1756 2544 insolita
