2212 2835
642 205 717 243 IN
777 204 826 242 L.
887 203 1344 242 CATILINAM.
1633 218 1703 259 ³93

311 300 472 354 possent,
503 300 543 339 in
563 299 734 340 hostium
753 315 916 340 numero
936 302 1180 347 ducerentur,
1212 302 1265 340 ita
1290 315 1354 341 me
1379 301 1483 356 geffi',
1516 301 1705 355 Qirites,

311 378 356 406 ut
387 381 521 407 omnes
553 368 644 406 salvi
673 368 1017 407 conservaremini:
1049 378 1100 413 et,
1131 382 1223 406 cum
1254 368 1380 407 hostes
1413 369 1522 407 vestri
1554 378 1707 408 tantum

311 435 458 474 civium
479 434 769 488 superfuturum
789 434 993 488 putassent,
1023 444 1215 487 quantum
1240 435 1401 474 infinitae
1428 436 1524 474 caedi
1551 435 1706 475 restitis-

311 501 386 547 set,
419 510 571 540 tantum
591 510 721 540 autem
741 502 861 547 urbis,
884 511 1076 554 quantum
1097 501 1255 540 flamma
1272 502 1379 540 obire
1400 516 1478 540 non
1499 503 1677 555 potuisset
1691 521 1709 549 ,ε

311 578 350 606 et
369 568 506 606 urbem
526 577 564 606 et
582 568 683 606 cives
704 568 873 621 integros
894 568 1188 621 incolumesque
1207 568 1362 607 servavi.

366 636 440 674 XL
472 636 629 687 Qibus
657 650 726 690 pro
752 637 867 674 tantis
894 636 1020 682 rebus,
1054 636 1242 688 Qirites,
1274 636 1431 675 nullum
1460 649 1531 690 ego
1551 649 1572 674 a
1598 635 1706 674 vobis

309 702 518 757 praemium
535 703 704 749 virtutis,
734 703 889 742 nullum
913 703 1059 757 infigne
1081 703 1255 749 honoris,
1286 704 1442 742 nullum
1468 715 1708 742 monumen-

311 779 399 808 tum
418 770 556 816 laudis,
587 771 754 824 postulo,
785 780 1038 824 praeterquam
1057 770 1174 823 hujus
1201 770 1278 809 diei
1306 771 1539 810 memoriam
1563 770 1709 823 sempi-

312 844 473 875 ternam.
506 838 554 875 In
583 838 723 876 animis
754 851 827 890 ego
858 837 985 876 vestris
1015 850 1151 876 omnes
1179 835 1398 890 triumphos
1426 850 1547 882 meos,
1578 837 1710 875 omnia

311 913 536 941 ornamenta
554 902 726 949 honoris,
758 913 1012 942 monumenta
1031 903 1175 957 gloriae,
1197 903 1319 942 laudis
1342 903 1516 957 insignia,
1535 903 1651 943 condi
1671 911 1709 941 et

313 969 494 1008 collocari
513 971 602 1008 volo
621 985 630 1008 :
662 969 762 1008 nihil
784 984 847 1008 me
867 979 1026 1009 mutum
1046 970 1168 1023 potest
1188 970 1385 1016 delectare,
1408 969 1507 1009 nihil
1529 971 1708 1015 tacitum,

314 1034 415 1073 nihil
437 1036 605 1090 denique
624 1036 863 1089 hujusmodi,
894 1036 999 1089 quod
1019 1038 1138 1075 etiam
1165 1037 1298 1076 minus
1325 1037 1433 1090 digni
1460 1037 1600 1090 affequi
1620 1037 1710 1090 pos—

314 1103 399 1140 fint.
432 1104 628 1142 Memoria
653 1104 784 1149 vestra,
816 1104 1006 1155 Qirites,
1036 1103 1170 1142 nostrae
1193 1116 1250 1141 res
1274 1104 1439 1150 alentur,
1469 1103 1709 1143 sermonibus

314 1169 494 1215 crescent,
535 1170 731 1208 literarum
777 1170 1043 1208 monumentis
1082 1169 1369 1216 inveterascent,
1409 1179 1448 1209 et
1485 1170 1711 1210 corrobora-

314 1235 486 1274 buntur:
518 1236 755 1289 eandemque
781 1236 887 1274 diem
916 1236 1107 1289 intellig0‚
1138 1249 1257 1289 quam
1283 1236 1392 1290 spero
1412 1246 1592 1275 aeternam
1612 1236 1709 1282 fore,

312 1311 351 1341 et
370 1303 415 1341 ad
437 1303 598 1343 salutem
619 1305 738 1350 urbis,
769 1313 809 1342 et
827 1304 874 1342 ad
900 1304 1129 1342 memoriam
1156 1303 1376 1342 consulatus
1403 1304 1496 1350 mei,
1521 1318 1711 1358 propaga-

313 1377 421 1409 tam:
461 1385 618 1425 unoque
651 1381 825 1425 tempore
857 1371 898 1409 in
932 1369 1005 1409 hac
1040 1370 1240 1424 republica
1273 1369 1368 1409 duos
1400 1370 1502 1410 cives
1533 1370 1711 1417 extitisse,

315 1449 484 1488 quorum
519 1438 614 1477 alter
644 1437 738 1477 fines
773 1438 883 1476 vestri
913 1437 1069 1490 imperii
1098 1451 1177 1475 non
1208 1445 1330 1482 terrae,
1361 1436 1425 1476 sed
1454 1437 1553 1483 caeli,
1584 1438 1711 1491 regio-

316 1503 431 1542 nibus
451 1505 674 1544 termina-ret
686 1523 701 1551 ,ς
733 1505 828 1543 alter
852 1503 1021 1556 ejusdem
1047 1504 1203 1556 imperii
1230 1503 1480 1543 domicilium
1506 1504 1714 1559 sedemque

317 1568 491 1609 servaret.

373 1634 468 1673 XII.
501 1635 584 1681 Sed,
616 1636 801 1689 quoniam
821 1649 951 1674 earum
972 1649 1115 1680 rerum,
1148 1649 1240 1688 quas
1261 1649 1332 1689 ego
1352 1636 1457 1689 geffi,
1480 1651 1558 1676 non
1578 1638 1630 1677 est
1649 1651 1712 1676 ea-

318 1700 407 1739 dem
428 1700 583 1740 fortuna
602 1712 717 1754 atque
737 1702 924 1747 conditio,
943 1717 1027 1755 quae
1048 1702 1221 1748 illorum,
1244 1703 1311 1756 qui
1332 1713 1486 1742 externa
1507 1704 1608 1742 bella
1627 1704 1713 1757 ges-

317 1767 469 1812 serunt,
502 1769 606 1821 quod
627 1768 727 1807 mihi
750 1769 956 1807 vivendum
978 1768 1022 1807 fit
1042 1782 1135 1807 cum
1156 1769 1248 1814 illis,
1280 1783 1377 1822 quos
1397 1770 1472 1808 vici
1493 1784 1536 1808 ac
1557 1771 1712 1824 subegI,

316 1833 377 1872 isti
408 1833 532 1872 hostes
560 1844 625 1872 aut
651 1833 885 1880 interfectos,
917 1843 983 1873 aut
1011 1834 1217 1888 oppressos,
1249 1835 1515 1888 reliquerunt:
1547 1836 1714 1875 vestrum

317 1900 382 1945 est,
415 1901 606 1952 Qirites,
636 1901 663 1939 fi
690 1901 833 1939 caeteris
861 1903 958 1939 reeta
989 1901 1053 1939 sua
1077 1900 1175 1940 facta
1201 1901 1374 1955 prosunt,
1405 1901 1506 1940 mihi
1532 1916 1618 1941 mea
1644 1916 1713 1941 ne-

317 1967 471 2018 quando
490 1967 628 2012 obfint,
661 1968 870 2020 providere.
904 1969 1061 2006 Mentes
1082 1969 1186 2007 enim
1207 1967 1418 2008 hominum
1444 1969 1712 2009 audaciffimo-

319 2046 407 2070 rum
433 2033 618 2072 sceleratae
645 2047 687 2072 ac
714 2033 865 2072 nefariae
892 2049 939 2072 ne
963 2034 1071 2072 vobis
1092 2048 1230 2073 nocere
1249 2035 1410 2088 possent,
1440 2049 1513 2088 ego
1532 2037 1682 2090 providi
1697 2055 1711 2082 ς,

319 2112 367 2136 ne
393 2098 492 2137 mihi
521 2110 696 2146 noceant,
728 2100 891 2138 vestrum
921 2100 974 2139 est
993 2101 1204 2154 providere.
1238 2101 1489 2156 Qanquam,
1522 2102 1711 2154 QiriteS‚

319 2164 421 2203 mihi
441 2167 600 2218 quidem
620 2167 687 2220 ipfi
708 2167 807 2206 nihil
823 2168 905 2220 jam
927 2168 973 2205 ab
994 2168 1073 2207 istis
1090 2169 1217 2207 noceri
1233 2168 1377 2222 potest:
1401 2182 1589 2222 magnum
1605 2169 1712 2206 enim

319 2231 371 2270 est
397 2232 437 2270 in
464 2233 574 2271 bonis
603 2235 832 2286 praefidium,
865 2235 969 2286 quod
995 2234 1096 2272 mihi
1123 2235 1162 2273 in
1188 2244 1417 2288 perpetuum
1444 2244 1711 2288 comparatum

320 2298 401 2343 est3
434 2312 572 2351 magna
591 2301 630 2337 in
652 2301 848 2353 republica
867 2301 1049 2354 dignitas,
1080 2315 1165 2354 quae
1188 2315 1252 2339 me
1273 2301 1421 2354 semper
1441 2301 1555 2339 tacita
1574 2300 1712 2338 defen-

321 2365 413 2409 det;
447 2379 585 2417 magna
612 2366 666 2404 vis
695 2367 747 2404 est
773 2367 1028 2414 conscientiae,
1059 2381 1177 2421 quam
1206 2368 1273 2420 qui
1295 2368 1505 2420 negligent,
1536 2380 1628 2404 cum
1649 2381 1712 2405 me

321 2432 462 2470 violare
482 2432 624 2476 volent,
656 2432 691 2469 se
711 2433 778 2485 ipfi
799 2434 1039 2473 indicabunt.

378 2498 445 2536 Est
465 2499 580 2538 etiarn
600 2500 639 2537 in
662 2499 772 2538 nobis
794 2499 823 2538 is
843 2500 1008 2546 animus,
1041 2500 1228 2550 Quirites,
1261 2509 1303 2538 ut
1323 2512 1401 2538 non
1422 2500 1539 2540 modo
1567 2499 1712 2539 nullius

1270 2565 1299 2603 B
1331 2565 1355 2604 b
1387 2578 1409 2606 z
