<?xml version="1.0" encoding="UTF-8"?>
<!DOCTYPE html PUBLIC "-//W3C//DTD XHTML 1.0 Transitional//EN"
    "http://www.w3.org/TR/xhtml1/DTD/xhtml1-transitional.dtd">
<html xmlns="http://www.w3.org/1999/xhtml" xml:lang="en" lang="en">
 <head>
  <title>
</title>
<meta http-equiv="Content-Type" content="text/html;charset=utf-8" />
  <meta name='ocr-system' content='tesseract 3.04.00' />
  <meta name='ocr-capabilities' content='ocr_page ocr_carea ocr_par ocr_line ocrx_word'/>
</head>
<body>
  <div class='ocr_page' id='page_1' title='image "./operacumindicibu05ciceuoft_0288.png"; bbox 0 0 2212 2835; ppageno 0'>
   <div class='ocr_carea' id='block_1_1' title="bbox 431 144 1337 204">
    <p class='ocr_par' dir='ltr' id='par_1_1' title="bbox 431 144 1337 204">
     <span class='ocr_line' id='line_1_1' title="bbox 431 144 1337 204; baseline -0.008 -15"><span class='ocrx_word' id='word_1_1' title='bbox 431 151 507 204; x_wconf 86' lang='lat'>276</span> <span class='ocrx_word' id='word_1_2' title='bbox 936 144 1337 184; x_wconf 92' lang='lat' dir='ltr'><strong>ORATIO</strong></span> 
     </span>
    </p>
   </div>
   <div class='ocr_carea' id='block_1_2' title="bbox 430 244 1825 695">
    <p class='ocr_par' dir='ltr' id='par_1_2' title="bbox 430 244 1825 695">
     <span class='ocr_line' id='line_1_2' title="bbox 430 244 1819 299; baseline -0.001 -11"><span class='ocrx_word' id='word_1_3' title='bbox 430 260 557 288; x_wconf 87' lang='lat' dir='ltr'>tamen</span> <span class='ocrx_word' id='word_1_4' title='bbox 579 249 719 286; x_wconf 81' lang='lat' dir='ltr'>iratum</span> <span class='ocrx_word' id='word_1_5' title='bbox 746 247 887 285; x_wconf 87' lang='lat' dir='ltr'>Flacco</span> <span class='ocrx_word' id='word_1_6' title='bbox 912 245 983 284; x_wconf 85' lang='lat' dir='ltr'>effe</span> <span class='ocrx_word' id='word_1_7' title='bbox 1011 245 1169 284; x_wconf 88' lang='lat' dir='ltr'>vidistis.</span> <span class='ocrx_word' id='word_1_8' title='bbox 1201 245 1343 299; x_wconf 87' lang='lat' dir='ltr'>Neque</span> <span class='ocrx_word' id='word_1_9' title='bbox 1370 244 1477 283; x_wconf 89' lang='lat' dir='ltr'>enim</span> <span class='ocrx_word' id='word_1_10' title='bbox 1497 245 1706 285; x_wconf 86' lang='lat' dir='ltr'>occultavit</span> <span class='ocrx_word' id='word_1_11' title='bbox 1724 260 1819 286; x_wconf 77' lang='lat' dir='ltr'>cau-</span> 
     </span>
     <span class='ocr_line' id='line_1_3' title="bbox 430 311 1820 364; baseline -0.001 -11"><span class='ocrx_word' id='word_1_12' title='bbox 430 316 507 353; x_wconf 88' lang='lat' dir='ltr'>sam</span> <span class='ocrx_word' id='word_1_13' title='bbox 528 313 731 352; x_wconf 87' lang='lat' dir='ltr'>iracundiae</span> <span class='ocrx_word' id='word_1_14' title='bbox 759 312 846 357; x_wconf 87' lang='lat' dir='ltr'>suae,</span> <span class='ocrx_word' id='word_1_15' title='bbox 877 325 1001 364; x_wconf 89' lang='lat' dir='ltr'>neque</span> <span class='ocrx_word' id='word_1_16' title='bbox 1027 311 1263 350; x_wconf 89' lang='lat' dir='ltr'>reticendam</span> <span class='ocrx_word' id='word_1_17' title='bbox 1288 311 1463 364; x_wconf 85' lang='lat' dir='ltr'>putavit:</span> <span class='ocrx_word' id='word_1_18' title='bbox 1496 311 1648 364; x_wconf 88' lang='lat' dir='ltr'>questus</span> <span class='ocrx_word' id='word_1_19' title='bbox 1673 313 1739 357; x_wconf 91' lang='lat' dir='ltr'>est,</span> <span class='ocrx_word' id='word_1_20' title='bbox 1769 313 1820 351; x_wconf 86' lang='lat' dir='ltr'>li-</span> 
     </span>
     <span class='ocr_line' id='line_1_4' title="bbox 431 376 1818 429; baseline -0.002 -11"><span class='ocrx_word' id='word_1_21' title='bbox 431 381 584 418; x_wconf 89' lang='lat' dir='ltr'>bertum</span> <span class='ocrx_word' id='word_1_22' title='bbox 610 378 737 423; x_wconf 90' lang='lat' dir='ltr'>suum,</span> <span class='ocrx_word' id='word_1_23' title='bbox 769 378 910 416; x_wconf 86' lang='lat' dir='ltr'>Flacco</span> <span class='ocrx_word' id='word_1_24' title='bbox 940 386 1114 429; x_wconf 84' lang='lat' dir='ltr'>praetore,</span> <span class='ocrx_word' id='word_1_25' title='bbox 1145 376 1216 414; x_wconf 85' lang='lat' dir='ltr'>esse</span> <span class='ocrx_word' id='word_1_26' title='bbox 1242 376 1481 415; x_wconf 85' lang='lat' dir='ltr'>damnatum.</span> <span class='ocrx_word' id='word_1_27' title='bbox 1515 377 1552 414; x_wconf 91' lang='lat' dir='ltr'>O</span> <span class='ocrx_word' id='word_1_28' title='bbox 1578 377 1818 415; x_wconf 86' lang='lat' dir='ltr'>conditiones</span> 
     </span>
     <span class='ocr_line' id='line_1_5' title="bbox 430 442 1825 496; baseline -0.001 -13"><span class='ocrx_word' id='word_1_29' title='bbox 430 445 582 484; x_wconf 85' lang='lat' dir='ltr'>miseras</span> <span class='ocrx_word' id='word_1_30' title='bbox 613 443 997 482; x_wconf 84' lang='lat' dir='ltr'>administrandarum</span> <span class='ocrx_word' id='word_1_31' title='bbox 1029 442 1345 495; x_wconf 88' lang='lat' dir='ltr'>provinciarum!</span> <span class='ocrx_word' id='word_1_32' title='bbox 1378 443 1418 480; x_wconf 90' lang='lat' dir='ltr'>in</span> <span class='ocrx_word' id='word_1_33' title='bbox 1444 442 1588 495; x_wconf 88' lang='lat' dir='ltr'>quibus</span> <span class='ocrx_word' id='word_1_34' title='bbox 1623 442 1825 496; x_wconf 83' lang='lat' dir='ltr'>diligentia</span> 
     </span>
     <span class='ocr_line' id='line_1_6' title="bbox 430 508 1820 564; baseline -0.001 -15"><span class='ocrx_word' id='word_1_35' title='bbox 430 512 543 564; x_wconf 87' lang='lat' dir='ltr'>plena</span> <span class='ocrx_word' id='word_1_36' title='bbox 563 510 801 549; x_wconf 72' lang='lat' dir='ltr'>simultatum</span> <span class='ocrx_word' id='word_1_37' title='bbox 821 508 887 553; x_wconf 89' lang='lat' dir='ltr'>est,</span> <span class='ocrx_word' id='word_1_38' title='bbox 918 509 1153 561; x_wconf 76' lang='lat' dir='ltr'>negligentia</span> <span class='ocrx_word' id='word_1_39' title='bbox 1172 509 1496 562; x_wconf 83' lang='lat' dir='ltr'>vituperationum</span> <span class='ocrx_word' id='word_1_40' title='bbox 1517 524 1526 548; x_wconf 74' lang='grc' dir='ltr'>ε</span> <span class='ocrx_word' id='word_1_41' title='bbox 1558 509 1626 547; x_wconf 88' lang='lat' dir='ltr'>ubi</span> <span class='ocrx_word' id='word_1_42' title='bbox 1648 509 1820 547; x_wconf 82' lang='lat' dir='ltr'>severitas</span> 
     </span>
     <span class='ocr_line' id='line_1_7' title="bbox 430 574 1822 630; baseline -0.001 -16"><span class='ocrx_word' id='word_1_43' title='bbox 430 575 640 630; x_wconf 78' lang='lat' dir='ltr'>periculosa</span> <span class='ocrx_word' id='word_1_44' title='bbox 667 575 747 619; x_wconf 72' lang='lat' dir='ltr'>est5</span> <span class='ocrx_word' id='word_1_45' title='bbox 778 574 982 612; x_wconf 82' lang='lat' dir='ltr'>liberalitas</span> <span class='ocrx_word' id='word_1_46' title='bbox 1015 574 1188 627; x_wconf 85' lang='lat' dir='ltr'>ingrata:</span> <span class='ocrx_word' id='word_1_47' title='bbox 1221 574 1344 612; x_wconf 91' lang='lat' dir='ltr'>sermo</span> <span class='ocrx_word' id='word_1_48' title='bbox 1370 574 1594 619; x_wconf 76' lang='lat' dir='ltr'>insidiosu33</span> <span class='ocrx_word' id='word_1_49' title='bbox 1627 574 1822 613; x_wconf 85' lang='lat' dir='ltr'>affentatio</span> 
     </span>
     <span class='ocr_line' id='line_1_8' title="bbox 430 639 1819 695; baseline -0.001 -15"><span class='ocrx_word' id='word_1_50' title='bbox 430 641 662 695; x_wconf 87' lang='lat' dir='ltr'>perniciosa:</span> <span class='ocrx_word' id='word_1_51' title='bbox 695 639 801 678; x_wconf 88' lang='lat' dir='ltr'>frons</span> <span class='ocrx_word' id='word_1_52' title='bbox 821 640 999 677; x_wconf 88' lang='lat' dir='ltr'>omnium</span> <span class='ocrx_word' id='word_1_53' title='bbox 1020 639 1243 685; x_wconf 84' lang='lat' dir='ltr'>familiaris;</span> <span class='ocrx_word' id='word_1_54' title='bbox 1275 640 1489 678; x_wconf 87' lang='lat' dir='ltr'>multorum</span> <span class='ocrx_word' id='word_1_55' title='bbox 1510 640 1660 679; x_wconf 88' lang='lat' dir='ltr'>animus</span> <span class='ocrx_word' id='word_1_56' title='bbox 1681 640 1819 679; x_wconf 88' lang='lat' dir='ltr'>iratus:</span> 
     </span>
    </p>
   </div>
   <div class='ocr_carea' id='block_1_3' title="bbox 431 704 1820 820">
    <p class='ocr_par' dir='ltr' id='par_1_3' title="bbox 431 704 1820 820">
     <span class='ocr_line' id='line_1_9' title="bbox 431 704 1820 759; baseline -0.001 -14"><span class='ocrx_word' id='word_1_57' title='bbox 431 707 634 745; x_wconf 87' lang='lat' dir='ltr'>iracundiae</span> <span class='ocrx_word' id='word_1_58' title='bbox 654 706 838 749; x_wconf 84' lang='lat' dir='ltr'>occultae;</span> <span class='ocrx_word' id='word_1_59' title='bbox 871 704 1066 742; x_wconf 81' lang='lat' dir='ltr'>blanditiae</span> <span class='ocrx_word' id='word_1_60' title='bbox 1085 713 1245 756; x_wconf 82' lang='lat' dir='ltr'>apertae:</span> <span class='ocrx_word' id='word_1_61' title='bbox 1275 705 1466 744; x_wconf 88' lang='lat' dir='ltr'>venientes</span> <span class='ocrx_word' id='word_1_62' title='bbox 1484 715 1659 759; x_wconf 86' lang='lat' dir='ltr'>praetores</span> <span class='ocrx_word' id='word_1_63' title='bbox 1680 719 1820 759; x_wconf 83' lang='lat' dir='ltr'>expec-</span> 
     </span>
     <span class='ocr_line' id='line_1_10' title="bbox 432 765 1818 820; baseline -0.001 -14"><span class='ocrx_word' id='word_1_64' title='bbox 432 777 528 813; x_wconf 85' lang='lat' dir='ltr'>tant,</span> <span class='ocrx_word' id='word_1_65' title='bbox 559 767 806 820; x_wconf 79' lang='lat' dir='ltr'>praesentibus</span> <span class='ocrx_word' id='word_1_66' title='bbox 827 765 1049 809; x_wconf 88' lang='lat' dir='ltr'>inserviunt,</span> <span class='ocrx_word' id='word_1_67' title='bbox 1079 765 1259 802; x_wconf 87' lang='lat' dir='ltr'>abeuntes</span> <span class='ocrx_word' id='word_1_68' title='bbox 1280 765 1468 804; x_wconf 86' lang='lat' dir='ltr'>deserunt.</span> <span class='ocrx_word' id='word_1_69' title='bbox 1502 767 1572 804; x_wconf 88' lang='lat' dir='ltr'>Sed</span> <span class='ocrx_word' id='word_1_70' title='bbox 1592 767 1818 806; x_wconf 83' lang='lat' dir='ltr'>omittamus</span> 
     </span>
    </p>
   </div>
   <div class='ocr_carea' id='block_1_4' title="bbox 426 830 1822 2471">
    <p class='ocr_par' dir='ltr' id='par_1_4' title="bbox 432 830 1822 938">
     <span class='ocr_line' id='line_1_11' title="bbox 432 830 1822 886; baseline 0 -15"><span class='ocrx_word' id='word_1_71' title='bbox 432 834 620 886; x_wconf 86' lang='lat' dir='ltr'>querelas,</span> <span class='ocrx_word' id='word_1_72' title='bbox 649 845 697 869; x_wconf 93' lang='lat' dir='ltr'>ne</span> <span class='ocrx_word' id='word_1_73' title='bbox 730 831 901 869; x_wconf 89' lang='lat' dir='ltr'>nostrum</span> <span class='ocrx_word' id='word_1_74' title='bbox 933 830 1136 868; x_wconf 88' lang='lat' dir='ltr'>confilium</span> <span class='ocrx_word' id='word_1_75' title='bbox 1171 831 1211 868; x_wconf 93' lang='lat' dir='ltr'>in</span> <span class='ocrx_word' id='word_1_76' title='bbox 1246 831 1581 883; x_wconf 85' lang='lat' dir='ltr'>praetermittendis</span> <span class='ocrx_word' id='word_1_77' title='bbox 1610 833 1822 884; x_wconf 86' lang='lat' dir='ltr'>provinciis</span> 
     </span>
     <span class='ocr_line' id='line_1_12' title="bbox 432 898 813 938; baseline -0.008 0"><span class='ocrx_word' id='word_1_78' title='bbox 432 900 583 938; x_wconf 91' lang='lat' dir='ltr'>laudare</span> <span class='ocrx_word' id='word_1_79' title='bbox 603 898 813 936; x_wconf 88' lang='lat' dir='ltr'>videamur.</span> 
     </span>
    </p>

    <p class='ocr_par' dir='ltr' id='par_1_5' title="bbox 426 961 1822 1480">
     <span class='ocr_line' id='line_1_13' title="bbox 487 961 1821 1016; baseline -0.001 -13"><span class='ocrx_word' id='word_1_80' title='bbox 487 966 634 1004; x_wconf 85' lang='lat' dir='ltr'>Literas</span> <span class='ocrx_word' id='word_1_81' title='bbox 669 964 772 1001; x_wconf 82' lang='lat' dir='ltr'>mifit</span> <span class='ocrx_word' id='word_1_82' title='bbox 806 962 852 1000; x_wconf 89' lang='lat' dir='ltr'>de</span> <span class='ocrx_word' id='word_1_83' title='bbox 885 963 1017 1001; x_wconf 87' lang='lat' dir='ltr'>villico</span> <span class='ocrx_word' id='word_1_84' title='bbox 1050 964 1095 1001; x_wconf 92' lang='lat' dir='ltr'>P.</span> <span class='ocrx_word' id='word_1_85' title='bbox 1129 962 1331 1015; x_wconf 87' lang='lat' dir='ltr'>Septimii,</span> <span class='ocrx_word' id='word_1_86' title='bbox 1364 961 1536 1001; x_wconf 85' lang='lat' dir='ltr'>hominis</span> <span class='ocrx_word' id='word_1_87' title='bbox 1570 963 1717 1009; x_wconf 83' lang='lat' dir='ltr'>ornati,</span> <span class='ocrx_word' id='word_1_88' title='bbox 1753 964 1821 1016; x_wconf 81' lang='lat' dir='ltr'>qui</span> 
     </span>
     <span class='ocr_line' id='line_1_14' title="bbox 431 1028 1822 1081; baseline -0.001 -11"><span class='ocrx_word' id='word_1_89' title='bbox 431 1032 585 1070; x_wconf 86' lang='lat' dir='ltr'>villicus</span> <span class='ocrx_word' id='word_1_90' title='bbox 615 1030 759 1069; x_wconf 85' lang='lat' dir='ltr'>caedem</span> <span class='ocrx_word' id='word_1_91' title='bbox 788 1028 956 1067; x_wconf 89' lang='lat' dir='ltr'>fecerat:</span> <span class='ocrx_word' id='word_1_92' title='bbox 989 1030 1224 1081; x_wconf 82' lang='lat' dir='ltr'>Septimium</span> <span class='ocrx_word' id='word_1_93' title='bbox 1251 1029 1446 1067; x_wconf 88' lang='lat' dir='ltr'>ardentem</span> <span class='ocrx_word' id='word_1_94' title='bbox 1472 1030 1667 1068; x_wconf 87' lang='lat' dir='ltr'>iracundia</span> <span class='ocrx_word' id='word_1_95' title='bbox 1696 1031 1822 1068; x_wconf 86' lang='lat' dir='ltr'>videre</span> 
     </span>
     <span class='ocr_line' id='line_1_15' title="bbox 431 1095 1821 1152; baseline -0.001 -15"><span class='ocrx_word' id='word_1_96' title='bbox 431 1097 620 1152; x_wconf 86' lang='lat' dir='ltr'>potuistis.</span> <span class='ocrx_word' id='word_1_97' title='bbox 653 1097 699 1134; x_wconf 91' lang='lat' dir='ltr'>In</span> <span class='ocrx_word' id='word_1_98' title='bbox 719 1096 909 1134; x_wconf 87' lang='lat' dir='ltr'>Lurconis</span> <span class='ocrx_word' id='word_1_99' title='bbox 927 1095 1111 1133; x_wconf 89' lang='lat' dir='ltr'>libertum</span> <span class='ocrx_word' id='word_1_100' title='bbox 1125 1095 1322 1147; x_wconf 90' lang='lat' dir='ltr'>judicium</span> <span class='ocrx_word' id='word_1_101' title='bbox 1342 1109 1388 1134; x_wconf 86' lang='lat' dir='ltr'>ex</span> <span class='ocrx_word' id='word_1_102' title='bbox 1408 1096 1533 1134; x_wconf 67' lang='lat' dir='ltr'>edicto</span> <span class='ocrx_word' id='word_1_103' title='bbox 1552 1096 1680 1135; x_wconf 87' lang='lat' dir='ltr'>dedit:</span> <span class='ocrx_word' id='word_1_104' title='bbox 1703 1095 1821 1135; x_wconf 82' lang='lat' dir='ltr'>hostis</span> 
     </span>
     <span class='ocr_line' id='line_1_16' title="bbox 431 1160 1820 1214; baseline -0.001 -11"><span class='ocrx_word' id='word_1_105' title='bbox 431 1164 484 1202; x_wconf 84' lang='lat' dir='ltr'>est</span> <span class='ocrx_word' id='word_1_106' title='bbox 513 1165 657 1202; x_wconf 88' lang='lat' dir='ltr'>Lurco.</span> <span class='ocrx_word' id='word_1_107' title='bbox 695 1162 804 1213; x_wconf 84' lang='lat' dir='ltr'>Qid</span> <span class='ocrx_word' id='word_1_108' title='bbox 833 1162 953 1213; x_wconf 87' lang='lat' dir='ltr'>igitur</span> <span class='ocrx_word' id='word_1_109' title='bbox 985 1160 1195 1199; x_wconf 83' lang='lat' dir='ltr'>hominum</span> <span class='ocrx_word' id='word_1_110' title='bbox 1224 1161 1476 1213; x_wconf 84' lang='lat' dir='ltr'>gratiosorum</span> <span class='ocrx_word' id='word_1_111' title='bbox 1511 1162 1820 1214; x_wconf 85' lang='lat' dir='ltr'>splendidorum-</span> 
     </span>
     <span class='ocr_line' id='line_1_17' title="bbox 432 1226 1820 1282; baseline -0.001 -15"><span class='ocrx_word' id='word_1_112' title='bbox 432 1243 508 1282; x_wconf 91' lang='lat' dir='ltr'>que</span> <span class='ocrx_word' id='word_1_113' title='bbox 527 1229 674 1267; x_wconf 85' lang='lat' dir='ltr'>libertis</span> <span class='ocrx_word' id='word_1_114' title='bbox 695 1227 772 1265; x_wconf 83' lang='lat' dir='ltr'>fuit</span> <span class='ocrx_word' id='word_1_115' title='bbox 792 1227 880 1265; x_wconf 87' lang='lat' dir='ltr'>Afia</span> <span class='ocrx_word' id='word_1_116' title='bbox 900 1226 1078 1264; x_wconf 85' lang='lat' dir='ltr'>tradenda</span> <span class='ocrx_word' id='word_1_117' title='bbox 1097 1227 1109 1264; x_wconf 87' lang='lat'>?</span> <span class='ocrx_word' id='word_1_118' title='bbox 1141 1228 1206 1264; x_wconf 90' lang='lat' dir='ltr'>An</span> <span class='ocrx_word' id='word_1_119' title='bbox 1227 1227 1434 1265; x_wconf 79' lang='lat' dir='ltr'>simultates</span> <span class='ocrx_word' id='word_1_120' title='bbox 1463 1227 1589 1265; x_wconf 90' lang='lat' dir='ltr'>nescio</span> <span class='ocrx_word' id='word_1_121' title='bbox 1612 1242 1704 1279; x_wconf 88' lang='lat' dir='ltr'>quas</span> <span class='ocrx_word' id='word_1_122' title='bbox 1726 1242 1820 1266; x_wconf 84' lang='lat' dir='ltr'>cum</span> 
     </span>
     <span class='ocr_line' id='line_1_18' title="bbox 431 1294 1817 1334; baseline -0.001 -1"><span class='ocrx_word' id='word_1_123' title='bbox 431 1296 580 1334; x_wconf 89' lang='lat' dir='ltr'>libertis</span> <span class='ocrx_word' id='word_1_124' title='bbox 600 1294 729 1333; x_wconf 86' lang='lat' dir='ltr'>vestris</span> <span class='ocrx_word' id='word_1_125' title='bbox 751 1294 913 1332; x_wconf 86' lang='lat' dir='ltr'>Flaccus</span> <span class='ocrx_word' id='word_1_126' title='bbox 934 1302 1082 1331; x_wconf 81' lang='lat' dir='ltr'>exercet</span> <span class='ocrx_word' id='word_1_127' title='bbox 1101 1294 1114 1330; x_wconf 89' lang='lat'>?</span> <span class='ocrx_word' id='word_1_128' title='bbox 1146 1295 1211 1331; x_wconf 92' lang='lat' dir='ltr'>An</span> <span class='ocrx_word' id='word_1_129' title='bbox 1237 1294 1344 1331; x_wconf 90' lang='lat' dir='ltr'>vobis</span> <span class='ocrx_word' id='word_1_130' title='bbox 1371 1295 1411 1331; x_wconf 92' lang='lat' dir='ltr'>in</span> <span class='ocrx_word' id='word_1_131' title='bbox 1438 1294 1566 1331; x_wconf 87' lang='lat' dir='ltr'>vestris</span> <span class='ocrx_word' id='word_1_132' title='bbox 1588 1294 1817 1333; x_wconf 90' lang='lat' dir='ltr'>vestrorum-</span> 
     </span>
     <span class='ocr_line' id='line_1_19' title="bbox 432 1359 1819 1414; baseline 0 -15"><span class='ocrx_word' id='word_1_133' title='bbox 432 1375 510 1414; x_wconf 92' lang='lat' dir='ltr'>que</span> <span class='ocrx_word' id='word_1_134' title='bbox 540 1360 657 1399; x_wconf 88' lang='lat' dir='ltr'>caufis</span> <span class='ocrx_word' id='word_1_135' title='bbox 691 1360 862 1398; x_wconf 87' lang='lat' dir='ltr'>severitas</span> <span class='ocrx_word' id='word_1_136' title='bbox 893 1359 982 1398; x_wconf 90' lang='lat' dir='ltr'>odio</span> <span class='ocrx_word' id='word_1_137' title='bbox 1011 1359 1062 1397; x_wconf 89' lang='lat' dir='ltr'>est</span> <span class='ocrx_word' id='word_1_138' title='bbox 1078 1377 1089 1404; x_wconf 68' lang='grc' dir='ltr'><strong><em>ς</em></strong></span> <span class='ocrx_word' id='word_1_139' title='bbox 1121 1359 1280 1397; x_wconf 91' lang='lat' dir='ltr'>eandem</span> <span class='ocrx_word' id='word_1_140' title='bbox 1309 1359 1486 1405; x_wconf 81' lang='lat' dir='ltr'>laudatis,</span> <span class='ocrx_word' id='word_1_141' title='bbox 1516 1373 1607 1398; x_wconf 89' lang='lat' dir='ltr'>cum</span> <span class='ocrx_word' id='word_1_142' title='bbox 1635 1361 1682 1398; x_wconf 93' lang='lat' dir='ltr'>de</span> <span class='ocrx_word' id='word_1_143' title='bbox 1708 1361 1819 1399; x_wconf 85' lang='lat' dir='ltr'>nobis</span> 
     </span>
     <span class='ocr_line' id='line_1_20' title="bbox 426 1426 642 1480; baseline -0.014 -14"><span class='ocrx_word' id='word_1_144' title='bbox 426 1427 609 1480; x_wconf 85' lang='lat' dir='ltr'>judicatis</span> <span class='ocrx_word' id='word_1_145' title='bbox 628 1426 642 1463; x_wconf 89' lang='lat'>?</span> 
     </span>
    </p>

    <p class='ocr_par' dir='ltr' id='par_1_6' title="bbox 429 1492 1820 2471">
     <span class='ocr_line' id='line_1_21' title="bbox 486 1492 1820 1545; baseline -0.001 -13"><span class='ocrx_word' id='word_1_146' title='bbox 486 1494 678 1532; x_wconf 92' lang='lat' dir='ltr'><strong>XXXVI.</strong></span> <span class='ocrx_word' id='word_1_147' title='bbox 710 1494 765 1531; x_wconf 83' lang='lat' dir='ltr'>At</span> <span class='ocrx_word' id='word_1_148' title='bbox 791 1493 858 1531; x_wconf 90' lang='lat' dir='ltr'>iste</span> <span class='ocrx_word' id='word_1_149' title='bbox 884 1493 1033 1538; x_wconf 84' lang='lat' dir='ltr'>Andro,</span> <span class='ocrx_word' id='word_1_150' title='bbox 1064 1492 1243 1545; x_wconf 85' lang='lat' dir='ltr'>spoliatus</span> <span class='ocrx_word' id='word_1_151' title='bbox 1275 1493 1402 1538; x_wconf 88' lang='lat' dir='ltr'>bonis,</span> <span class='ocrx_word' id='word_1_152' title='bbox 1433 1502 1477 1531; x_wconf 91' lang='lat' dir='ltr'>ut</span> <span class='ocrx_word' id='word_1_153' title='bbox 1507 1494 1650 1539; x_wconf 84' lang='lat' dir='ltr'>dicitis,</span> <span class='ocrx_word' id='word_1_154' title='bbox 1680 1494 1729 1532; x_wconf 83' lang='lat' dir='ltr'>ad</span> <span class='ocrx_word' id='word_1_155' title='bbox 1757 1494 1820 1531; x_wconf 87' lang='lat' dir='ltr'>di-</span> 
     </span>
     <span class='ocr_line' id='line_1_22' title="bbox 430 1558 1819 1613; baseline -0.001 -15"><span class='ocrx_word' id='word_1_156' title='bbox 430 1559 598 1598; x_wconf 90' lang='lat' dir='ltr'>cendum</span> <span class='ocrx_word' id='word_1_157' title='bbox 632 1559 896 1597; x_wconf 88' lang='lat' dir='ltr'>testimonium</span> <span class='ocrx_word' id='word_1_158' title='bbox 926 1572 1005 1597; x_wconf 89' lang='lat' dir='ltr'>non</span> <span class='ocrx_word' id='word_1_159' title='bbox 1035 1559 1153 1597; x_wconf 91' lang='lat' dir='ltr'>venit.</span> <span class='ocrx_word' id='word_1_160' title='bbox 1193 1558 1316 1613; x_wconf 83' lang='lat' dir='ltr'>Qid,</span> <span class='ocrx_word' id='word_1_161' title='bbox 1351 1559 1379 1597; x_wconf 90' lang='lat' dir='ltr'>fi</span> <span class='ocrx_word' id='word_1_162' title='bbox 1413 1559 1567 1598; x_wconf 86' lang='lat' dir='ltr'>veniat?</span> <span class='ocrx_word' id='word_1_163' title='bbox 1604 1559 1819 1598; x_wconf 85' lang='lat' dir='ltr'>Decifionis</span> 
     </span>
     <span class='ocr_line' id='line_1_23' title="bbox 432 1623 1818 1677; baseline -0.001 -14"><span class='ocrx_word' id='word_1_164' title='bbox 432 1625 571 1663; x_wconf 90' lang='lat' dir='ltr'>arbiter</span> <span class='ocrx_word' id='word_1_165' title='bbox 591 1625 638 1662; x_wconf 88' lang='lat' dir='ltr'>C.</span> <span class='ocrx_word' id='word_1_166' title='bbox 662 1624 842 1662; x_wconf 85' lang='lat' dir='ltr'>Caecilius</span> <span class='ocrx_word' id='word_1_167' title='bbox 863 1623 940 1662; x_wconf 83' lang='lat' dir='ltr'>fuit</span> <span class='ocrx_word' id='word_1_168' title='bbox 959 1639 967 1662; x_wconf 74' lang='grc' dir='ltr'><strong>ι</strong></span> <span class='ocrx_word' id='word_1_169' title='bbox 1000 1638 1079 1676; x_wconf 89' lang='lat' dir='ltr'>quo</span> <span class='ocrx_word' id='word_1_170' title='bbox 1100 1623 1294 1676; x_wconf 82' lang='lat' dir='ltr'>splendore</span> <span class='ocrx_word' id='word_1_171' title='bbox 1318 1624 1388 1670; x_wconf 88' lang='lat' dir='ltr'>vir,</span> <span class='ocrx_word' id='word_1_172' title='bbox 1420 1638 1495 1677; x_wconf 93' lang='lat' dir='ltr'>qua</span> <span class='ocrx_word' id='word_1_173' title='bbox 1514 1624 1604 1670; x_wconf 77' lang='lat' dir='ltr'>fide,</span> <span class='ocrx_word' id='word_1_174' title='bbox 1633 1638 1708 1677; x_wconf 92' lang='lat' dir='ltr'>qua</span> <span class='ocrx_word' id='word_1_175' title='bbox 1727 1625 1818 1663; x_wconf 88' lang='lat' dir='ltr'>reli-</span> 
     </span>
     <span class='ocr_line' id='line_1_24' title="bbox 431 1690 1819 1744; baseline 0 -15"><span class='ocrx_word' id='word_1_176' title='bbox 431 1691 578 1744; x_wconf 83' lang='lat' dir='ltr'>gione?</span> <span class='ocrx_word' id='word_1_177' title='bbox 610 1690 842 1744; x_wconf 83' lang='lat' dir='ltr'>Obfignator</span> <span class='ocrx_word' id='word_1_178' title='bbox 862 1692 910 1729; x_wconf 91' lang='lat' dir='ltr'>C.</span> <span class='ocrx_word' id='word_1_179' title='bbox 934 1691 1127 1734; x_wconf 84' lang='lat' dir='ltr'>Sextilius,</span> <span class='ocrx_word' id='word_1_180' title='bbox 1158 1691 1349 1728; x_wconf 85' lang='lat' dir='ltr'>Lurconis</span> <span class='ocrx_word' id='word_1_181' title='bbox 1376 1691 1510 1729; x_wconf 83' lang='lat' dir='ltr'>sororis</span> <span class='ocrx_word' id='word_1_182' title='bbox 1539 1691 1666 1729; x_wconf 88' lang='lat' dir='ltr'>filius:</span> <span class='ocrx_word' id='word_1_183' title='bbox 1698 1690 1819 1729; x_wconf 86' lang='lat' dir='ltr'>homo</span> 
     </span>
     <span class='ocr_line' id='line_1_25' title="bbox 431 1756 1816 1810; baseline -0.001 -15"><span class='ocrx_word' id='word_1_184' title='bbox 431 1767 468 1795; x_wconf 91' lang='lat' dir='ltr'>et</span> <span class='ocrx_word' id='word_1_185' title='bbox 488 1757 650 1810; x_wconf 88' lang='lat' dir='ltr'>pudens,</span> <span class='ocrx_word' id='word_1_186' title='bbox 681 1766 718 1794; x_wconf 89' lang='lat' dir='ltr'>et</span> <span class='ocrx_word' id='word_1_187' title='bbox 738 1757 925 1802; x_wconf 87' lang='lat' dir='ltr'>constans,</span> <span class='ocrx_word' id='word_1_188' title='bbox 953 1766 992 1794; x_wconf 94' lang='lat' dir='ltr'>et</span> <span class='ocrx_word' id='word_1_189' title='bbox 1010 1756 1145 1808; x_wconf 86' lang='lat' dir='ltr'>gravis.</span> <span class='ocrx_word' id='word_1_190' title='bbox 1178 1756 1216 1793; x_wconf 90' lang='lat' dir='ltr'>Si</span> <span class='ocrx_word' id='word_1_191' title='bbox 1236 1756 1291 1793; x_wconf 89' lang='lat' dir='ltr'>vis</span> <span class='ocrx_word' id='word_1_192' title='bbox 1312 1765 1404 1800; x_wconf 89' lang='lat' dir='ltr'>erat,</span> <span class='ocrx_word' id='word_1_193' title='bbox 1435 1756 1460 1793; x_wconf 88' lang='lat' dir='ltr'>fi</span> <span class='ocrx_word' id='word_1_194' title='bbox 1480 1756 1596 1800; x_wconf 90' lang='lat' dir='ltr'>fraus,</span> <span class='ocrx_word' id='word_1_195' title='bbox 1628 1756 1653 1794; x_wconf 86' lang='lat' dir='ltr'>fi</span> <span class='ocrx_word' id='word_1_196' title='bbox 1675 1765 1816 1801; x_wconf 87' lang='lat' dir='ltr'>metus,</span> 
     </span>
     <span class='ocr_line' id='line_1_26' title="bbox 431 1821 1816 1875; baseline -0.001 -14"><span class='ocrx_word' id='word_1_197' title='bbox 431 1824 457 1861; x_wconf 90' lang='lat' dir='ltr'>s1</span> <span class='ocrx_word' id='word_1_198' title='bbox 478 1823 812 1875; x_wconf 83' lang='lat' dir='ltr'>circumscriptio;</span> <span class='ocrx_word' id='word_1_199' title='bbox 832 1823 918 1874; x_wconf 91' lang='lat' dir='ltr'>quis</span> <span class='ocrx_word' id='word_1_200' title='bbox 938 1822 1154 1874; x_wconf 64' lang='lat' dir='ltr'>pactionem</span> <span class='ocrx_word' id='word_1_201' title='bbox 1175 1821 1271 1866; x_wconf 88' lang='lat' dir='ltr'>fieri,</span> <span class='ocrx_word' id='word_1_202' title='bbox 1293 1821 1379 1873; x_wconf 89' lang='lat' dir='ltr'>quis</span> <span class='ocrx_word' id='word_1_203' title='bbox 1400 1822 1516 1860; x_wconf 86' lang='lat' dir='ltr'>adeffe</span> <span class='ocrx_word' id='word_1_204' title='bbox 1536 1822 1639 1867; x_wconf 91' lang='lat' dir='ltr'>istos,</span> <span class='ocrx_word' id='word_1_205' title='bbox 1661 1822 1816 1875; x_wconf 85' lang='lat' dir='ltr'>coegit?</span> 
     </span>
     <span class='ocr_line' id='line_1_27' title="bbox 432 1886 1817 1940; baseline 0.001 -15"><span class='ocrx_word' id='word_1_206' title='bbox 432 1889 554 1940; x_wconf 83' lang='lat' dir='ltr'>Qid,</span> <span class='ocrx_word' id='word_1_207' title='bbox 586 1889 611 1926; x_wconf 88' lang='lat' dir='ltr'><strong>fi</strong></span> <span class='ocrx_word' id='word_1_208' title='bbox 632 1887 699 1926; x_wconf 88' lang='lat' dir='ltr'>ista</span> <span class='ocrx_word' id='word_1_209' title='bbox 718 1888 844 1926; x_wconf 89' lang='lat' dir='ltr'>omnis</span> <span class='ocrx_word' id='word_1_210' title='bbox 866 1888 1030 1940; x_wconf 90' lang='lat' dir='ltr'>pecunia</span> <span class='ocrx_word' id='word_1_211' title='bbox 1048 1886 1141 1925; x_wconf 90' lang='lat' dir='ltr'>huic</span> <span class='ocrx_word' id='word_1_212' title='bbox 1161 1887 1457 1932; x_wconf 88' lang='lat' dir='ltr'>adolescentulo,</span> <span class='ocrx_word' id='word_1_213' title='bbox 1487 1889 1535 1926; x_wconf 91' lang='lat' dir='ltr'>L.</span> <span class='ocrx_word' id='word_1_214' title='bbox 1554 1888 1708 1933; x_wconf 83' lang='lat' dir='ltr'>Flacco,</span> <span class='ocrx_word' id='word_1_215' title='bbox 1731 1888 1817 1926; x_wconf 88' lang='lat' dir='ltr'>red·</span> 
     </span>
     <span class='ocr_line' id='line_1_28' title="bbox 432 1953 1817 2007; baseline 0 -14"><span class='ocrx_word' id='word_1_216' title='bbox 432 1955 510 1993; x_wconf 87' lang='lat' dir='ltr'>dita</span> <span class='ocrx_word' id='word_1_217' title='bbox 530 1954 612 1992; x_wconf 89' lang='lat' dir='ltr'>est?</span> <span class='ocrx_word' id='word_1_218' title='bbox 644 1954 669 1991; x_wconf 93' lang='lat' dir='ltr'>fi</span> <span class='ocrx_word' id='word_1_219' title='bbox 690 1954 838 2006; x_wconf 88' lang='lat' dir='ltr'>petita?</span> <span class='ocrx_word' id='word_1_220' title='bbox 871 1953 895 1991; x_wconf 88' lang='lat' dir='ltr'>fi</span> <span class='ocrx_word' id='word_1_221' title='bbox 917 1954 1092 1992; x_wconf 68' lang='lat' dir='ltr'>redacta?</span> <span class='ocrx_word' id='word_1_222' title='bbox 1124 1954 1150 1992; x_wconf 87' lang='lat' dir='ltr'>fi</span> <span class='ocrx_word' id='word_1_223' title='bbox 1177 1967 1243 2006; x_wconf 91' lang='lat' dir='ltr'>per</span> <span class='ocrx_word' id='word_1_224' title='bbox 1268 1953 1374 1992; x_wconf 88' lang='lat' dir='ltr'>hunc</span> <span class='ocrx_word' id='word_1_225' title='bbox 1401 1953 1659 2000; x_wconf 88' lang='lat' dir='ltr'>Antiochum,</span> <span class='ocrx_word' id='word_1_226' title='bbox 1690 1964 1817 2007; x_wconf 88' lang='lat' dir='ltr'>pater-</span> 
     </span>
     <span class='ocr_line' id='line_1_29' title="bbox 430 2018 1817 2072; baseline 0 -14"><span class='ocrx_word' id='word_1_227' title='bbox 430 2034 526 2058; x_wconf 91' lang='lat' dir='ltr'>num</span> <span class='ocrx_word' id='word_1_228' title='bbox 546 2018 660 2071; x_wconf 88' lang='lat' dir='ltr'>hujus</span> <span class='ocrx_word' id='word_1_229' title='bbox 681 2019 926 2057; x_wconf 82' lang='lat' dir='ltr'>adolescentis</span> <span class='ocrx_word' id='word_1_230' title='bbox 942 2019 1141 2064; x_wconf 90' lang='lat' dir='ltr'>libertum,</span> <span class='ocrx_word' id='word_1_231' title='bbox 1158 2019 1235 2057; x_wconf 91' lang='lat' dir='ltr'>seni</span> <span class='ocrx_word' id='word_1_232' title='bbox 1252 2019 1308 2056; x_wconf 90' lang='lat' dir='ltr'>illi</span> <span class='ocrx_word' id='word_1_233' title='bbox 1326 2019 1466 2057; x_wconf 87' lang='lat' dir='ltr'>Flacco</span> <span class='ocrx_word' id='word_1_234' title='bbox 1482 2020 1817 2072; x_wconf 85' lang='lat' dir='ltr'>probatiffimum?</span> 
     </span>
     <span class='ocr_line' id='line_1_30' title="bbox 432 2085 1817 2137; baseline 0.001 -13"><span class='ocrx_word' id='word_1_235' title='bbox 432 2086 657 2124; x_wconf 89' lang='lat' dir='ltr'>videmurne</span> <span class='ocrx_word' id='word_1_236' title='bbox 678 2098 754 2122; x_wconf 92' lang='lat' dir='ltr'>non</span> <span class='ocrx_word' id='word_1_237' title='bbox 774 2085 899 2123; x_wconf 88' lang='lat' dir='ltr'>solum</span> <span class='ocrx_word' id='word_1_238' title='bbox 919 2085 1081 2123; x_wconf 83' lang='lat' dir='ltr'>avaritiae</span> <span class='ocrx_word' id='word_1_239' title='bbox 1102 2085 1249 2123; x_wconf 90' lang='lat' dir='ltr'>crimen</span> <span class='ocrx_word' id='word_1_240' title='bbox 1276 2085 1455 2137; x_wconf 85' lang='lat' dir='ltr'>effugere,</span> <span class='ocrx_word' id='word_1_241' title='bbox 1486 2086 1548 2123; x_wconf 89' lang='lat' dir='ltr'>sed</span> <span class='ocrx_word' id='word_1_242' title='bbox 1574 2087 1689 2124; x_wconf 86' lang='lat' dir='ltr'>etiam</span> <span class='ocrx_word' id='word_1_243' title='bbox 1717 2086 1817 2125; x_wconf 87' lang='lat' dir='ltr'>libe-</span> 
     </span>
     <span class='ocr_line' id='line_1_31' title="bbox 432 2151 1814 2204; baseline 0.001 -14"><span class='ocrx_word' id='word_1_244' title='bbox 432 2152 588 2190; x_wconf 88' lang='lat' dir='ltr'>ralitatis</span> <span class='ocrx_word' id='word_1_245' title='bbox 609 2151 762 2189; x_wconf 86' lang='lat' dir='ltr'>laudem</span> <span class='ocrx_word' id='word_1_246' title='bbox 783 2151 921 2203; x_wconf 75' lang='lat' dir='ltr'>assequi</span> <span class='ocrx_word' id='word_1_247' title='bbox 943 2151 1194 2204; x_wconf 82' lang='lat' dir='ltr'>fingularem?</span> <span class='ocrx_word' id='word_1_248' title='bbox 1214 2153 1478 2190; x_wconf 91' lang='lat' dir='ltr'>Communem</span> <span class='ocrx_word' id='word_1_249' title='bbox 1498 2153 1603 2190; x_wconf 87' lang='lat' dir='ltr'>enim</span> <span class='ocrx_word' id='word_1_250' title='bbox 1623 2151 1814 2191; x_wconf 89' lang='lat' dir='ltr'>heredita-</span> 
     </span>
     <span class='ocr_line' id='line_1_32' title="bbox 433 2217 1816 2270; baseline 0.001 -14"><span class='ocrx_word' id='word_1_251' title='bbox 433 2228 526 2262; x_wconf 88' lang='lat' dir='ltr'>tem,</span> <span class='ocrx_word' id='word_1_252' title='bbox 558 2231 643 2270; x_wconf 87' lang='lat' dir='ltr'>quae</span> <span class='ocrx_word' id='word_1_253' title='bbox 663 2217 855 2269; x_wconf 83' lang='lat' dir='ltr'>aequaliter</span> <span class='ocrx_word' id='word_1_254' title='bbox 876 2217 921 2254; x_wconf 87' lang='lat' dir='ltr'>ad</span> <span class='ocrx_word' id='word_1_255' title='bbox 942 2227 1150 2269; x_wconf 85' lang='lat' dir='ltr'>utrumque</span> <span class='ocrx_word' id='word_1_256' title='bbox 1170 2218 1253 2270; x_wconf 84' lang='lat' dir='ltr'>lege</span> <span class='ocrx_word' id='word_1_257' title='bbox 1273 2217 1441 2262; x_wconf 73' lang='lat' dir='ltr'>venisset,</span> <span class='ocrx_word' id='word_1_258' title='bbox 1472 2218 1652 2256; x_wconf 85' lang='lat' dir='ltr'>conceffit</span> <span class='ocrx_word' id='word_1_259' title='bbox 1672 2219 1816 2257; x_wconf 88' lang='lat' dir='ltr'>adoles-</span> 
     </span>
     <span class='ocr_line' id='line_1_33' title="bbox 432 2283 1814 2337; baseline 0.001 -15"><span class='ocrx_word' id='word_1_260' title='bbox 432 2285 548 2329; x_wconf 80' lang='lat' dir='ltr'>centi,</span> <span class='ocrx_word' id='word_1_261' title='bbox 580 2285 799 2337; x_wconf 88' lang='lat' dir='ltr'>propinquo</span> <span class='ocrx_word' id='word_1_262' title='bbox 833 2284 925 2322; x_wconf 88' lang='lat' dir='ltr'>suo:</span> <span class='ocrx_word' id='word_1_263' title='bbox 958 2283 1056 2322; x_wconf 81' lang='lat' dir='ltr'>nihil</span> <span class='ocrx_word' id='word_1_264' title='bbox 1088 2284 1165 2337; x_wconf 90' lang='lat' dir='ltr'>ipse</span> <span class='ocrx_word' id='word_1_265' title='bbox 1197 2285 1324 2336; x_wconf 85' lang='lat' dir='ltr'>attigit</span> <span class='ocrx_word' id='word_1_266' title='bbox 1355 2285 1400 2322; x_wconf 93' lang='lat' dir='ltr'>de</span> <span class='ocrx_word' id='word_1_267' title='bbox 1432 2285 1642 2323; x_wconf 85' lang='lat' dir='ltr'>Valerianis</span> <span class='ocrx_word' id='word_1_268' title='bbox 1676 2285 1814 2324; x_wconf 88' lang='lat' dir='ltr'>bonis:</span> 
     </span>
     <span class='ocr_line' id='line_1_34' title="bbox 429 2349 1813 2404; baseline 0.001 -16"><span class='ocrx_word' id='word_1_269' title='bbox 429 2351 533 2403; x_wconf 91' lang='lat' dir='ltr'>quod</span> <span class='ocrx_word' id='word_1_270' title='bbox 560 2351 735 2388; x_wconf 87' lang='lat' dir='ltr'>statuerat</span> <span class='ocrx_word' id='word_1_271' title='bbox 760 2349 895 2395; x_wconf 88' lang='lat' dir='ltr'>facere,</span> <span class='ocrx_word' id='word_1_272' title='bbox 926 2351 1110 2388; x_wconf 60' lang='lat' dir='ltr'>adductus</span> <span class='ocrx_word' id='word_1_273' title='bbox 1136 2350 1250 2403; x_wconf 82' lang='lat' dir='ltr'>hujus</span> <span class='ocrx_word' id='word_1_274' title='bbox 1278 2351 1434 2403; x_wconf 87' lang='lat' dir='ltr'>pudore,</span> <span class='ocrx_word' id='word_1_275' title='bbox 1466 2361 1503 2389; x_wconf 90' lang='lat' dir='ltr'>et</span> <span class='ocrx_word' id='word_1_276' title='bbox 1530 2366 1607 2390; x_wconf 92' lang='lat' dir='ltr'>non</span> <span class='ocrx_word' id='word_1_277' title='bbox 1629 2351 1813 2404; x_wconf 85' lang='lat' dir='ltr'>ampliffi-</span> 
     </span>
     <span class='ocr_line' id='line_1_35' title="bbox 429 2416 1814 2471; baseline -0.001 -15"><span class='ocrx_word' id='word_1_278' title='bbox 429 2417 502 2456; x_wconf 82' lang='lat' dir='ltr'>mis</span> <span class='ocrx_word' id='word_1_279' title='bbox 534 2417 756 2469; x_wconf 81' lang='lat' dir='ltr'>patrimonii</span> <span class='ocrx_word' id='word_1_280' title='bbox 787 2417 923 2470; x_wconf 84' lang='lat' dir='ltr'>copiis,</span> <span class='ocrx_word' id='word_1_281' title='bbox 954 2417 993 2455; x_wconf 87' lang='lat' dir='ltr'>id</span> <span class='ocrx_word' id='word_1_282' title='bbox 1024 2430 1101 2455; x_wconf 90' lang='lat' dir='ltr'>non</span> <span class='ocrx_word' id='word_1_283' title='bbox 1132 2417 1255 2456; x_wconf 86' lang='lat' dir='ltr'>solum</span> <span class='ocrx_word' id='word_1_284' title='bbox 1288 2416 1393 2462; x_wconf 87' lang='lat' dir='ltr'>fecit,</span> <span class='ocrx_word' id='word_1_285' title='bbox 1430 2417 1491 2456; x_wconf 83' lang='lat' dir='ltr'>secl</span> <span class='ocrx_word' id='word_1_286' title='bbox 1521 2419 1637 2458; x_wconf 84' lang='lat' dir='ltr'>etiam</span> <span class='ocrx_word' id='word_1_287' title='bbox 1667 2418 1814 2471; x_wconf 80' lang='lat' dir='ltr'>prolixe</span> 
     </span>
    </p>
   </div>
  </div>
 </body>
</html>
