2212 2835
410 233 485 260 120
919 213 1318 252 ORATIO

406 316 528 354 natim
548 310 743 351 vendenda
762 309 922 355 censuit,
945 310 1059 349 audet
1078 310 1286 364 appellare:
1310 310 1397 348 sunt
1417 309 1523 348 enim
1543 310 1627 348 loca
1645 311 1801 363 publica

405 381 526 425 urbis,
558 380 644 418 sunt
671 378 817 423 sacella,
849 392 934 430 quae
960 377 1043 431 post
1068 377 1278 416 restitutam
1307 377 1549 415 tribunitiam
1577 359 1801 430 potestatem

406 461 522 485 nemo
555 446 684 498 attigit
701 463 713 490 ς
749 458 834 497 quae
867 445 1029 497 majores
1062 444 1103 481 in
1134 444 1229 482 urbe
1260 444 1400 496 partim
1432 443 1594 496 periculi
1627 442 1802 496 perfugia

405 513 477 551 effe
498 512 714 551 voluerunt.
748 512 846 549 Haec
867 510 950 562 lege
971 510 1173 548 tribunitia
1191 510 1399 548 decemviri
1417 509 1595 548 vendent.
1628 509 1802 548 Accedet

406 593 452 618 eo
482 592 595 617 mons
628 579 813 616 Gaurus:
843 577 1026 615 accedent
1055 576 1183 615 salicta
1212 576 1258 614 ad
1289 576 1539 614 Minturnas:
1572 576 1803 627 adjungetur

405 645 523 683 etiam
550 645 616 682 illa
642 644 701 682 via
726 643 931 682 vendibilis
958 643 1216 687 Herculanea,
1247 642 1460 680 multarum
1492 642 1733 686 deliciarum,
1763 648 1802 679 et

407 725 556 765 magnae
582 710 781 763 pecuniae:
814 710 1005 763 permulta
1031 710 1115 754 alia,
1148 723 1232 762 quae
1259 708 1406 747 senatus
1433 718 1588 762 propter
1613 708 1801 761 angustias

406 778 526 817 aerarii
552 777 749 816 vendenda
774 777 935 822 censuit,
968 775 1151 814 Consules
1178 784 1334 830 propter
1362 776 1548 814 invidiam
1570 789 1647 814 non
1668 774 1801 813 vendi-

408 845 561 882 derunt.

463 910 612 948 Verum
638 908 720 947 haec
746 907 895 947 fortaffe
920 917 1075 961 propter
1100 909 1289 960 pudorem
1312 908 1352 945 in
1373 907 1457 959 lege
1477 907 1698 944 reticentur.
1732 906 1803 944 Sed

408 976 506 1015 illud
540 976 662 1028 magis
695 975 747 1012 est
777 975 1012 1012 credendum
1044 983 1082 1012 et
1110 973 1474 1026 pertimescendum,
1505 973 1611 1026 quod
1641 972 1810 1011 audaciae·

407 1042 651 1081 decemvirali
671 1040 1041 1093 corrumpendarum
1070 1040 1288 1078 tabularum
1308 1040 1568 1093 publicarum,
1598 1038 1803 1092 fingendo-

408 1123 573 1162 rumque
592 1107 1020 1151 senatusconsultorum,
1051 1121 1136 1159 quae
1157 1106 1254 1144 faeta
1272 1120 1475 1159 nunquam
1506 1107 1605 1152 sunt,
1637 1120 1731 1145 cum
1756 1120 1803 1144 ex

406 1190 452 1214 eo
471 1188 647 1218 numero,
679 1173 748 1225 qui
778 1187 844 1226 per
871 1187 932 1211 eos
964 1186 1082 1211 annos
1110 1173 1295 1211 Consules
1316 1172 1487 1217 fuerunt,
1521 1173 1638 1210 multi
1659 1172 1802 1211 mortui

409 1243 495 1286 sint,
527 1253 666 1293 magna
686 1240 846 1292 potestas
868 1239 1131 1292 permittitur:
1165 1239 1233 1276 nis1
1254 1238 1352 1277 forte
1371 1238 1472 1277 nihil
1493 1240 1546 1276 est
1567 1253 1720 1291 aequum
1737 1252 1803 1277 vos

407 1308 454 1345 de
475 1320 610 1345 eorum
631 1305 785 1343 audacia
803 1305 994 1358 suspicari,
1016 1318 1185 1358 quorum
1206 1305 1410 1358 cupiditati
1431 1305 1601 1343 nimium
1622 1305 1810 1357 angustus-

408 1373 513 1410 orbis
534 1381 720 1410 terrarum
740 1370 810 1408 effe
831 1371 1016 1409 videatur.

464 1439 556 1477 XV.
589 1438 754 1477 Habetis
776 1451 900 1476 unum
922 1437 1154 1476 venditionis
1174 1450 1310 1490 genus,
1341 1438 1448 1490 quod
1469 1450 1656 1489 magnum
1684 1436 1804 1474 videri

408 1505 518 1544 vobis
539 1504 717 1556 intelligo
735 1519 744 1543 ε
778 1504 1044 1547 sedattendite
1064 1504 1212 1541 animos
1233 1503 1280 1541 ad
1299 1517 1354 1547 ea,
1387 1518 1472 1555 quae
1491 1503 1801 1555 consequuntur:

409 1571 516 1609 hunc
551 1570 654 1623 quafi
685 1570 847 1622 gradum
878 1570 1072 1622 quendam
1102 1578 1217 1621 atque
1245 1569 1394 1606 aditum
1423 1569 1468 1606 ad
1498 1577 1630 1606 caetera
1657 1567 1805 1606 factum

409 1637 650 1689 intelligetiS.
682 1636 758 1687 Qi
772 1635 870 1688 agri,
892 1649 971 1689 quae
990 1635 1077 1680 loca,
1106 1649 1185 1688 quae
1203 1633 1365 1686 aedg'ficiiz.
1402 1634 1512 1686 Qid
1531 1633 1584 1672 est
1602 1633 1803 1687 praeterea?

410 1705 534 1742 multa
571 1704 612 1741 in
642 1702 862 1755 mancipiis,
902 1702 942 1739 in
976 1714 1126 1753 pecore,
1168 1715 1273 1744 auro,
1313 1709 1484 1752 argento,
1523 1701 1651 1744 ebore,
1691 1700 1813 1744 veste,

411 1770 650 1822 supellectili,
686 1769 831 1806 caeteris
863 1767 989 1806 rebus.
1035 1766 1143 1815 Qid
1176 1766 1335 1804 dicam?
1379 1765 1610 1803 invidiosum
1644 1765 1805 1818 putaffet

411 1836 489 1881 hoc
514 1834 615 1879 fore,
652 1834 678 1871 s1
713 1834 845 1872 omnia
878 1831 1127 1872 nominaffet?
1165 1845 1242 1869 non
1281 1832 1421 1870 metuit
1453 1831 1654 1869 invidiam.
1695 1832 1804 1883 Qid

411 1901 527 1954 ergo?
550 1901 713 1952 longum
734 1899 895 1952 putavit,
917 1907 954 1937 et
975 1899 1122 1943 timuit,
1145 1911 1192 1936 ne
1212 1898 1306 1950 quid
1326 1898 1546 1950 praeteriret.
1579 1897 1801 1950 Adscripfit‚

409 1966 553 2005 aliudve
581 1965 691 2019 quid:
722 1979 798 2017 qua
827 1965 1011 2003 brevitate
1043 1978 1122 2001 rem
1155 1963 1301 2001 nullam
1333 1962 1405 2000 effe
1429 1971 1631 2015 exceptam
1651 1963 1802 2000 videtis.

412 2031 617 2084 Qidquid
638 2044 727 2083 ergo
746 2030 790 2068 fit
809 2039 914 2068 extra
934 2030 1100 2073 Italiam,
1123 2029 1226 2081 quod
1246 2028 1451 2081 publicum
1472 2029 1606 2081 populi
1634 2029 1803 2066 Romani

410 2098 557 2137 factu-m
585 2097 641 2141 fit,
673 2098 722 2134 L.
755 2096 869 2148 Sylla,
901 2097 969 2147 Q
989 2096 1191 2148 Pompeio,
1224 2094 1473 2139 Consulibus,
1505 2104 1569 2132 aut
1594 2094 1733 2147 postea,
1763 2095 1803 2132 id
1837 2118 1840 2119 ν

411 2163 647 2202 decemviros
663 2162 776 2214 jubet
796 2162 970 2199 vendere.

467 2231 559 2268 Hoc
593 2229 731 2280 capite,
768 2227 956 2278 Qirites,
996 2240 1131 2265 omnes
1165 2235 1311 2279 gentes,
1352 2225 1538 2270 nationes,
1571 2225 1802 2278 provincias,

412 2309 541 2348 regna,
572 2292 836 2332 decemvirum
870 2293 1023 2337 ditioni,
1054 2293 1218 2344 judicio,
1257 2292 1522 2345 potestatique,
1558 2291 1731 2345 permissa
1767 2300 1804 2329 et

413 2361 627 2400 condonata
645 2359 715 2398 effe
735 2360 835 2398 dico.
857 2360 1035 2397 Primum
1053 2359 1159 2397 enim
1176 2358 1250 2396 hoc
1271 2372 1412 2411 quaero,
1435 2358 1502 2410 qui
1519 2357 1672 2395 tandem
1693 2356 1800 2394 locus

415 2429 574 2479 usquam
596 2427 653 2472 fit,
676 2440 793 2479 quem
814 2439 891 2464 non
913 2425 1052 2478 possint
1073 2425 1281 2463 decemviri
1302 2426 1427 2463 dicere
1447 2423 1652 2476 publicum
1669 2423 1803 2475 populi

414 2494 585 2532 Romani
623 2493 694 2532 effe
732 2492 892 2532 fastum.
935 2493 1054 2537 Nam,
1094 2506 1186 2531 cum
1226 2492 1329 2530 idem
1365 2490 1477 2544 poffit
1508 2489 1695 2542 judicare,
1736 2489 1801 2540 qui
