2212 2835
707 184 848 223 PRO
907 185 957 224 L.
1017 183 1359 224 MURENA.
1670 200 1746 239 229

349 284 461 324 miser
495 283 609 323 esset:
644 284 885 337 integrorum
918 292 957 322 et
992 282 1281 324 fortunatorum
1314 285 1505 338 promissis
1537 285 1680 325 saucios
1711 296 1749 325 et

351 351 508 389 miseros
540 350 691 389 credere
725 364 803 389 non
837 358 1040 402 oportere:
1077 364 1193 402 quare
1228 351 1297 403 qui
1333 351 1561 405 consumpta
1591 353 1748 406 replere,

350 427 479 471 erepta
509 430 743 471 recuperare,
779 417 935 461 vellent,
971 416 1181 468 spectarent
1215 417 1311 469 quid
1345 417 1424 470 ipse
1454 419 1622 463 deberet,
1654 421 1750 471 quid

350 483 566 536 poffideret,
602 482 698 535 quid
729 482 911 521 auderet:
947 482 1113 520 minime
1144 482 1347 527 timidum,
1382 493 1420 522 et
1451 485 1559 523 valde
1589 486 1748 524 calami-

350 550 492 595 tosum,
522 549 594 588 effe
612 558 788 604 oportere
807 562 915 594 eum,
943 549 1012 601 qui
1030 547 1120 587 effet
1139 547 1293 588 futurus
1314 549 1393 589 dux
1414 559 1451 588 et
1472 551 1626 604 fignifer
1646 553 1747 590 cala-

349 615 593 655 mitosorum.

404 684 514 721 Tum
536 683 669 737 igitur,
700 682 761 722 his
782 683 893 722 rebus
916 683 1069 729 auditis,
1095 684 1324 724 meministis
1346 684 1427 724 fieri
1448 685 1747 725 senatusconsul-

350 758 451 795 tum,
483 735 669 790 referente
689 764 766 796 me,
792 764 840 789 ne
860 751 1008 804 postero
1029 751 1090 789 die
1111 752 1271 789 comitia
1290 751 1535 798 haberentur,
1559 764 1601 792 ut
1621 755 1667 792 de
1687 754 1748 792 his

349 816 462 855 rebus
483 817 524 855 in
545 817 674 856 senatu
694 831 802 870 agere
823 817 1026 870 possemUS.
1055 819 1188 870 Itaque
1206 818 1385 871 postridie
1404 819 1599 873 frequenti
1620 821 1749 860 senatu

351 883 562 922 Catilinam
583 884 762 929 excitavi,
791 893 907 936 atque
927 898 1017 922 eum
1038 884 1084 922 de
1104 884 1165 922 his
1187 885 1298 923 rebus
1319 885 1424 938 juffi,
1456 888 1481 925 fi
1503 888 1598 940 quid
1618 888 1747 933 vellet,

353 962 438 1001 quae
469 949 515 987 ad
547 963 610 987 me
640 950 761 988 allatae
792 949 924 995 effent,
960 950 1100 988 dicere.
1138 952 1271 1003 Atque
1300 952 1380 998 ille,
1417 962 1459 991 ut
1493 953 1641 1007 semper
1671 954 1748 993 fuit

349 1016 617 1068 apertiffimus,
648 1029 726 1054 non
748 1016 783 1054 se
803 1017 993 1069 purgavit,
1026 1016 1087 1055 sed
1104 1017 1304 1063 indicavit,
1328 1027 1443 1071 atque
1463 1021 1603 1059 induit.
1636 1023 1748 1060 Tum

350 1083 457 1121 enim
478 1083 591 1128 dixit,
623 1083 701 1121 duo
721 1097 880 1135 corpora
898 1083 968 1120 effe
989 1083 1210 1136 reipublicae
1228 1099 1237 1122 :
1271 1098 1394 1124 unum
1419 1086 1558 1132 debile,
1591 1087 1749 1126 infirmo

349 1149 474 1202 capite
490 1168 502 1195 ς
533 1150 696 1188 alterum
717 1149 892 1194 firmum,
914 1149 991 1187 fine
1011 1150 1162 1203 capite:
1193 1149 1301 1196 huic,
1323 1165 1414 1190 cum
1435 1153 1487 1191 ita
1507 1154 1553 1192 de
1573 1154 1608 1193 se
1629 1155 1748 1193 meri-

349 1225 436 1255 tum
463 1215 564 1262 esset,
595 1224 725 1269 caput,
756 1215 792 1254 se
818 1216 920 1261 vivo,
951 1230 1030 1255 non
1056 1216 1298 1257 defuturum.
1331 1219 1570 1271 Congemuit
1600 1221 1747 1260 senatus

351 1281 547 1335 frequens,
569 1296 694 1335 neque
715 1291 842 1320 tamen
864 1282 950 1321 satis
971 1283 1108 1328 severe,
1130 1298 1200 1336 pro
1221 1285 1272 1322 rei
1294 1285 1538 1338 indignitate,
1561 1287 1748 1326 decrevit:

352 1362 442 1388 nam
476 1350 617 1403 partim
654 1350 740 1387 ideo
774 1348 890 1388 fortes
926 1350 966 1388 in
997 1350 1237 1389 decernendo
1268 1365 1346 1390 non
1377 1362 1496 1399 erant,
1529 1355 1619 1407 quia
1649 1354 1749 1393 nihil

351 1416 570 1463 timebant3
602 1417 759 1470 partim,
790 1417 881 1470 quia
911 1417 1118 1457 timebant.
1150 1418 1261 1457 Tum
1292 1420 1419 1472 erupit
1451 1434 1471 1458 e
1503 1421 1646 1467 senatu,
1678 1424 1749 1461 tri-

352 1481 545 1536 umphans
565 1483 721 1536 gaudio,
740 1496 860 1536 quem
877 1483 1039 1521 omnino
1060 1483 1194 1522 vivum
1213 1483 1324 1522 illinc
1344 1485 1447 1524 exire
1467 1500 1545 1524 non
1565 1496 1748 1540 oportue-

353 1555 435 1590 rat:
468 1547 689 1600 praesertim,
720 1561 813 1586 cum
841 1549 946 1586 idem
973 1548 1040 1586 ille
1065 1548 1105 1586 in
1131 1548 1266 1586 eodem
1292 1550 1425 1588 ordine
1452 1553 1584 1604 paucis
1613 1553 1748 1592 diebus

351 1622 438 1652 ante
458 1614 614 1660 Catoni,
644 1613 851 1653 fortiffimo
870 1615 967 1660 viro,
992 1615 1188 1667 judicium
1210 1615 1408 1654 minitanti
1427 1631 1469 1655 ac
1490 1618 1749 1665 denuntianti,

354 1679 613 1733 respondisset,
633 1681 659 1719 fi
681 1681 787 1734 quod
806 1681 895 1720 esset
914 1681 955 1719 in
976 1680 1057 1720 suas
1077 1680 1249 1721 fortunas
1270 1682 1496 1722 incendium
1518 1685 1748 1732 excitatum,

353 1747 393 1785 id
413 1748 448 1786 se
468 1761 546 1786 non
566 1761 676 1801 aqua,
708 1748 770 1787 sed
792 1749 914 1794 ruina,
947 1749 1232 1790 restincturum.

408 1815 562 1853 XXVI.
595 1814 671 1853 His
692 1823 777 1853 tum
800 1815 911 1854 rebus
932 1825 1170 1862 commotus,
1187 1825 1225 1855 et
1245 1818 1350 1870 quod
1365 1817 1543 1858 homines
1558 1821 1639 1873 jam
1662 1829 1750 1858 turn

353 1881 570 1932 conjuratos
597 1894 690 1919 cum
716 1881 853 1934 gladiis
881 1882 922 1920 in
948 1896 1132 1935 campum
1160 1883 1298 1921 deduci
1325 1898 1346 1922 a
1372 1885 1539 1923 Catilina
1567 1887 1748 1932 sciebam,

353 1947 528 1985 descendi
549 1948 589 1986 in
609 1961 793 2001 campum
814 1962 907 1987 curn
934 1949 1151 1988 firmiffimo
1171 1951 1342 2003 praefidio
1368 1950 1661 1992 fortiflimorum
1689 1956 1747 1992 vin

354 2026 500 2058 rorum,
530 2023 567 2052 et
587 2028 678 2052 cum
699 2014 766 2052 illa
787 2015 861 2054 lata
880 2015 1097 2068 insignique
1123 2016 1254 2063 lorica,
1284 2030 1362 2056 non
1389 2032 1474 2070 quae
1501 2033 1563 2057 me
1591 2030 1748 2072 tegeret,

357 2079 518 2130 (etenim
545 2079 710 2119 sciebam
738 2081 949 2120 Catilinam
975 2096 1052 2120 non
1073 2082 1171 2121 latus
1192 2093 1256 2122 aut
1276 2093 1465 2130 ventrem,
1495 2086 1555 2123 sed
1576 2097 1690 2139 caput
1711 2098 1749 2124 et

355 2145 517 2190 collum,
550 2146 664 2185 solere
695 2149 841 2200 petere)
875 2162 1008 2187 verum
1037 2157 1079 2187 ut
1105 2163 1240 2188 omnes
1268 2151 1361 2189 boni
1389 2152 1745 2197 animadverterent,

357 2221 407 2256 et,
429 2225 521 2250 cum
541 2212 581 2250 in
603 2222 711 2252 metu
731 2223 768 2252 et
789 2215 962 2267 periculo
982 2216 1180 2254 consulem
1201 2217 1386 2262 viderent,
1409 2218 1448 2255 id
1469 2219 1572 2268 quod
1593 2219 1644 2255 est
1665 2218 1746 2256 sac-

356 2289 456 2323 tum,
488 2279 533 2316 ad
561 2293 676 2331 opem
703 2282 997 2334 praesldiumque
1023 2297 1157 2322 meum
1184 2294 1469 2322 concurrerent.
1503 2286 1635 2335 Itaque
1655 2298 1748 2323 cum

357 2355 408 2391 te,
440 2345 557 2389 Servi,
589 2337 835 2385 remiffiorem
858 2348 897 2386 in
919 2350 1084 2400 petendo
1100 2359 1294 2401 putarent,
1325 2350 1533 2388 Catilinam
1562 2359 1599 2387 et
1626 2350 1688 2402 spe
1709 2361 1749 2389 et

357 2412 566 2464 cupiditate
587 2411 870 2451 inflammatum
892 2415 1075 2460 viderent,
1093 2429 1243 2460 omnes,
1265 2417 1331 2467 qui
1353 2416 1459 2453 illam
1482 2416 1527 2452 ab
1550 2417 1747 2467 republica

357 2478 499 2531 pestem
521 2477 707 2532 depellere
728 2479 948 2532 cupiebant,
980 2481 1024 2519 ad
1046 2482 1255 2520 Murenam
1277 2482 1312 2519 se
1332 2478 1457 2520 statim
1483 2482 1746 2522 contulerunt„
