2212 2835
445 186 516 237 176
890 178 1290 218 ORATIO
1359 178 1413 216 11.

440 282 609 319 fructum
630 279 853 322 libidinum,
884 277 968 314 aliis
990 284 1157 314 mortem
1181 284 1399 328 parentum,
1430 287 1508 325 non
1537 273 1654 312 modo
1679 273 1821 327 impel-

439 347 565 390 lendo,
597 358 729 382 verum
749 344 865 381 etiam
885 342 1115 394 adjuvando,
1146 341 1411 394 pollicebatur.
1444 341 1564 379 Nunc
1591 352 1679 377 vero
1704 353 1822 391 quam

439 412 564 450 subito
600 425 676 449 non
712 410 835 448 solum
870 422 917 447 ex
948 408 1054 452 urbe,
1087 421 1220 445 verum
1252 409 1368 445 etiam
1399 421 1445 445 ex
1476 406 1589 459 agris,
1624 406 1823 457 ingentem

438 491 645 516 numerum
666 476 903 529 perditorum
923 473 1129 512 hominum
1157 474 1390 526 collegerat?
1422 473 1567 516 Nemo,
1600 485 1677 510 non
1706 471 1825 509 modo

439 546 589 589 Romae,
635 543 696 581 sed
730 555 799 580 nec
834 541 915 579 ullo
948 541 988 578 in
1022 540 1162 592 angulo
1201 541 1318 578 totius
1354 539 1485 584 Italiae,
1525 537 1717 591 oppreffus
1755 550 1826 575 aere

440 611 563 649 alieno
597 609 686 654 fuit,
722 622 838 662 quem
872 621 950 646 non
984 607 1029 645 ad
1059 606 1133 644 hoc
1164 607 1388 645 incredibile
1419 606 1566 644 sceleris
1597 603 1723 643 foedus
1754 603 1823 641 ad-

438 678 600 716 sciverit.

495 744 545 780 V.
577 745 720 794 Atque,
743 750 788 779 ut
806 741 884 794 ejus
906 740 1046 778 diversa
1067 740 1187 778 studia
1207 740 1245 777 in
1266 739 1437 778 diffimili
1458 739 1601 777 ratione
1617 736 1825 791 perspicere

441 809 599 863 pellitis,
620 822 735 846 nemo
755 808 807 845 est
826 809 866 845 in
887 807 979 844 ludo
998 806 1222 858 gladiatorio
1246 807 1360 858 paulo
1387 806 1432 843 ad
1459 804 1606 843 facinus
1632 804 1822 846 audacior,

442 876 509 928 qui
531 876 565 912 se
586 888 661 912 non
683 874 869 911 intimum
892 873 1068 910 Catilinae
1088 871 1158 909 effe
1178 870 1357 915 fateatur,
1383 884 1497 908 nemo
1513 871 1551 907 in
1569 869 1675 907 scena
1690 870 1822 913 levior,

441 951 479 979 et
499 941 674 993 nequior,
698 940 766 991 qui
786 939 820 976 se
840 952 917 976 non
937 937 1105 990 ejusdem
1127 950 1244 990 prope
1264 937 1430 974 sodalem
1450 935 1559 974 fuiffe
1578 948 1824 973 commemo-

441 1017 510 1045 ret.
543 1009 673 1057 Atque
708 1005 811 1042 idem
846 1013 987 1047 tamen,
1018 1003 1236 1056 stuprorum
1270 1011 1309 1040 et
1339 1001 1524 1039 scelerum
1555 1000 1826 1038 exercitatione

439 1071 672 1115 assuefactuS,
700 1069 856 1122 frigore,
878 1078 915 1107 et
934 1068 1049 1114 fame,
1070 1078 1108 1106 et
1128 1069 1200 1113 siti,
1222 1082 1265 1106 ac
1284 1068 1426 1121 vigiliis
1447 1066 1693 1121 perferendis,
1714 1065 1824 1104 fortis

440 1140 487 1177 ab
509 1139 585 1176 istis
608 1137 892 1190 praedicabatur,
923 1148 1015 1173 curn
1035 1134 1227 1172 industriae
1247 1134 1420 1179 subfidia,
1443 1143 1556 1186 atque
1575 1133 1828 1172 instrumenta

441 1205 609 1248 virtutis,
641 1204 680 1240 in
698 1202 859 1240 libidine
879 1201 1109 1253 audaciaque
1126 1200 1375 1238 consumeret.

498 1272 619 1309 Hunc
649 1282 737 1306 vero
768 1268 792 1305 fi
822 1268 878 1306 sui
902 1267 1046 1305 fuerint
1071 1267 1232 1304 comites
1260 1266 1391 1311 secuti,
1418 1267 1444 1304 fi
1471 1279 1517 1304 ex
1545 1266 1638 1303 urbe
1663 1265 1827 1304 exierint

443 1335 724 1389 desperatorum
745 1334 952 1372 hominum
973 1333 1144 1386 flagitiosi
1165 1347 1324 1386 greges,
1350 1334 1386 1371 O
1409 1346 1475 1371 nos
1497 1333 1639 1377 beatos,
1663 1333 1699 1369 O
1722 1345 1826 1369 rem-

442 1403 641 1457 publicam
676 1400 924 1444 fortunatam,
963 1401 998 1437 O
1034 1400 1252 1452 praeclaram
1283 1400 1434 1437 laudern
1468 1398 1685 1437 consulatus
1720 1387 1823 1435 mei!

443 1469 538 1508 Non
559 1468 663 1505 enim
677 1467 758 1518 jam
780 1466 866 1503 sunt
886 1465 1096 1503 mediocres
1117 1464 1325 1503 hominum
1342 1465 1534 1509 libidines,
1557 1478 1633 1502 non
1650 1462 1828 1501 humanae

443 1535 620 1578 audaciae,
651 1546 693 1570 ac
715 1532 914 1570 tolerandae
933 1546 942 1569 ε
975 1529 1074 1568 nihil
1093 1531 1277 1582 cogitant,
1306 1532 1372 1568 nisi
1394 1531 1526 1575 caedes,
1548 1530 1616 1568 nifi
1637 1529 1827 1574 incendia,

444 1601 512 1640 nisi
545 1600 718 1651 rapinas:
751 1596 980 1650 patrimonia
1010 1597 1072 1634 sua
1102 1595 1379 1649 profuderunt:
1412 1595 1583 1634 fortunas
1617 1594 1696 1634 suas
1723 1595 1826 1633 obli-

443 1667 662 1719 gurierunt:
686 1678 741 1702 res
759 1677 820 1701 eos
834 1662 1082 1715 jampridem,
1104 1662 1197 1700 fides
1217 1663 1374 1700 deficere
1394 1676 1514 1715 nuper
1533 1662 1673 1715 coepit;
1695 1661 1827 1699 eadem

445 1743 571 1770 tamen
593 1731 670 1775 illa,
692 1744 776 1782 quae
797 1738 874 1766 erat
895 1728 933 1765 in
954 1728 1196 1772 abundantia,
1219 1728 1340 1765 libido
1358 1737 1569 1780 permanet.
1602 1727 1720 1778 Qod
1740 1726 1765 1764 s1
1786 1727 1826 1764 in

446 1799 535 1836 vino
559 1807 596 1835 et
623 1796 701 1833 alea
727 1793 1002 1832 comissationes
1031 1793 1154 1830 solum
1181 1802 1218 1830 et
1242 1793 1361 1830 scorta
1381 1802 1602 1844 quaererent,
1633 1791 1749 1830 effent
1768 1791 1828 1830 illi

445 1856 602 1916 quidem
625 1860 857 1913 desperandi,
880 1859 939 1896 sed
961 1868 1088 1896 tamen
1108 1858 1224 1896 effent
1239 1857 1406 1896 ferendi:
1430 1858 1503 1896 hoc
1525 1872 1613 1896 vero
1628 1858 1714 1910 quis
1730 1856 1827 1896 ferre

446 1929 571 1982 poffit,
593 1928 728 1965 inertes
750 1925 927 1963 homines
949 1924 1158 1963 fortiffimis
1175 1925 1263 1962 viris
1281 1925 1459 1970 insultari,
1482 1924 1716 1962 stultiffimos
1733 1938 1827 1976 pru-

447 1993 686 2037 dentiffimis,
718 1992 881 2029 ebriosos
903 1990 1049 2035 sobriis,
1072 1990 1305 2028 dormientes
1326 1990 1575 2042 vigilantibus
1595 1990 1607 2026 ?
1639 1990 1707 2042 qui
1728 1988 1828 2027 mihi
1876 2029 1880 2032 ,

446 2060 670 2099 accubantes
710 2058 749 2095 in
788 2057 987 2100 conviviis,
1026 2057 1220 2108 complexi
1259 2056 1437 2094 mulieres
1471 2056 1701 2108 impudicas,
1740 2056 1830 2094 vino

447 2126 631 2178 languidi,
663 2122 824 2161 conferti
846 2123 949 2167 cibo,
981 2122 1083 2159 sertis
1105 2122 1288 2167 redimiti,
1314 2122 1518 2174 unguentis
1539 2121 1666 2166 obliti,
1688 2121 1828 2159 debili·
1878 2117 1880 2119 ¹

449 2192 515 2230 tati
547 2190 697 2241 stupris,
728 2190 897 2226 eructant
928 2187 1166 2225 sermonibus
1197 2187 1271 2224 suis
1303 2187 1446 2225 caedem
1478 2187 1683 2231 bonorum,
1714 2196 1827 2239 atque

449 2256 553 2296 urbis
571 2255 758 2294 incendia.

504 2322 659 2374 Qibus
694 2334 764 2373 ego
797 2319 950 2357 confido
983 2319 1204 2372 impendere
1240 2317 1362 2356 fatum
1395 2319 1578 2372 aliquod,
1615 2327 1652 2356 et
1682 2331 1826 2370 poenas,

445 2389 593 2442 jamdiu
629 2385 882 2439 improbitati,
931 2385 1125 2437 nequitiae,
1175 2384 1314 2429 sceleri,
1364 2385 1518 2423 libidini
1556 2385 1715 2428 debitas,
1763 2391 1828 2421 aut

449 2455 580 2493 instare
605 2455 687 2505 jam
719 2452 843 2506 plane,
874 2460 938 2490 aut
964 2461 1064 2490 certe
1087 2452 1170 2504 jam
1190 2451 1507 2505 appropinquare.
1543 2451 1653 2502 Qos
1673 2449 1699 2487 fi
1720 2460 1828 2487 meus
