2912 4368
884 1284 964 1324 314
1309 1261 1729 1309 ORATIO,
1801 1262 1877 1302 δίε.

884 1379 922 1406 et
954 1369 1137 1418 lacrymas
1172 1364 1410 1408 reciderunt,
1443 1372 1505 1408 ut,
1536 1363 1605 1415 qui
1637 1362 1753 1415 paulo
1784 1371 1871 1399 ante
1902 1360 2034 1400 consul
2067 1360 2281 1414 designatus

886 1434 1012 1472 fuiffet
1032 1462 1042 1477 ‚
1074 1432 1254 1470 retineret
1283 1439 1437 1482 repente
1464 1429 1620 1467 nullum
1640 1428 1845 1481 vestigium
1868 1428 2033 1480 pristinae
2054 1428 2252 1480 dignitatis
2271 1428 2279 1464 l

887 1500 996 1551 Qid
1017 1500 1122 1538 enim
1145 1507 1222 1535 erat
1243 1497 1361 1541 mali,
1393 1496 1499 1549 quod
1519 1495 1633 1540 huic,
1666 1495 1825 1548 spoliato
1846 1494 1991 1533 honore
2006 1524 2016 1539 ,
2048 1494 2171 1539 fama,
2203 1493 2285 1532 for-

887 1568 991 1605 tunis
1007 1596 1017 1611 ,
1049 1565 1167 1604 deess'e
1188 1565 1379 1602 videretur
1400 1565 1411 1600 ?
1444 1572 1508 1601 aut
1529 1563 1592 1601 cui
1615 1576 1720 1600 novae
1741 1562 1951 1600 calamitati
1972 1562 2080 1600 locus
2103 1562 2203 1599 ullus
2225 1574 2284 1599 re-

886 1634 1001 1672 lietus
1022 1632 1141 1670 efi'et?
1174 1633 1299 1683 Urget
1319 1630 1451 1668 eadem
1478 1628 1654 1673 fortuna,
1686 1643 1771 1681 quae
1797 1629 1943 1681 coepit:
1977 1629 2115 1681 reperit
2141 1641 2288 1666 novum

888 1713 1116 1738 mcerorem:
1138 1712 1213 1735 non
1235 1698 1377 1749 patitur
1398 1695 1600 1733 hominem
1621 1694 1904 1739 calamitosum,
1928 1708 2006 1733 uno
2027 1694 2145 1733 modo
2162 1693 2286 1732 afflic-

890 1777 991 1811 tum,
1024 1780 1102 1803 uno
1122 1766 1161 1801 in
1182 1765 1289 1801 luctu
1310 1763 1445 1815 perire.

948 1833 1019 1871 Sed
1033 1833 1117 1883 jam
1139 1830 1330 1881 impedior
1351 1837 1519 1880 egomet,
1542 1828 1711 1878 Judices,
1733 1828 1863 1866 dolore
1884 1829 2017 1874 animi,
2040 1842 2086 1867 ne
2106 1828 2152 1866 de
2172 1827 2287 1881 hujus

893 1900 1042 1938 miseria
1062 1899 1171 1950 plura
1192 1897 1332 1933 dicam.
1366 1895 1507 1932 Vestrae
1524 1896 1605 1947 jam
1629 1895 1714 1932 sunt
1735 1904 1871 1947 partes,
1896 1896 2078 1945 Judices;
2111 1896 2151 1932 in
2173 1896 2289 1933 vestra

894 1964 1184 2004 mansuetudine
1206 1972 1320 2015 atque
1342 1961 1582 1999 humanitate
1602 1961 1752 1998 causan]
1777 1970 1895 1998 totam
1927 1974 2082 2013 repono.
2117 1961 2196 1998 Vos
2212 1990 2221 2005 ,
2253 1970 2292 1998 et

895 2032 1097 2083 rejec‘lione
1119 2029 1348 2081 interposita,
1382 2027 1480 2065 nihil
1504 2027 1780 2080 suspicantibus
1803 2027 1928 2070 nobis,
1952 2026 2142 2079 repentini
2161 2027 2200 2063 in
2223 2040 2290 2064 nos

887 2099 1039 2151 judices
1061 2096 1278 2134 consedistis
1295 2124 1304 2139 ‚
1337 2095 1382 2132 ab
1404 2093 1683 2131 accusatoribus
1706 2092 1842 2130 delecti
1863 2093 1908 2130 ad
1930 2093 2034 2145 spem
2054 2093 2291 2137 acerbitatis,

894 2179 914 2203 a
945 2164 1100 2203 fortuna
1131 2163 1242 2201 nobis
1274 2162 1320 2199 ad
1352 2161 1567 2214 praesidium
1600 2160 1830 2198 innocentiae
1857 2160 2069 2198 constituti.
2102 2161 2160 2198 Ut
2191 2173 2291 2212 ego,

895 2233 992 2286 quid
1013 2232 1059 2270 de
1079 2245 1140 2269 me
1161 2230 1325 2283 populus
1348 2231 1550 2266 Romanus
1571 2228 1804 2265 existimaret
1820 2257 1831 2272 ,
1862 2228 1953 2278 quia
1981 2226 2127 2265 severus
2151 2228 2190 2265 in
2213 2228 2291 2265 im-

896 2300 1035 2353 probos
1057 2297 1218 2340 fueram,
1237 2296 1417 2340 laboravi,
1440 2304 1491 2339 et,
1511 2308 1595 2346 quae
1618 2294 1741 2347 prima
1762 2293 1979 2332 innocentis
2001 2292 2101 2331 mihi
2122 2293 2292 2332 defensio

896 2366 948 2404 est
967 2365 1109 2409 oblata,
1141 2363 1283 2415 suscepi
1301 2381 1311 2406 5
1345 2362 1393 2399 fic
1414 2376 1480 2399 vos
1501 2361 1737 2399 severitatem
1752 2360 2007 2411 judiciorum,
2030 2374 2114 2412 quae
2136 2373 2199 2412 per
2220 2358 2291 2397 hos

898 2431 1044 2470 menses
1064 2431 1103 2467 in
1124 2428 1302 2467 homines
1324 2427 1586 2465 audacissimos
1608 2426 1705 2464 faena
1725 2427 1776 2463 est
1794 2455 1804 2471 ‚
1838 2426 1993 2464 lenitate
2012 2440 2054 2463 ac
2076 2425 2291 2463 misericor-

898 2499 960 2537 dia
980 2497 1169 2549 mitigate.
1194 2496 1285 2533 Hoc
1307 2508 1399 2532 cum
1420 2495 1625 2546 impetrare
1646 2506 1666 2531 a
1685 2493 1793 2531 vobis
1815 2493 1892 2545 ipsa
1911 2493 2020 2531 causa
2040 2493 2181 2536 debet3
2205 2502 2291 2530 tum

898 2565 949 2604 est
981 2564 1093 2603 vestri
1123 2562 1243 2599 animi
1276 2571 1389 2613 atque
1420 2561 1572 2598 virtutis
1605 2560 1806 2605 declarare,
1838 2573 1915 2597 non
1947 2559 2017 2597 effe
2044 2572 2107 2597 eos
2135 2572 2215 2603 VOS,
2246 2559 2293 2597 ad

898 2645 996 2685 quos
1017 2629 1272 2683 potiflimum,
1304 2627 1524 2680 interposita
1544 2626 1758 2680 rejectione,
1784 2626 1959 2664 devenire
1980 2626 2214 2665 convenerit.
2248 2626 2293 2663 In

898 2712 978 2751 quo
998 2711 1095 2750 ego,
1127 2696 1309 2747 Judices‚
1341 2708 1431 2740 vos,
1463 2704 1654 2746 quantum
1676 2707 1785 2732 meus
1806 2707 1912 2732 amor
1940 2694 1980 2731 in
2009 2706 2074 2731 vos
2101 2692 2290 2745 postulat,

900 2770 1052 2799 tantum
1073 2758 1221 2802 hortor,
1255 2767 1296 2795 ut
1318 2756 1519 2794 communi
1542 2756 1679 2800 studio,
1712 2756 1896 2807 quoniam
1919 2756 1958 2793 in
1981 2755 2177 2807 republica
2196 2767 2291 2791 con-

894 2827 1020 2878 junffifi
1043 2827 1188 2869 sumus,
1220 2822 1512 2861 mansuetudine
1532 2831 1569 2860 et
1590 2822 1849 2860 misericordia
1868 2821 1997 2866 vestra,
2029 2820 2159 2858 falsam
2180 2832 2201 2857 a
2222 2832 2292 2857 no-=

902 2894 960 2932 bis
983 2891 1216 2930 crudelitatis
1240 2889 1383 2928 faunam
1406 2888 1650 2941 repellamuffl
