2212 2835
677 166 818 207 PRO
877 162 1095 205 DOMO
1155 160 1298 200 SUA.
1609 168 1685 208 39,-

292 276 426 330 posse?
459 275 522 313 An
542 271 618 311 istae
639 267 894 308 dedicationes
913 294 923 311 ,
955 272 992 302 et
1019 261 1257 315 templorum
1285 267 1323 296 et
1350 255 1600 296 delubrorum
1627 265 1687 291 re-

293 343 472 395 ligiones,
503 339 548 378 ad
583 337 773 375 honorem
807 334 983 371 Deorum
1013 326 1297 366 immortalium
1327 324 1402 362 fine
1435 321 1513 359 ulla
1541 318 1689 358 civium

293 409 512 448 calamitate
531 419 551 444 a
571 402 779 456 majoribus
800 398 935 437 nostris
957 395 1172 434 constitutae
1193 391 1279 430 sunt
1298 391 1310 427 ?
1331 389 1398 427 Est
1418 389 1596 426 inventus
1618 384 1689 423 tri-

294 477 423 515 bunus
444 473 583 528 plebis,
614 469 697 522 qui,
728 464 989 506 consularibus
1011 460 1132 514 copiis
1153 458 1373 500 instructus,
1404 454 1513 493 omni
1540 454 1690 505 impetu

295 541 435 580 furoris
456 540 495 577 in
516 550 607 575 eum
626 535 755 572 civem
776 529 928 569 irruerit
945 557 955 573 ,
987 539 1106 579 quem
1133 522 1353 577 perculsum
1382 519 1460 573 ipsa
1479 517 1693 571 respublica

296 607 371 645 suis
391 604 570 644 manibus
588 599 803 639 extolleret.

351 670 501 711 XLVI.
534 666 658 720 Qid,
689 665 715 705 fi
735 663 822 717 quis
842 660 976 701 fimilis
997 658 1102 697 istius
1125 657 1269 709 (neque
1288 653 1395 692 enim
1411 652 1493 705 jam
1520 649 1694 692 deerunt,

245 786 249 790 .
297 738 368 792 qui
389 735 533 775 imitari
554 733 702 783 velint)
726 731 897 782 aliquem
919 726 997 765 mei
1017 722 1240 763 diffimilem
1259 749 1271 766 ‚
1302 719 1367 758 cui
1386 716 1599 770 respublica
1619 728 1698 752 non

299 812 454 843 tantum
474 801 608 839 debeat
626 827 637 843 ,
668 810 735 850 per
755 796 837 833 vim
857 791 1034 831 afflixerit
1050 819 1061 835 ‚
1093 789 1255 827 domum
1283 785 1364 838 ejus
1385 797 1453 837 per
1472 780 1700 835 pontificem

300 868 512 912 dedicarit,
544 865 584 903 id
604 877 669 903 vos
690 862 758 901 ista
777 859 1000 899 auctoritate
1025 853 1265 894 constituetis
1294 859 1421 890 ratum
1447 848 1518 888 effe
1544 855 1699 901 oporte-

302 950 343 976 re
360 937 373 974 ?
405 933 572 978 Dicetis,
593 944 711 984 quem
733 927 894 982 reperiet
914 923 1139 979 pontificem
1159 921 1172 958 ?
1194 919 1304 972 Qid
1323 919 1335 956 ?
1359 926 1395 956 et
1416 916 1595 955 tribunus
1608 904 1609 907 Ἰ
1617 914 1701 968 ple-

304 1003 364 1042 bis
384 1002 489 1041 idem
508 998 579 1038 effe
599 1011 677 1036 non
699 994 821 1049 potest
847 990 1053 1046 pontifex?
1085 989 1149 1028 M.
1173 986 1322 1026 Drusus
1343 1014 1354 1031 ‚
1385 983 1451 1022 ille
1476 980 1702 1021 clariffimus

304 1069 484 1108 tribunus
506 1065 643 1120 plebis,
675 1060 851 1115 pontifex
871 1058 960 1097 fuit.
993 1057 1113 1109 Ergo,
1144 1055 1171 1093 fi
1192 1055 1223 1092 is
1244 1048 1530 1105 QCaepionss,
1552 1046 1705 1086 inimici

306 1135 376 1181 sui,
393 1133 542 1188 postem
561 1130 704 1169 aedium
724 1125 913 1170 tenuiffet,
931 1133 969 1162 et
989 1135 1110 1177 pauca
1129 1120 1242 1161 verba
1259 1116 1418 1163 fecisset,
1435 1115 1530 1155 aedes
1552 1113 1706 1166 Caepi00

307 1202 367 1241 nis
387 1200 505 1239 essent
527 1197 709 1237 dedicatae
727 1195 740 1232 ?

363 1266 482 1307 Nihil
503 1266 642 1317 loquor
661 1262 708 1300 de
728 1258 930 1314 pontificio
944 1259 1045 1310 jure,
1077 1253 1177 1293 nihil
1199 1253 1246 1291 de
1267 1251 1382 1304 ipsius
1405 1247 1531 1288 verbis
1553 1246 1707 1285 dedica-

307 1335 441 1380 tionis,
463 1331 563 1372 nihil
583 1331 630 1369 de
650 1328 850 1381 religione,
872 1322 1111 1363 caeremoniis
1131 1336 1138 1359 :
1172 1333 1251 1358 non
1268 1315 1464 1356 diffimulo
1485 1328 1549 1354 me
1569 1314 1711 1352 nescire

309 1415 366 1447 ea,
397 1414 497 1453 quae,
528 1397 645 1436 etiam
666 1395 692 1434 si
712 1394 862 1437 scirem,
893 1389 1185 1432 diffimularem,
1212 1399 1259 1424 ne
1279 1383 1362 1423 aliis
1384 1381 1581 1426 molestus,
1603 1380 1711 1419 vobis

312 1469 429 1506 etiam
449 1464 634 1508 curiosus,
664 1461 838 1500 viderer:
870 1457 935 1495 etsi
957 1455 1123 1494 effluunt
1142 1452 1268 1491 multa
1287 1465 1334 1489 ex
1355 1449 1472 1488 vestra
1499 1447 1713 1500 disciplina,

313 1549 399 1588 quae
429 1534 546 1571 etiam
575 1530 620 1568 ad
641 1528 783 1567 nostras
815 1537 921 1562 aures
951 1523 1047 1574 saepe
1073 1527 1314 1574 permanant.
1347 1516 1500 1556 Postem
1527 1514 1647 1554 teneri
1673 1514 1715 1551 in

314 1599 555 1639 dedicatione
575 1603 750 1649 oportere
769 1590 899 1630 videor
919 1587 1058 1627 audiffe
1079 1586 1218 1639 templi
1236 1599 1245 1624 :
1277 1584 1333 1622 ibi
1358 1583 1465 1621 enirn
1489 1581 1606 1634 postis
1634 1579 1687 1617 est
1702 1607 1714 1624 ,

316 1668 385 1706 ubi
406 1664 543 1718 templi
563 1663 688 1701 aditus
709 1659 762 1697 est
779 1687 789 1703 ‚
820 1667 858 1696 et
887 1656 1015 1694 valvae.
1047 1651 1340 1692 Ambulationis
1360 1649 1481 1703 postes
1504 1660 1619 1686 nemo
1640 1659 1716 1684 un-

317 1746 436 1787 quam
457 1730 581 1769 tenuit
599 1729 640 1766 in
661 1723 886 1765 dedicando.
920 1720 1180 1760 Simulacrum
1201 1727 1345 1762 autem,
1377 1724 1442 1754 aut
1461 1727 1579 1758 aram,
1601 1712 1627 1751 fi
1648 1712 1716 1749 de-

318 1799 464 1843 dicasti,
496 1797 573 1835 sine
601 1793 788 1846 religione
817 1790 904 1828 loco
935 1787 1081 1826 moveri
1111 1784 1246 1839 potest.
1279 1784 1352 1821 Sed
1377 1783 1459 1834 jam
1488 1779 1564 1818 hoc
1594 1778 1720 1817 dicere

319 1866 394 1905 tibi
415 1878 491 1904 non
514 1861 661 1906 licebit,
692 1857 876 1911 quoniam
900 1853 1127 1909 pontificem
1149 1849 1306 1890 tenuiffe
1327 1847 1469 1887 dixisti.

376 1929 549 1970 XLVII.
582 1928 819 1979 Qanquam
855 1921 951 1975 quid
984 1933 1058 1972 ego
1091 1919 1138 1956 de
1175 1916 1416 1955 dedicatione
1450 1913 1585 1965 loquar
1603 1911 1615 1947 ?
1655 1918 1722 1948 aut

321 1996 418 2052 quid
438 1996 484 2033 de
502 1993 623 2033 vestro
638 1993 725 2045 jure
744 1999 782 2028 et
803 1988 999 2040 religione,
1030 1993 1164 2023 contra
1184 1996 1299 2035 quam
1327 1979 1612 2034 proposueram,
1644 1974 1720 2014 dis-

324 2061 500 2117 putabo?
532 2060 619 2112 Ego
651 2070 755 2101 ver0,
792 2055 817 2093 fi
847 2053 980 2093 omnia
1009 2049 1261 2090 sollemnibus
1291 2046 1432 2090 verbis,
1463 2043 1654 2083 veteribus
1684 2048 1723 2077 et

326 2127 458 2183 priscis
479 2125 660 2165 institutis
679 2152 690 2169 ,
721 2124 801 2160 aeta
825 2120 897 2158 effe
923 2119 1119 2161 dicerem;
1153 2125 1282 2154 tamen
1308 2126 1371 2151 me
1398 2110 1619 2163 reipublicae
1635 2108 1722 2158 jure

327 2193 586 2233 defenderem.
619 2191 683 2228 An
698 2218 709 2234 ,
740 2200 832 2226 cum
854 2195 897 2224 tu
916 2186 996 2238 ejus
1017 2183 1111 2221 civis
1132 2179 1288 2219 disceffu
1304 2208 1313 2223 ,
1345 2178 1454 2229 cujus
1476 2175 1590 2213 unius
1610 2185 1722 2224 opera

329 2262 476 2300 senatus
497 2267 611 2310 atque
630 2268 764 2295 omnes
786 2253 879 2292 boni
899 2251 1096 2290 civitatem
1118 2247 1188 2285 effe
1212 2246 1451 2284 incolumem
1479 2241 1588 2279 toties
1613 2238 1721 2289 judi-

330 2325 469 2365 caffent
486 2353 497 2369 ,
528 2320 738 2375 oppressam
763 2318 962 2357 teterrimo
981 2313 1184 2354 latrocinio
1205 2326 1294 2350 cum
1316 2309 1466 2347 duobus
1489 2303 1721 2343 sceleratiffi-

331 2393 406 2432 mis
427 2388 648 2429 consulibus
670 2385 952 2438 rempublicam
973 2391 1141 2424 tenere53
1173 2378 1333 2416 domum
1355 2375 1448 2425 eju3‚
1471 2372 1539 2424 qui
1562 2370 1722 2423 patriam

330 2474 351 2498 a
371 2459 405 2498 se
425 2459 605 2496 servatam
627 2453 748 2507 perire
764 2450 830 2490 suo
848 2449 1006 2489 nomine
1024 2445 1212 2487 noluisset,
1231 2456 1296 2495 per
1313 2439 1538 2494 pontificem
1554 2438 1723 2489 aliquem

1221 2511 1258 2548 D
1290 2509 1313 2546 d
1343 2508 1367 2545 d
1399 2520 1419 2545 2
