2212 2835
754 218 894 257 PRO
952 218 1002 257 L.
1063 216 1402 256 MURENA.
1716 234 1787 270 241

393 320 491 358 ciosa
520 319 703 372 designati
731 319 893 365 tribuni,
924 319 1082 372 collegae
1111 319 1196 357 tui:
1230 327 1363 356 contra
1390 331 1508 371 quem
1531 319 1703 358 multum
1726 330 1790 358 tua

394 400 519 430 mens,
552 385 724 423 multum
755 399 889 423 omnes
922 385 1015 422 boni
1041 385 1304 437 providerunt,
1337 386 1405 435 qui
1433 393 1469 422 te
1495 385 1541 423 ad
1572 386 1788 424 tribunatus

392 453 622 505 petitionem
642 460 885 488 vocaverunt.
921 451 1080 494 Omnia,
1112 463 1198 502 quae
1215 463 1282 501 per
1307 446 1383 485 hoc
1411 450 1621 489 triennium
1648 453 1788 504 agitata

393 518 480 555 sunt
494 519 577 569 jam
598 517 645 554 ab
665 530 710 554 eo
731 525 916 569 tempore,
939 529 1017 568 quo
1037 529 1057 553 a
1077 517 1125 553 L.
1142 515 1311 553 Catilina
1330 523 1368 552 et
1389 515 1464 552 Cn.
1488 517 1623 554 Pisone
1643 518 1786 556 initum

350 592 351 595 ’
392 583 596 621 confilium
624 582 770 620 senatus
800 581 1059 620 interficiendi
1087 581 1189 620 scitis
1221 581 1306 627 effe,
1342 579 1383 618 in
1413 579 1484 620 hos
1516 583 1610 628 dies,
1646 584 1685 621 in
1718 583 1786 622 hos

390 649 552 693 menses,
585 649 624 686 in
645 647 720 686 hoc
743 657 909 701 tempus,
940 656 1164 701 erumpunt.

445 716 528 771 Qi
565 715 672 754 locus
704 715 770 760 est,
801 715 974 766 Judices,
1006 715 1111 767 quod
1143 724 1311 768 tempus,
1344 717 1412 770 qui
1443 715 1539 760 dies,
1576 729 1662 768 quae
1693 730 1785 762 nox,

389 795 481 820 cum
500 796 571 835 ego
588 795 666 820 non
682 795 728 820 ex
747 782 907 819 istorum
925 781 1069 819 infidiis
1090 795 1133 819 ac
1150 783 1420 828 mucronibus,
1443 795 1520 819 non
1537 781 1662 820 solum
1683 796 1786 828 meo,

391 846 452 886 sed
481 848 607 886 multo
633 849 749 885 etiam
776 847 898 900 magis
925 846 1071 891 divino,
1102 846 1276 893 confilio,
1304 849 1441 902 eripiar
1469 856 1584 900 atque
1604 848 1786 886 evolem?

391 914 533 966 Neque
561 914 621 951 isti
649 927 713 951 me
739 927 827 952 meo
854 913 1012 952 nomine
1039 913 1219 958 interfici,
1250 913 1311 952 sed
1340 914 1566 968 vigilantem
1589 914 1787 953 consulem

389 980 437 1018 de
467 980 689 1033 reipublicae
718 980 890 1033 praefidio
920 980 1136 1025 demovere,
1177 980 1336 1020 volunt:
1369 994 1439 1019 nec
1468 981 1598 1019 minus
1628 980 1785 1027 vellent,

392 1047 505 1092 Cato,
538 1056 574 1084 te
606 1060 761 1100 quoque
792 1046 919 1099 aliqua
949 1046 1108 1091 ratione,
1139 1046 1164 1084 fi
1197 1046 1357 1099 possent,
1393 1046 1556 1085 tollere:
1593 1047 1633 1085 id
1665 1048 1785 1099 quod,

391 1111 491 1151 mihi
513 1113 637 1157 crede,
668 1122 706 1150 et
726 1122 858 1165 agunt,
889 1121 928 1150 et
947 1112 1177 1150 moliuntur.
1210 1113 1371 1157 Vident,
1403 1122 1593 1165 quantum
1614 1113 1654 1151 in
1682 1122 1719 1151 te
1742 1114 1787 1152 fit

391 1180 525 1225 animi,
557 1187 748 1231 quantum
781 1178 942 1231 ingenii,
975 1186 1167 1231 quantum
1199 1179 1449 1223 auctoritatis,
1485 1188 1676 1231 quantum
1709 1180 1786 1218 rei-

389 1245 557 1298 publicae
576 1244 764 1298 praefidii:
797 1244 872 1290 sed,
904 1258 996 1283 cum
1017 1243 1205 1282 consulari
1226 1244 1449 1283 auctoritate
1476 1253 1514 1282 et
1534 1245 1679 1284 auxilio
1699 1245 1786 1299 spo-

389 1310 520 1357 liatam
542 1310 622 1348 vim
643 1310 888 1350 tribunitiam
909 1310 1087 1355 viderint,
1113 1319 1198 1348 tum
1220 1309 1255 1348 se
1274 1309 1427 1348 facilius
1449 1310 1638 1349 inermem
1659 1319 1698 1349 et
1717 1312 1786 1349 de-

391 1376 588 1416 bilitatum
610 1386 647 1415 te
668 1377 904 1430 oppressuros
925 1377 1167 1415 arbitrantur.
1195 1377 1317 1422 Nam,
1339 1390 1387 1414 ne
1408 1376 1618 1415 sufficiatur
1638 1377 1785 1422 consul,

390 1456 468 1482 non
490 1444 658 1483 timent:
690 1444 820 1482 vident
847 1444 887 1482 in
919 1453 1074 1482 tuorum
1102 1443 1284 1496 potestate
1304 1443 1540 1496 collegarum
1560 1443 1668 1482 fore:
1702 1443 1785 1497 spe-

389 1519 474 1548 rant
500 1510 569 1548 fibi
596 1510 786 1554 Silanum,
817 1510 966 1547 clarum
993 1509 1135 1553 virum,
1166 1509 1243 1546 fine
1267 1508 1430 1562 collega,
1462 1517 1499 1547 te
1519 1509 1596 1547 fine
1615 1509 1784 1556 consule,

390 1575 674 1627 rempublicam
697 1578 773 1613 fine
793 1574 977 1628 praesldio,
1009 1574 1127 1626 objici
1148 1573 1264 1626 poffe.

447 1642 523 1679 His
561 1642 676 1679 tantis
711 1642 750 1679 in
782 1641 908 1686 rebus,
945 1640 1135 1692 tantisque
1168 1641 1209 1679 in
1240 1641 1435 1693 periculis,
1471 1642 1524 1680 est
1555 1651 1684 1688 tuum,
1718 1644 1783 1682 M.

391 1707 504 1751 Cato,
527 1707 594 1759 qui
616 1720 692 1744 non
714 1706 827 1749 mth,
860 1720 936 1745 non
959 1707 1044 1751 tibi,
1070 1706 1131 1743 sed
1152 1707 1295 1759 patriae,
1327 1716 1437 1745 natus
1458 1721 1511 1752 es,
1542 1708 1669 1746 videre
1689 1709 1785 1761 quid

389 1781 535 1825 agatur,
583 1772 742 1810 retinere
782 1773 1010 1824 adjutorem,
1052 1771 1302 1818 defensorem,
1344 1773 1491 1812 socium
1531 1774 1571 1812 in
1610 1775 1784 1828 republi-

387 1853 444 1884 ca,
476 1838 673 1877 consulem
703 1852 782 1876 non
814 1839 1018 1892 cupidum,
1050 1838 1262 1885 consulem,
1294 1840 1398 1892 quod
1430 1841 1599 1879 maxime
1631 1850 1784 1895 tempus

387 1904 464 1944 hoc
498 1905 676 1959 postulat,
716 1905 871 1943 fortuna
906 1905 1161 1944 constitutum
1201 1906 1247 1943 ad
1285 1907 1586 1959 amplexandum
1625 1908 1779 1954 otium3

390 1967 559 2012 scientia,
590 1967 636 2005 ad
670 1967 819 2005 bellum
852 1967 1094 2021 gerendum3
1126 1967 1256 2006 animo
1290 1977 1328 2005 et
1362 1968 1444 2013 usu,
1475 1969 1520 2007 ad
1555 1969 1659 2023 quod
1691 1971 1779 2011 velis

387 2033 604 2084 negotium.

444 2100 639 2138 XXXIX.
672 2101 908 2153 Qanquam
929 2099 1088 2154 hujusce
1109 2101 1163 2139 rei
1183 2101 1344 2155 potestas
1365 2103 1493 2140 omnis
1520 2102 1560 2140 in
1587 2103 1694 2141 vobis
1718 2104 1782 2141 sita

389 2163 455 2209 est,
485 2165 668 2215 Judices:
702 2175 822 2204 totam
843 2167 1126 2219 rempublicam
1155 2181 1220 2206 vos
1248 2168 1286 2205 in
1311 2166 1382 2205 hac
1405 2167 1513 2205 causa
1534 2169 1683 2213 tenetis,
1716 2183 1781 2206 vos

390 2230 625 2282 gubernatis.
658 2232 696 2269 Si
724 2233 771 2270 L.
796 2233 963 2271 Catilina
988 2247 1080 2271 curn
1108 2233 1173 2271 suo
1199 2234 1358 2271 consilio
1387 2233 1619 2271 nefariorum
1647 2233 1779 2271 homi-

390 2310 500 2340 num,
533 2310 629 2348 quos
651 2296 779 2335 secum
799 2299 946 2344 eduxit,
977 2298 1048 2337 hac
1069 2299 1114 2337 de
1139 2313 1176 2337 re
1196 2299 1313 2352 poss‘et
1328 2300 1513 2351 judicare,
1543 2299 1779 2337 condemna-

390 2372 447 2400 ret
473 2364 521 2400 L.
552 2364 787 2402 Murenam:
820 2365 846 2402 fi
874 2365 1085 2404 interficere
1106 2366 1238 2418 posset,
1269 2366 1475 2404 occideret.
1510 2366 1652 2402 Petunt
1673 2367 1778 2404 enim

390 2429 552 2467 rationes
592 2429 712 2475 illius,
753 2439 795 2467 ut
834 2431 989 2469 orbetur
1027 2432 1171 2470 auxilio
1211 2431 1450 2484 respublica;
1502 2439 1543 2466 ut
1584 2431 1781 2470 minuatur

389 2502 523 2533 contra
553 2494 666 2533 suum
697 2488 868 2534 furorem
900 2496 1177 2550 imperatorum
1209 2497 1344 2548 copia;
1383 2504 1425 2532 ut
1464 2496 1585 2547 major
1619 2494 1778 2536 facultas

474 2561 539 2599 To
551 2573 601 2598 M.
626 2560 676 2599 V.
1381 2561 1422 2598 H
1452 2559 1480 2597 h
