2212 2835
543 191 629 227 DE
689 190 1162 228 HARUSPICUM
1222 188 1615 228 RESPONSIS.
1698 205 1776 244 409

379 287 563 340 supplicii
578 290 660 340 jam
682 302 759 326 non
780 289 960 326 diuturna
982 287 1204 339 implicatus
1222 317 1233 332 ,
1266 287 1408 326 feretur
1428 297 1557 328 tamen
1578 288 1750 328 haefit‘ans
1766 320 1776 334 ‚

377 362 420 390 ct
440 354 479 391 in
502 368 564 392 me
583 355 776 406 impetum
798 354 1007 406 impeditus
1027 353 1150 390 facere
1170 354 1371 391 conabitur
1388 372 1400 398 ς
1432 355 1610 400 resistam,
1641 364 1692 400 et,
1714 365 1778 393 aut

377 420 616 457 concedente
633 449 643 464 ,
675 429 740 457 aut
760 419 874 457 etiam
895 419 1096 470 adjuvante
1110 447 1120 462 ,
1153 418 1306 456 Milone
1323 448 1334 462 ‚
1365 420 1444 470 ejus
1467 430 1649 458 conatum
1671 420 1776 458 refu—

380 485 493 523 tabo:
514 486 618 523 velut
638 484 812 522 hesterno
833 485 908 528 die,
927 498 1019 521 curn
1040 482 1139 521 mihi
1160 484 1272 521 stanti
1293 493 1418 522 tacens
1441 486 1663 531 minaretur,
1685 501 1777 525 voce

382 559 535 588 tantum
555 551 664 602 attigi
682 551 814 602 legum
835 550 993 587 initium
1015 558 1052 586 et
1068 549 1232 601 judicii:
1266 549 1435 587 consedit
1454 550 1520 587 ille
1538 579 1549 595 ‚
1571 553 1774 591 conticuit.

381 616 501 653 Diem
521 616 669 653 dixiffet
683 644 694 659 ,
725 624 768 653 ut
787 614 928 653 fecerat
946 629 954 653 :
986 613 1157 652 fecissem
1175 643 1186 659 ,
1219 624 1262 652 ut
1281 615 1316 652 ei
1336 615 1462 653 statim
1484 617 1617 654 tertius
1639 630 1659 654 a
1678 631 1776 670 prae-

380 688 462 717 tore
481 681 560 718 dies
581 681 781 719 diceretur.
816 682 945 733 Atque
965 679 1040 718 hoc
1061 680 1110 718 fic
1130 680 1364 725 moderetur,
1386 690 1425 718 et
1444 682 1602 734 cogitet,
1634 683 1660 720 fi
1680 696 1776 721 con-

382 754 510 784 tentus
531 746 576 784 fit
597 746 640 785 iis
662 746 881 791 sceleribus,
913 760 998 798 quae
1024 746 1233 790 commisit,
1258 747 1342 797 jam
1367 745 1402 784 se
1421 747 1492 785 effe
1512 747 1776 787 consecratum

378 810 527 848 Miloni
544 830 556 856 ;
588 812 614 849 fi
635 811 739 862 quod
759 811 799 848 in
821 825 885 848 me
906 811 1029 849 telum
1051 811 1285 856 intenderit,
1316 810 1445 850 statim
1474 825 1537 850 me
1556 812 1628 851 effe
1647 826 1775 868 arrep-

377 885 514 915 turum
534 890 636 915 arma
650 877 888 929 judiciorum
909 886 1022 929 atque
1043 878 1190 930 legum.

436 944 564 995 Atqui
584 943 698 996 paulo
718 954 819 988 ante,
851 945 979 982 Patres
1007 943 1227 996 conscripti,
1258 944 1487 983 concionem
1509 944 1660 991 habuit,
1691 961 1775 999 quae

377 1007 434 1046 est
454 1008 501 1047 ad
519 1022 584 1047 me
604 1017 683 1047 tota
702 1009 846 1048 delata:
879 1010 987 1061 cujus
1007 1009 1205 1047 concionis
1226 1008 1398 1062 primurn
1421 1012 1641 1050 universum
1660 1025 1774 1065 argu-

381 1084 561 1114 mentum
583 1075 887 1128 sententiamque
907 1075 1034 1114 audite
1053 1090 1063 1114 ι
1094 1089 1187 1114 cum
1213 1075 1366 1114 riseritis
1393 1076 1676 1129 impudentiam
1699 1077 1773 1116 ho·

374 1143 513 1187 ·minis,
546 1152 631 1181 tum
651 1156 671 1180 a
691 1157 752 1181 me
773 1143 818 1180 de
839 1151 918 1181 tota
937 1143 1124 1181 concione
1144 1142 1319 1181 audietis.

436 1209 488 1246 V.
520 1210 582 1247 De
602 1209 853 1262 religionibus
874 1209 984 1247 sacris
1005 1218 1044 1247 et
1063 1209 1300 1247 caeremoniis
1322 1209 1375 1247 est
1394 1210 1642 1249 concionatus
1656 1240 1667 1256 ,
1700 1212 1773 1250 Pa-

380 1283 455 1312 tres
483 1275 706 1327 conscripti,
738 1275 929 1313 Clodius:
963 1275 1007 1313 P.
1030 1275 1205 1327 inquam,
1238 1274 1401 1313 Clodius
1428 1275 1527 1313 sacra
1552 1286 1590 1314 et
1616 1277 1772 1329 religio-

379 1353 446 1379 nes
480 1341 641 1394 negligi,
672 1341 819 1386 violari,
851 1341 988 1393 pollui,
1021 1340 1172 1392 questus
1207 1340 1272 1379 est.
1311 1341 1405 1379 Non
1441 1343 1601 1387 mirum,
1639 1343 1664 1380 fi
1699 1343 1774 1382 hoc

379 1406 488 1445 vobis
510 1407 720 1446 ridiculum
741 1407 917 1445 videtur:
939 1407 1056 1444 etiam
1078 1406 1141 1443 sua
1160 1407 1298 1444 concio
1318 1407 1409 1452 risit,
1432 1406 1650 1454 hominem,
1673 1423 1773 1461 quo-

379 1473 498 1511 modo
532 1473 610 1526 ipse
642 1473 796 1526 gloriari
825 1473 932 1517 solet,
963 1472 1138 1510 ducentis
1170 1472 1370 1510 confixum
1401 1473 1773 1521 senatus-consultis,

380 1551 467 1589 quae
487 1537 574 1576 sunt
593 1537 726 1576 omnia
744 1546 877 1575 contra
902 1537 1017 1575 illum
1043 1551 1113 1589 pro
1139 1536 1389 1588 religionibus
1414 1537 1525 1582 facta,
1547 1538 1773 1579 hominem·

383 1616 459 1654 que
478 1616 583 1648 eum,
615 1604 683 1655 qui
704 1603 968 1656 pulvinaribus
990 1604 1104 1641 Bonae
1131 1603 1223 1641 Deae
1244 1602 1417 1654 stuprum
1437 1604 1626 1650 intulerit,
1657 1619 1775 1658 eaque

381 1669 505 1714 sacra,
536 1683 621 1721 quae
642 1669 711 1706 viri
732 1668 854 1707 oculis
872 1697 882 1713 ,
915 1682 961 1707 ne
981 1669 1238 1721 imprudentis
1260 1668 1418 1720 quidem
1437 1698 1447 1714 ,
1478 1670 1594 1722 aspici
1619 1670 1674 1709 fas
1694 1672 1747 1710 est
1761 1701 1774 1718 ,

381 1748 459 1773 non
479 1735 603 1773 solum
625 1735 773 1787 aspectu
795 1735 910 1779 virili,
942 1735 1002 1773 sed
1024 1734 1170 1787 flagitio
1190 1734 1408 1788 stuproque,
1431 1735 1594 1781 violarit,
1616 1737 1656 1775 in
1678 1751 1774 1776 con-

379 1801 491 1839 cione
525 1801 571 1839 de
604 1800 853 1852 religionibus
885 1801 1068 1853 neglectis
1101 1801 1299 1852 conqueri.
1337 1802 1473 1853 Itaque
1503 1815 1607 1840 nunc
1639 1805 1773 1856 proxi-

378 1881 445 1905 ma
478 1867 616 1905 concio
649 1867 731 1918 ejus
764 1869 984 1920 expectatur
1017 1867 1063 1905 de
1096 1866 1294 1920 pudicitia.
1333 1867 1440 1916 Qid
1470 1868 1575 1906 enim
1606 1869 1773 1915 interest,

382 1941 529 1977 utrum,
560 1933 606 1970 ab
627 1932 808 1970 altaribus
829 1933 1111 1985 religiofiffimis
1131 1932 1301 1985 fugatus,
1323 1933 1369 1971 de
1390 1933 1498 1972 sacris
1518 1943 1555 1972 et
1576 1935 1775 1988 religioni-

383 1999 454 2037 bus
474 2007 730 2052 conqueratur
747 2027 758 2043 ,
789 2012 836 2036 an
853 2027 864 2044 ,
895 2013 941 2037 ex
962 1999 1134 2038 sororum
1156 1999 1340 2037 cubiculo
1365 2000 1526 2052 egressus
1544 2030 1555 2045 ,
1586 2001 1776 2053 pudorem

382 2065 688 2117 pudicitiamque
705 2064 916 2104 defendat?
947 2066 1187 2119 Responsum
1209 2065 1455 2118 haruspicum
1476 2066 1551 2105 hoc
1572 2081 1702 2105 recens
1728 2068 1775 2105 de

382 2131 541 2169 fremitu
561 2131 602 2168 in
622 2121 808 2187 concione
828 2132 1001 2170 recitavit
1018 2147 1027 2170 ι
1060 2132 1099 2169 in
1120 2145 1198 2184 quo
1218 2145 1309 2169 cum
1331 2131 1413 2169 aliis
1434 2132 1568 2170 multis
1589 2133 1775 2184 scriptum

381 2198 496 2235 etiam
519 2197 617 2235 illud
635 2197 701 2242 est,
730 2196 771 2235 id
792 2198 896 2250 quod
915 2198 1084 2243 audistis,
1115 2199 1188 2237 loca
1201 2200 1328 2250 stzcra,
1359 2207 1393 2235 et
1419 2198 1589 2251 religiosiz,
1614 2198 1774 2249 profana

383 2263 520 2302 haberi.
554 2264 597 2301 In
619 2276 660 2300 ea
680 2264 787 2302 causa
805 2264 874 2302 esse
896 2265 994 2302 dixit
1014 2265 1175 2302 domum
1197 2277 1322 2301 meam
1339 2293 1348 2308 ,
1381 2278 1399 2301 a
1420 2264 1695 2315 religiofiffimo
1715 2264 1771 2302 sa·

383 2330 550 2374 ccrdote,
582 2330 625 2367 P.
650 2329 804 2375 Clodio,
835 2331 1103 2369 consecratam.

390 2417 393 2419 >
440 2395 599 2434 Gaudeo
632 2395 731 2433 mihi
764 2396 810 2434 de
840 2405 921 2435 toto
951 2396 1026 2434 hoc
1057 2397 1217 2440 ostento,
1249 2396 1352 2447 quod
1378 2394 1479 2432 haud
1508 2395 1583 2434 scio
1610 2409 1655 2433 an
1684 2409 1771 2447 gra-

383 2462 579 2500 viffimum
602 2461 736 2502 multis
756 2461 817 2501 his
838 2463 945 2501 annis
965 2461 1056 2500 huic
1078 2463 1202 2500 ordini
1223 2461 1443 2500 nuntiatum
1465 2461 1522 2507 sit,
1546 2461 1673 2501 datam
1695 2476 1772 2500 non

467 2530 533 2567 To
546 2541 597 2567 M.
621 2528 672 2567 V.
1352 2528 1382 2563 1³
1412 2525 1433 2563 f
1458 2526 1478 2563 f
