<?xml version="1.0" encoding="UTF-8"?>
<!DOCTYPE html PUBLIC "-//W3C//DTD XHTML 1.0 Transitional//EN"
    "http://www.w3.org/TR/xhtml1/DTD/xhtml1-transitional.dtd">
<html xmlns="http://www.w3.org/1999/xhtml" xml:lang="en" lang="en">
 <head>
  <title>
</title>
<meta http-equiv="Content-Type" content="text/html;charset=utf-8" />
  <meta name='ocr-system' content='tesseract 3.04.00' />
  <meta name='ocr-capabilities' content='ocr_page ocr_carea ocr_par ocr_line ocrx_word'/>
</head>
<body>
  <div class='ocr_page' id='page_1' title='image "./operacumindicibu05ciceuoft_0113.png"; bbox 0 0 2212 2835; ppageno 0'>
   <div class='ocr_carea' id='block_1_1' title="bbox 696 166 1786 222">
    <p class='ocr_par' dir='ltr' id='par_1_1' title="bbox 696 166 1786 222">
     <span class='ocr_line' id='line_1_1' title="bbox 696 166 1786 222; baseline 0.003 -17"><span class='ocrx_word' id='word_1_1' title='bbox 696 167 786 205; x_wconf 89' lang='lat' dir='ltr'>DE</span> <span class='ocrx_word' id='word_1_2' title='bbox 844 166 1037 207; x_wconf 88' lang='lat' dir='ltr'><strong>LEGE</strong></span> <span class='ocrx_word' id='word_1_3' title='bbox 1098 166 1455 206; x_wconf 88' lang='lat' dir='ltr'>AGRARIA.</span> <span class='ocrx_word' id='word_1_4' title='bbox 1715 182 1786 222; x_wconf 78' lang='lat'>105</span> 
     </span>
    </p>
   </div>
   <div class='ocr_carea' id='block_1_2' title="bbox 389 263 1804 2545">
    <p class='ocr_par' dir='ltr' id='par_1_2' title="bbox 392 263 1790 449">
     <span class='ocr_line' id='line_1_2' title="bbox 393 263 1789 319; baseline -0.002 -16"><span class='ocrx_word' id='word_1_5' title='bbox 393 279 470 304; x_wconf 79' lang='lat' dir='ltr'>non</span> <span class='ocrx_word' id='word_1_6' title='bbox 486 266 749 311; x_wconf 87' lang='lat' dir='ltr'>ostentatione,</span> <span class='ocrx_word' id='word_1_7' title='bbox 767 265 1006 319; x_wconf 79' lang='lat' dir='ltr'>popularem,</span> <span class='ocrx_word' id='word_1_8' title='bbox 1023 264 1125 318; x_wconf 85' lang='lat' dir='ltr'>poffe</span> <span class='ocrx_word' id='word_1_9' title='bbox 1141 265 1182 303; x_wconf 92' lang='lat' dir='ltr'>in</span> <span class='ocrx_word' id='word_1_10' title='bbox 1196 265 1398 304; x_wconf 89' lang='lat' dir='ltr'>evertenda</span> <span class='ocrx_word' id='word_1_11' title='bbox 1414 265 1610 317; x_wconf 85' lang='lat' dir='ltr'>republica</span> <span class='ocrx_word' id='word_1_12' title='bbox 1626 263 1789 317; x_wconf 76' lang='lat' dir='ltr'>popula-</span> 
     </span>
     <span class='ocr_line' id='line_1_3' title="bbox 393 330 1790 384; baseline 0 -16"><span class='ocrx_word' id='word_1_13' title='bbox 393 345 449 369; x_wconf 87' lang='lat' dir='ltr'>res</span> <span class='ocrx_word' id='word_1_14' title='bbox 481 332 703 370; x_wconf 84' lang='lat' dir='ltr'>existimari.</span> <span class='ocrx_word' id='word_1_15' title='bbox 746 331 903 372; x_wconf 81' lang='lat' dir='ltr'>Laceffo</span> <span class='ocrx_word' id='word_1_16' title='bbox 930 344 1022 376; x_wconf 79' lang='lat' dir='ltr'>vos3</span> <span class='ocrx_word' id='word_1_17' title='bbox 1054 331 1095 368; x_wconf 93' lang='lat' dir='ltr'>in</span> <span class='ocrx_word' id='word_1_18' title='bbox 1118 331 1348 369; x_wconf 88' lang='lat' dir='ltr'><strong>concionem</strong></span> <span class='ocrx_word' id='word_1_19' title='bbox 1377 344 1496 376; x_wconf 83' lang='lat' dir='ltr'>voco;</span> <span class='ocrx_word' id='word_1_20' title='bbox 1529 330 1675 384; x_wconf 89' lang='lat' dir='ltr'>populo</span> <span class='ocrx_word' id='word_1_21' title='bbox 1705 330 1790 368; x_wconf 86' lang='lat' dir='ltr'>Ro-</span> 
     </span>
     <span class='ocr_line' id='line_1_4' title="bbox 392 396 978 449; baseline 0 -15"><span class='ocrx_word' id='word_1_22' title='bbox 392 410 509 436; x_wconf 88' lang='lat' dir='ltr'>mano</span> <span class='ocrx_word' id='word_1_23' title='bbox 528 398 778 449; x_wconf 85' lang='lat' dir='ltr'>disceptatore</span> <span class='ocrx_word' id='word_1_24' title='bbox 799 397 857 434; x_wconf 93' lang='lat' dir='ltr'>uti</span> <span class='ocrx_word' id='word_1_25' title='bbox 876 396 978 434; x_wconf 91' lang='lat' dir='ltr'>volo.</span> 
     </span>
    </p>

    <p class='ocr_par' dir='ltr' id='par_1_3' title="bbox 391 460 1804 1967">
     <span class='ocr_line' id='line_1_5' title="bbox 447 460 1793 515; baseline -0.001 -14"><span class='ocrx_word' id='word_1_26' title='bbox 447 464 561 501; x_wconf 89' lang='lat' dir='ltr'><strong>VIII.</strong></span> <span class='ocrx_word' id='word_1_27' title='bbox 594 463 770 506; x_wconf 87' lang='lat' dir='ltr'><strong>Etenim,</strong></span> <span class='ocrx_word' id='word_1_28' title='bbox 801 471 844 500; x_wconf 92' lang='lat' dir='ltr'>ut</span> <span class='ocrx_word' id='word_1_29' title='bbox 863 460 1224 514; x_wconf 83' lang='lat' dir='ltr'>circumspiciamus</span> <span class='ocrx_word' id='word_1_30' title='bbox 1244 462 1389 506; x_wconf 86' lang='lat' dir='ltr'>omnia,</span> <span class='ocrx_word' id='word_1_31' title='bbox 1416 476 1502 514; x_wconf 87' lang='lat' dir='ltr'>quae</span> <span class='ocrx_word' id='word_1_32' title='bbox 1523 462 1668 515; x_wconf 87' lang='lat' dir='ltr'>populo</span> <span class='ocrx_word' id='word_1_33' title='bbox 1688 471 1793 515; x_wconf 77' lang='lat' dir='ltr'>grata</span> 
     </span>
     <span class='ocr_line' id='line_1_6' title="bbox 392 525 1793 580; baseline 0 -15"><span class='ocrx_word' id='word_1_34' title='bbox 392 537 507 579; x_wconf 92' lang='lat' dir='ltr'>atque</span> <span class='ocrx_word' id='word_1_35' title='bbox 532 527 707 579; x_wconf 85' lang='lat' dir='ltr'>jucunda</span> <span class='ocrx_word' id='word_1_36' title='bbox 737 526 838 572; x_wconf 91' lang='lat' dir='ltr'>sunt,</span> <span class='ocrx_word' id='word_1_37' title='bbox 869 525 970 565; x_wconf 85' lang='lat' dir='ltr'>nihil</span> <span class='ocrx_word' id='word_1_38' title='bbox 1002 535 1082 564; x_wconf 88' lang='lat' dir='ltr'>tam</span> <span class='ocrx_word' id='word_1_39' title='bbox 1113 526 1312 579; x_wconf 89' lang='lat' dir='ltr'>populare,</span> <span class='ocrx_word' id='word_1_40' title='bbox 1343 540 1461 579; x_wconf 89' lang='lat' dir='ltr'>quam</span> <span class='ocrx_word' id='word_1_41' title='bbox 1493 541 1643 580; x_wconf 85' lang='lat' dir='ltr'>pacem,</span> <span class='ocrx_word' id='word_1_42' title='bbox 1675 541 1793 579; x_wconf 88' lang='lat' dir='ltr'>quam</span> 
     </span>
     <span class='ocr_line' id='line_1_7' title="bbox 391 592 1792 646; baseline 0 -15"><span class='ocrx_word' id='word_1_43' title='bbox 391 593 661 638; x_wconf 87' lang='lat' dir='ltr'>concordiam,</span> <span class='ocrx_word' id='word_1_44' title='bbox 692 606 811 645; x_wconf 91' lang='lat' dir='ltr'>quam</span> <span class='ocrx_word' id='word_1_45' title='bbox 830 593 977 638; x_wconf 89' lang='lat' dir='ltr'>otium,</span> <span class='ocrx_word' id='word_1_46' title='bbox 1009 593 1257 646; x_wconf 83' lang='lat' dir='ltr'>reperiemus.</span> <span class='ocrx_word' id='word_1_47' title='bbox 1297 593 1513 631; x_wconf 81' lang='lat' dir='ltr'>Sollicitam</span> <span class='ocrx_word' id='word_1_48' title='bbox 1535 592 1636 631; x_wconf 86' lang='lat' dir='ltr'>mihi</span> <span class='ocrx_word' id='word_1_49' title='bbox 1655 593 1792 631; x_wconf 84' lang='lat' dir='ltr'>civita-</span> 
     </span>
     <span class='ocr_line' id='line_1_8' title="bbox 391 658 1795 712; baseline 0.001 -16"><span class='ocrx_word' id='word_1_50' title='bbox 391 669 473 697; x_wconf 84' lang='lat' dir='ltr'>tem</span> <span class='ocrx_word' id='word_1_51' title='bbox 493 659 719 712; x_wconf 83' lang='lat' dir='ltr'>suspicione,</span> <span class='ocrx_word' id='word_1_52' title='bbox 749 659 964 712; x_wconf 89' lang='lat' dir='ltr'>suspensam</span> <span class='ocrx_word' id='word_1_53' title='bbox 983 668 1105 704; x_wconf 88' lang='lat' dir='ltr'>metu,</span> <span class='ocrx_word' id='word_1_54' title='bbox 1132 658 1394 711; x_wconf 87' lang='lat' dir='ltr'>perturbatam</span> <span class='ocrx_word' id='word_1_55' title='bbox 1415 658 1543 697; x_wconf 89' lang='lat' dir='ltr'>vestris</span> <span class='ocrx_word' id='word_1_56' title='bbox 1563 658 1728 711; x_wconf 86' lang='lat' dir='ltr'>legibus,</span> <span class='ocrx_word' id='word_1_57' title='bbox 1757 667 1795 697; x_wconf 91' lang='lat' dir='ltr'>et</span> 
     </span>
     <span class='ocr_line' id='line_1_9' title="bbox 393 725 1794 779; baseline -0.001 -16"><span class='ocrx_word' id='word_1_58' title='bbox 393 725 667 770; x_wconf 71' lang='lat' dir='ltr'>concionibus,</span> <span class='ocrx_word' id='word_1_59' title='bbox 698 734 736 764; x_wconf 91' lang='lat' dir='ltr'>et</span> <span class='ocrx_word' id='word_1_60' title='bbox 757 725 1030 770; x_wconf 85' lang='lat' dir='ltr'>seditionibus,</span> <span class='ocrx_word' id='word_1_61' title='bbox 1061 725 1291 764; x_wconf 87' lang='lat' dir='ltr'>tradidistis:</span> <span class='ocrx_word' id='word_1_62' title='bbox 1323 725 1431 778; x_wconf 91' lang='lat' dir='ltr'>spem</span> <span class='ocrx_word' id='word_1_63' title='bbox 1450 725 1641 779; x_wconf 88' lang='lat' dir='ltr'>improbis</span> <span class='ocrx_word' id='word_1_64' title='bbox 1668 725 1794 763; x_wconf 87' lang='lat' dir='ltr'>osten-</span> 
     </span>
     <span class='ocr_line' id='line_1_10' title="bbox 393 790 1796 844; baseline -0.001 -14"><span class='ocrx_word' id='word_1_65' title='bbox 393 792 513 837; x_wconf 90' lang='lat' dir='ltr'>distis,</span> <span class='ocrx_word' id='word_1_66' title='bbox 546 792 729 831; x_wconf 90' lang='lat' dir='ltr'>timorem</span> <span class='ocrx_word' id='word_1_67' title='bbox 756 792 867 830; x_wconf 86' lang='lat' dir='ltr'>bonis</span> <span class='ocrx_word' id='word_1_68' title='bbox 893 791 1100 844; x_wconf 87' lang='lat' dir='ltr'>injecistis:</span> <span class='ocrx_word' id='word_1_69' title='bbox 1133 791 1252 830; x_wconf 88' lang='lat' dir='ltr'>fidem</span> <span class='ocrx_word' id='word_1_70' title='bbox 1279 791 1326 830; x_wconf 91' lang='lat' dir='ltr'>de</span> <span class='ocrx_word' id='word_1_71' title='bbox 1356 790 1456 837; x_wconf 91' lang='lat' dir='ltr'>foro,</span> <span class='ocrx_word' id='word_1_72' title='bbox 1487 791 1719 844; x_wconf 88' lang='lat' dir='ltr'>dignitatem</span> <span class='ocrx_word' id='word_1_73' title='bbox 1750 791 1796 830; x_wconf 90' lang='lat' dir='ltr'>de</span> 
     </span>
     <span class='ocr_line' id='line_1_11' title="bbox 394 857 1796 912; baseline 0 -16"><span class='ocrx_word' id='word_1_74' title='bbox 394 859 616 912; x_wconf 87' lang='lat' dir='ltr'>republica,</span> <span class='ocrx_word' id='word_1_75' title='bbox 649 859 861 898; x_wconf 88' lang='lat' dir='ltr'>sustulistis.</span> <span class='ocrx_word' id='word_1_76' title='bbox 896 860 987 898; x_wconf 91' lang='lat' dir='ltr'>Hoc</span> <span class='ocrx_word' id='word_1_77' title='bbox 1008 867 1120 898; x_wconf 89' lang='lat' dir='ltr'>motu</span> <span class='ocrx_word' id='word_1_78' title='bbox 1147 868 1263 912; x_wconf 88' lang='lat' dir='ltr'>atque</span> <span class='ocrx_word' id='word_1_79' title='bbox 1293 857 1365 897; x_wconf 91' lang='lat' dir='ltr'>hac</span> <span class='ocrx_word' id='word_1_80' title='bbox 1396 858 1684 911; x_wconf 87' lang='lat' dir='ltr'>perturbatione</span> <span class='ocrx_word' id='word_1_81' title='bbox 1712 859 1796 897; x_wconf 89' lang='lat' dir='ltr'>ani-</span> 
     </span>
     <span class='ocr_line' id='line_1_12' title="bbox 395 924 1797 977; baseline 0 -15"><span class='ocrx_word' id='word_1_82' title='bbox 395 937 551 962; x_wconf 88' lang='lat' dir='ltr'>morum</span> <span class='ocrx_word' id='word_1_83' title='bbox 583 934 698 977; x_wconf 92' lang='lat' dir='ltr'>atque</span> <span class='ocrx_word' id='word_1_84' title='bbox 728 938 870 970; x_wconf 90' lang='lat' dir='ltr'>rerum,</span> <span class='ocrx_word' id='word_1_85' title='bbox 907 938 999 963; x_wconf 89' lang='lat' dir='ltr'>cum</span> <span class='ocrx_word' id='word_1_86' title='bbox 1029 924 1177 977; x_wconf 88' lang='lat' dir='ltr'>populo</span> <span class='ocrx_word' id='word_1_87' title='bbox 1208 925 1389 962; x_wconf 87' lang='lat' dir='ltr'>Romano</span> <span class='ocrx_word' id='word_1_88' title='bbox 1419 938 1495 963; x_wconf 85' lang='lat' dir='ltr'>vox</span> <span class='ocrx_word' id='word_1_89' title='bbox 1525 933 1564 962; x_wconf 93' lang='lat' dir='ltr'>et</span> <span class='ocrx_word' id='word_1_90' title='bbox 1593 925 1797 962; x_wconf 69' lang='lat' dir='ltr'>amstoritas</span> 
     </span>
     <span class='ocr_line' id='line_1_13' title="bbox 397 990 1796 1044; baseline 0 -16"><span class='ocrx_word' id='word_1_91' title='bbox 397 990 577 1028; x_wconf 88' lang='lat' dir='ltr'>Consulis</span> <span class='ocrx_word' id='word_1_92' title='bbox 610 1000 765 1043; x_wconf 88' lang='lat' dir='ltr'>repente</span> <span class='ocrx_word' id='word_1_93' title='bbox 794 991 835 1029; x_wconf 90' lang='lat' dir='ltr'>in</span> <span class='ocrx_word' id='word_1_94' title='bbox 869 991 984 1044; x_wconf 77' lang='lat' dir='ltr'>tantis</span> <span class='ocrx_word' id='word_1_95' title='bbox 1017 990 1182 1028; x_wconf 88' lang='lat' dir='ltr'>tenebris</span> <span class='ocrx_word' id='word_1_96' title='bbox 1217 990 1415 1035; x_wconf 79' lang='lat' dir='ltr'>illuxerit3</span> <span class='ocrx_word' id='word_1_97' title='bbox 1452 1004 1544 1029; x_wconf 93' lang='lat' dir='ltr'>cum</span> <span class='ocrx_word' id='word_1_98' title='bbox 1576 990 1796 1035; x_wconf 88' lang='lat' dir='ltr'>ostenderit,</span> 
     </span>
     <span class='ocr_line' id='line_1_14' title="bbox 397 1054 1798 1101; baseline 0 -8"><span class='ocrx_word' id='word_1_99' title='bbox 397 1054 498 1093; x_wconf 91' lang='lat' dir='ltr'>nihil</span> <span class='ocrx_word' id='word_1_100' title='bbox 514 1055 585 1094; x_wconf 83' lang='lat' dir='ltr'>effe</span> <span class='ocrx_word' id='word_1_101' title='bbox 603 1055 874 1100; x_wconf 89' lang='lat' dir='ltr'>metuendum,</span> <span class='ocrx_word' id='word_1_102' title='bbox 896 1055 1051 1093; x_wconf 91' lang='lat' dir='ltr'>nullum</span> <span class='ocrx_word' id='word_1_103' title='bbox 1066 1056 1296 1100; x_wconf 81' lang='lat' dir='ltr'>exercitum,</span> <span class='ocrx_word' id='word_1_104' title='bbox 1315 1055 1464 1094; x_wconf 87' lang='lat' dir='ltr'>nullam</span> <span class='ocrx_word' id='word_1_105' title='bbox 1478 1069 1654 1101; x_wconf 90' lang='lat' dir='ltr'>manum,</span> <span class='ocrx_word' id='word_1_106' title='bbox 1673 1056 1798 1094; x_wconf 84' lang='lat' dir='ltr'>nullas</span> 
     </span>
     <span class='ocr_line' id='line_1_15' title="bbox 397 1121 1800 1175; baseline -0.001 -15"><span class='ocrx_word' id='word_1_107' title='bbox 397 1121 593 1167; x_wconf 90' lang='lat' dir='ltr'>colonias,</span> <span class='ocrx_word' id='word_1_108' title='bbox 624 1122 774 1160; x_wconf 88' lang='lat' dir='ltr'>nullam</span> <span class='ocrx_word' id='word_1_109' title='bbox 805 1121 1070 1159; x_wconf 88' lang='lat' dir='ltr'>venditionem</span> <span class='ocrx_word' id='word_1_110' title='bbox 1100 1121 1368 1173; x_wconf 56' lang='lat' dir='ltr'>veetigalium,</span> <span class='ocrx_word' id='word_1_111' title='bbox 1400 1121 1555 1160; x_wconf 90' lang='lat' dir='ltr'>nullum</span> <span class='ocrx_word' id='word_1_112' title='bbox 1586 1122 1800 1175; x_wconf 90' lang='lat' dir='ltr'>imperium</span> 
     </span>
     <span class='ocr_line' id='line_1_16' title="bbox 398 1187 1798 1240; baseline -0.001 -13"><span class='ocrx_word' id='word_1_113' title='bbox 398 1202 559 1234; x_wconf 84' lang='lat' dir='ltr'>novum,</span> <span class='ocrx_word' id='word_1_114' title='bbox 589 1188 747 1226; x_wconf 91' lang='lat' dir='ltr'>nullum</span> <span class='ocrx_word' id='word_1_115' title='bbox 775 1201 939 1240; x_wconf 86' lang='lat' dir='ltr'>regnum</span> <span class='ocrx_word' id='word_1_116' title='bbox 963 1187 1228 1231; x_wconf 86' lang='lat' dir='ltr'>decemvirale,</span> <span class='ocrx_word' id='word_1_117' title='bbox 1258 1187 1409 1226; x_wconf 90' lang='lat' dir='ltr'>nullam</span> <span class='ocrx_word' id='word_1_118' title='bbox 1430 1188 1589 1226; x_wconf 84' lang='lat' dir='ltr'>alteram</span> <span class='ocrx_word' id='word_1_119' title='bbox 1610 1188 1798 1233; x_wconf 89' lang='lat' dir='ltr'>Romam,</span> 
     </span>
     <span class='ocr_line' id='line_1_17' title="bbox 396 1252 1799 1307; baseline 0 -15"><span class='ocrx_word' id='word_1_120' title='bbox 396 1254 667 1307; x_wconf 83' lang='lat' dir='ltr'>nequealiam</span> <span class='ocrx_word' id='word_1_121' title='bbox 693 1253 820 1292; x_wconf 88' lang='lat' dir='ltr'>sedem</span> <span class='ocrx_word' id='word_1_122' title='bbox 846 1254 1016 1306; x_wconf 90' lang='lat' dir='ltr'>imperii,</span> <span class='ocrx_word' id='word_1_123' title='bbox 1048 1253 1159 1291; x_wconf 89' lang='lat' dir='ltr'>nobis</span> <span class='ocrx_word' id='word_1_124' title='bbox 1191 1252 1441 1304; x_wconf 88' lang='lat' dir='ltr'>Consulibus,</span> <span class='ocrx_word' id='word_1_125' title='bbox 1472 1253 1660 1299; x_wconf 88' lang='lat' dir='ltr'>futuram,</span> <span class='ocrx_word' id='word_1_126' title='bbox 1691 1254 1799 1301; x_wconf 85' lang='lat' dir='ltr'>sum-</span> 
     </span>
     <span class='ocr_line' id='line_1_18' title="bbox 397 1320 1799 1374; baseline -0.001 -16"><span class='ocrx_word' id='word_1_127' title='bbox 397 1333 584 1373; x_wconf 86' lang='lat' dir='ltr'>mamque</span> <span class='ocrx_word' id='word_1_128' title='bbox 618 1320 942 1373; x_wconf 89' lang='lat' dir='ltr'>tranquillitatem</span> <span class='ocrx_word' id='word_1_129' title='bbox 973 1320 1077 1374; x_wconf 88' lang='lat' dir='ltr'>pacis</span> <span class='ocrx_word' id='word_1_130' title='bbox 1110 1329 1227 1372; x_wconf 90' lang='lat' dir='ltr'>atque</span> <span class='ocrx_word' id='word_1_131' title='bbox 1258 1320 1353 1358; x_wconf 90' lang='lat' dir='ltr'>otii:</span> <span class='ocrx_word' id='word_1_132' title='bbox 1391 1320 1629 1365; x_wconf 89' lang='lat' dir='ltr'>verendum,</span> <span class='ocrx_word' id='word_1_133' title='bbox 1660 1320 1799 1365; x_wconf 73' lang='lat' dir='ltr'>credo,</span> 
     </span>
     <span class='ocr_line' id='line_1_19' title="bbox 397 1385 1801 1440; baseline -0.001 -15"><span class='ocrx_word' id='word_1_134' title='bbox 397 1387 510 1428; x_wconf 91' lang='lat' dir='ltr'>nobis</span> <span class='ocrx_word' id='word_1_135' title='bbox 526 1387 615 1432; x_wconf 76' lang='lat' dir='ltr'>erit,</span> <span class='ocrx_word' id='word_1_136' title='bbox 638 1400 685 1427; x_wconf 82' lang='lat' dir='ltr'>ne</span> <span class='ocrx_word' id='word_1_137' title='bbox 704 1387 822 1425; x_wconf 90' lang='lat' dir='ltr'>vestra</span> <span class='ocrx_word' id='word_1_138' title='bbox 842 1386 909 1425; x_wconf 88' lang='lat' dir='ltr'>ista</span> <span class='ocrx_word' id='word_1_139' title='bbox 929 1387 1107 1440; x_wconf 84' lang='lat' dir='ltr'>praeclara</span> <span class='ocrx_word' id='word_1_140' title='bbox 1121 1386 1184 1424; x_wconf 80' lang='lat' dir='ltr'>lex</span> <span class='ocrx_word' id='word_1_141' title='bbox 1199 1387 1359 1439; x_wconf 88' lang='lat' dir='ltr'>Agraria</span> <span class='ocrx_word' id='word_1_142' title='bbox 1375 1387 1498 1439; x_wconf 84' lang='lat' dir='ltr'>magis</span> <span class='ocrx_word' id='word_1_143' title='bbox 1514 1386 1710 1439; x_wconf 84' lang='lat' dir='ltr'>popularis</span> <span class='ocrx_word' id='word_1_144' title='bbox 1731 1385 1801 1424; x_wconf 79' lang='lat' dir='ltr'>effe</span> 
     </span>
     <span class='ocr_line' id='line_1_20' title="bbox 399 1451 1802 1504; baseline -0.001 -14"><span class='ocrx_word' id='word_1_145' title='bbox 399 1452 585 1495; x_wconf 79' lang='lat' dir='ltr'>videatur.</span> <span class='ocrx_word' id='word_1_146' title='bbox 620 1454 726 1491; x_wconf 90' lang='lat' dir='ltr'>Cum</span> <span class='ocrx_word' id='word_1_147' title='bbox 746 1466 836 1492; x_wconf 90' lang='lat' dir='ltr'>vero</span> <span class='ocrx_word' id='word_1_148' title='bbox 855 1452 991 1490; x_wconf 90' lang='lat' dir='ltr'>scelera</span> <span class='ocrx_word' id='word_1_149' title='bbox 1015 1452 1264 1504; x_wconf 77' lang='lat' dir='ltr'>consiliorum</span> <span class='ocrx_word' id='word_1_150' title='bbox 1290 1451 1516 1497; x_wconf 87' lang='lat' dir='ltr'>vestrorum,</span> <span class='ocrx_word' id='word_1_151' title='bbox 1538 1451 1802 1504; x_wconf 78' lang='lat' dir='ltr'>fraudemque</span> 
     </span>
     <span class='ocr_line' id='line_1_21' title="bbox 399 1517 1802 1571; baseline 0 -17"><span class='ocrx_word' id='word_1_152' title='bbox 399 1517 511 1570; x_wconf 89' lang='lat' dir='ltr'>legis,</span> <span class='ocrx_word' id='word_1_153' title='bbox 533 1528 570 1556; x_wconf 91' lang='lat' dir='ltr'>et</span> <span class='ocrx_word' id='word_1_154' title='bbox 589 1519 756 1562; x_wconf 86' lang='lat' dir='ltr'>infidias,</span> <span class='ocrx_word' id='word_1_155' title='bbox 778 1532 862 1570; x_wconf 85' lang='lat' dir='ltr'>quae</span> <span class='ocrx_word' id='word_1_156' title='bbox 881 1518 952 1571; x_wconf 85' lang='lat' dir='ltr'>ipfi</span> <span class='ocrx_word' id='word_1_157' title='bbox 973 1518 1118 1570; x_wconf 90' lang='lat' dir='ltr'>populo</span> <span class='ocrx_word' id='word_1_158' title='bbox 1134 1518 1316 1570; x_wconf 82' lang='lat' dir='ltr'>Romano</span> <span class='ocrx_word' id='word_1_159' title='bbox 1332 1530 1353 1554; x_wconf 93' lang='lat' dir='ltr'>a</span> <span class='ocrx_word' id='word_1_160' title='bbox 1368 1517 1618 1569; x_wconf 88' lang='lat' dir='ltr'>popularibus</span> <span class='ocrx_word' id='word_1_161' title='bbox 1635 1517 1802 1555; x_wconf 87' lang='lat' dir='ltr'>tribunis</span> 
     </span>
     <span class='ocr_line' id='line_1_22' title="bbox 400 1582 1804 1637; baseline 0.001 -17"><span class='ocrx_word' id='word_1_162' title='bbox 400 1583 525 1636; x_wconf 90' lang='lat' dir='ltr'>plebis</span> <span class='ocrx_word' id='word_1_163' title='bbox 543 1583 650 1628; x_wconf 90' lang='lat' dir='ltr'>fiant,</span> <span class='ocrx_word' id='word_1_164' title='bbox 682 1583 891 1628; x_wconf 86' lang='lat' dir='ltr'>ostendero,</span> <span class='ocrx_word' id='word_1_165' title='bbox 921 1583 1204 1637; x_wconf 89' lang='lat' dir='ltr'>pertimescam,</span> <span class='ocrx_word' id='word_1_166' title='bbox 1235 1582 1369 1627; x_wconf 92' lang='lat' dir='ltr'>credo,</span> <span class='ocrx_word' id='word_1_167' title='bbox 1400 1596 1449 1621; x_wconf 91' lang='lat' dir='ltr'>ne</span> <span class='ocrx_word' id='word_1_168' title='bbox 1470 1582 1570 1621; x_wconf 90' lang='lat' dir='ltr'>mihi</span> <span class='ocrx_word' id='word_1_169' title='bbox 1592 1597 1670 1621; x_wconf 90' lang='lat' dir='ltr'>non</span> <span class='ocrx_word' id='word_1_170' title='bbox 1690 1584 1804 1622; x_wconf 89' lang='lat' dir='ltr'>liceat</span> 
     </span>
     <span class='ocr_line' id='line_1_23' title="bbox 398 1648 1801 1702; baseline -0.001 -15"><span class='ocrx_word' id='word_1_171' title='bbox 398 1658 534 1687; x_wconf 86' lang='lat' dir='ltr'>contra</span> <span class='ocrx_word' id='word_1_172' title='bbox 553 1663 618 1688; x_wconf 87' lang='lat' dir='ltr'>vos</span> <span class='ocrx_word' id='word_1_173' title='bbox 639 1649 679 1687; x_wconf 92' lang='lat' dir='ltr'>in</span> <span class='ocrx_word' id='word_1_174' title='bbox 699 1650 886 1688; x_wconf 90' lang='lat' dir='ltr'>concione</span> <span class='ocrx_word' id='word_1_175' title='bbox 906 1649 1128 1688; x_wconf 80' lang='lat' dir='ltr'>consistere:</span> <span class='ocrx_word' id='word_1_176' title='bbox 1160 1648 1384 1702; x_wconf 84' lang='lat' dir='ltr'>praesertim,</span> <span class='ocrx_word' id='word_1_177' title='bbox 1417 1663 1509 1686; x_wconf 89' lang='lat' dir='ltr'>cum</span> <span class='ocrx_word' id='word_1_178' title='bbox 1531 1648 1631 1687; x_wconf 86' lang='lat' dir='ltr'>mihi</span> <span class='ocrx_word' id='word_1_179' title='bbox 1652 1649 1801 1687; x_wconf 87' lang='lat' dir='ltr'>delibe—</span> 
     </span>
     <span class='ocr_line' id='line_1_24' title="bbox 399 1715 1803 1768; baseline 0 -15"><span class='ocrx_word' id='word_1_180' title='bbox 399 1725 526 1754; x_wconf 83' lang='lat' dir='ltr'>ratum</span> <span class='ocrx_word' id='word_1_181' title='bbox 548 1725 586 1754; x_wconf 90' lang='lat' dir='ltr'>et</span> <span class='ocrx_word' id='word_1_182' title='bbox 606 1716 860 1754; x_wconf 87' lang='lat' dir='ltr'>constitutum</span> <span class='ocrx_word' id='word_1_183' title='bbox 881 1716 938 1761; x_wconf 91' lang='lat' dir='ltr'>fit,</span> <span class='ocrx_word' id='word_1_184' title='bbox 970 1717 1023 1754; x_wconf 90' lang='lat' dir='ltr'>ita</span> <span class='ocrx_word' id='word_1_185' title='bbox 1041 1723 1171 1768; x_wconf 87' lang='lat' dir='ltr'>gerere</span> <span class='ocrx_word' id='word_1_186' title='bbox 1190 1715 1449 1760; x_wconf 87' lang='lat' dir='ltr'>consulatum,</span> <span class='ocrx_word' id='word_1_187' title='bbox 1481 1729 1560 1767; x_wconf 92' lang='lat' dir='ltr'>quo</span> <span class='ocrx_word' id='word_1_188' title='bbox 1587 1729 1665 1753; x_wconf 91' lang='lat' dir='ltr'>uno</span> <span class='ocrx_word' id='word_1_189' title='bbox 1687 1716 1803 1753; x_wconf 89' lang='lat' dir='ltr'>modo</span> 
     </span>
     <span class='ocr_line' id='line_1_25' title="bbox 395 1780 1801 1835; baseline -0.001 -15"><span class='ocrx_word' id='word_1_190' title='bbox 395 1782 482 1835; x_wconf 83' lang='lat' dir='ltr'>geri</span> <span class='ocrx_word' id='word_1_191' title='bbox 499 1783 665 1835; x_wconf 86' lang='lat' dir='ltr'>graviter</span> <span class='ocrx_word' id='word_1_192' title='bbox 684 1790 722 1820; x_wconf 90' lang='lat' dir='ltr'>et</span> <span class='ocrx_word' id='word_1_193' title='bbox 742 1782 861 1820; x_wconf 92' lang='lat' dir='ltr'>libere</span> <span class='ocrx_word' id='word_1_194' title='bbox 880 1782 1016 1835; x_wconf 91' lang='lat' dir='ltr'>potest,</span> <span class='ocrx_word' id='word_1_195' title='bbox 1040 1791 1082 1820; x_wconf 89' lang='lat' dir='ltr'>ut</span> <span class='ocrx_word' id='word_1_196' title='bbox 1102 1795 1227 1835; x_wconf 92' lang='lat' dir='ltr'>neque</span> <span class='ocrx_word' id='word_1_197' title='bbox 1241 1781 1498 1834; x_wconf 81' lang='lat' dir='ltr'>provinciam,</span> <span class='ocrx_word' id='word_1_198' title='bbox 1530 1795 1654 1834; x_wconf 89' lang='lat' dir='ltr'>neque</span> <span class='ocrx_word' id='word_1_199' title='bbox 1673 1780 1801 1819; x_wconf 89' lang='lat' dir='ltr'>hono-</span> 
     </span>
     <span class='ocr_line' id='line_1_26' title="bbox 403 1847 1801 1901; baseline -0.001 -15"><span class='ocrx_word' id='word_1_200' title='bbox 403 1861 499 1894; x_wconf 85' lang='lat' dir='ltr'>rem,</span> <span class='ocrx_word' id='word_1_201' title='bbox 529 1862 654 1901; x_wconf 91' lang='lat' dir='ltr'>neque</span> <span class='ocrx_word' id='word_1_202' title='bbox 673 1858 946 1887; x_wconf 89' lang='lat' dir='ltr'>ornamentum</span> <span class='ocrx_word' id='word_1_203' title='bbox 972 1848 1145 1901; x_wconf 90' lang='lat' dir='ltr'>aliquod,</span> <span class='ocrx_word' id='word_1_204' title='bbox 1176 1857 1242 1886; x_wconf 88' lang='lat' dir='ltr'>aut</span> <span class='ocrx_word' id='word_1_205' title='bbox 1267 1847 1540 1892; x_wconf 90' lang='lat' dir='ltr'>commodum,</span> <span class='ocrx_word' id='word_1_206' title='bbox 1574 1861 1700 1900; x_wconf 88' lang='lat' dir='ltr'>neque</span> <span class='ocrx_word' id='word_1_207' title='bbox 1720 1861 1801 1886; x_wconf 88' lang='lat' dir='ltr'>rem</span> 
     </span>
     <span class='ocr_line' id='line_1_27' title="bbox 403 1913 1740 1967; baseline 0 -15"><span class='ocrx_word' id='word_1_208' title='bbox 403 1914 538 1960; x_wconf 88' lang='lat' dir='ltr'>ullam,</span> <span class='ocrx_word' id='word_1_209' title='bbox 570 1928 654 1966; x_wconf 87' lang='lat' dir='ltr'>quae</span> <span class='ocrx_word' id='word_1_210' title='bbox 674 1928 693 1952; x_wconf 91' lang='lat' dir='ltr'>a</span> <span class='ocrx_word' id='word_1_211' title='bbox 715 1915 872 1952; x_wconf 88' lang='lat' dir='ltr'>tribuno</span> <span class='ocrx_word' id='word_1_212' title='bbox 891 1914 1014 1967; x_wconf 91' lang='lat' dir='ltr'>plebis</span> <span class='ocrx_word' id='word_1_213' title='bbox 1036 1914 1220 1966; x_wconf 90' lang='lat' dir='ltr'>impediri</span> <span class='ocrx_word' id='word_1_214' title='bbox 1239 1913 1365 1966; x_wconf 85' lang='lat' dir='ltr'>poffit,</span> <span class='ocrx_word' id='word_1_215' title='bbox 1397 1914 1635 1966; x_wconf 85' lang='lat' dir='ltr'>appetiturus</span> <span class='ocrx_word' id='word_1_216' title='bbox 1657 1913 1740 1952; x_wconf 88' lang='lat' dir='ltr'>fim.</span> 
     </span>
    </p>

    <p class='ocr_par' dir='ltr' id='par_1_4' title="bbox 403 1979 1801 2346">
     <span class='ocr_line' id='line_1_28' title="bbox 456 1979 1801 2033; baseline -0.001 -15"><span class='ocrx_word' id='word_1_217' title='bbox 456 1981 568 2019; x_wconf 92' lang='lat' dir='ltr'>Dicit</span> <span class='ocrx_word' id='word_1_218' title='bbox 585 1979 893 2033; x_wconf 88' lang='lat' dir='ltr'>frequentiffimo</span> <span class='ocrx_word' id='word_1_219' title='bbox 912 1980 1043 2018; x_wconf 89' lang='lat' dir='ltr'>senatu</span> <span class='ocrx_word' id='word_1_220' title='bbox 1064 1979 1224 2025; x_wconf 89' lang='lat' dir='ltr'>Consul,</span> <span class='ocrx_word' id='word_1_221' title='bbox 1246 1979 1430 2018; x_wconf 89' lang='lat' dir='ltr'>Kalendis</span> <span class='ocrx_word' id='word_1_222' title='bbox 1451 1980 1638 2030; x_wconf 86' lang='lat' dir='ltr'>Januarii,</span> <span class='ocrx_word' id='word_1_223' title='bbox 1669 1979 1755 2024; x_wconf 88' lang='lat' dir='ltr'>sese,</span> <span class='ocrx_word' id='word_1_224' title='bbox 1777 1979 1801 2016; x_wconf 73' lang='lat' dir='ltr'>si</span> 
     </span>
     <span class='ocr_line' id='line_1_29' title="bbox 403 2046 1800 2100; baseline -0.001 -15"><span class='ocrx_word' id='word_1_225' title='bbox 403 2046 518 2085; x_wconf 86' lang='lat' dir='ltr'>status</span> <span class='ocrx_word' id='word_1_226' title='bbox 549 2046 614 2085; x_wconf 92' lang='lat' dir='ltr'>hic</span> <span class='ocrx_word' id='word_1_227' title='bbox 646 2048 868 2100; x_wconf 86' lang='lat' dir='ltr'>reipublicae</span> <span class='ocrx_word' id='word_1_228' title='bbox 899 2056 1066 2092; x_wconf 88' lang='lat' dir='ltr'>maneat,</span> <span class='ocrx_word' id='word_1_229' title='bbox 1099 2060 1224 2099; x_wconf 90' lang='lat' dir='ltr'>neque</span> <span class='ocrx_word' id='word_1_230' title='bbox 1255 2046 1359 2084; x_wconf 87' lang='lat' dir='ltr'>aliud</span> <span class='ocrx_word' id='word_1_231' title='bbox 1388 2047 1589 2098; x_wconf 81' lang='lat' dir='ltr'>negotium</span> <span class='ocrx_word' id='word_1_232' title='bbox 1616 2046 1800 2089; x_wconf 77' lang='lat' dir='ltr'>extiterit,</span> 
     </span>
     <span class='ocr_line' id='line_1_30' title="bbox 403 2113 1799 2166; baseline -0.003 -14"><span class='ocrx_word' id='word_1_233' title='bbox 403 2114 507 2165; x_wconf 91' lang='lat' dir='ltr'>quod</span> <span class='ocrx_word' id='word_1_234' title='bbox 527 2113 684 2152; x_wconf 88' lang='lat' dir='ltr'>honeste</span> <span class='ocrx_word' id='word_1_235' title='bbox 701 2113 962 2166; x_wconf 85' lang='lat' dir='ltr'>subterfugere</span> <span class='ocrx_word' id='word_1_236' title='bbox 982 2127 1059 2152; x_wconf 90' lang='lat' dir='ltr'>non</span> <span class='ocrx_word' id='word_1_237' title='bbox 1078 2113 1205 2166; x_wconf 87' lang='lat' dir='ltr'>poffit,</span> <span class='ocrx_word' id='word_1_238' title='bbox 1228 2113 1267 2150; x_wconf 88' lang='lat' dir='ltr'>in</span> <span class='ocrx_word' id='word_1_239' title='bbox 1284 2113 1524 2165; x_wconf 84' lang='lat' dir='ltr'>provinciam</span> <span class='ocrx_word' id='word_1_240' title='bbox 1542 2127 1619 2150; x_wconf 87' lang='lat' dir='ltr'>non</span> <span class='ocrx_word' id='word_1_241' title='bbox 1637 2114 1799 2149; x_wconf 85' lang='lat' dir='ltr'>iturum.</span> 
     </span>
     <span class='ocr_line' id='line_1_31' title="bbox 405 2176 1801 2233; baseline -0.002 -17"><span class='ocrx_word' id='word_1_242' title='bbox 405 2180 464 2217; x_wconf 91' lang='lat' dir='ltr'>Sic</span> <span class='ocrx_word' id='word_1_243' title='bbox 496 2193 558 2217; x_wconf 91' lang='lat' dir='ltr'>me</span> <span class='ocrx_word' id='word_1_244' title='bbox 587 2181 627 2217; x_wconf 92' lang='lat' dir='ltr'>in</span> <span class='ocrx_word' id='word_1_245' title='bbox 652 2179 728 2218; x_wconf 91' lang='lat' dir='ltr'>hoc</span> <span class='ocrx_word' id='word_1_246' title='bbox 757 2180 978 2233; x_wconf 87' lang='lat' dir='ltr'>magistratu</span> <span class='ocrx_word' id='word_1_247' title='bbox 1007 2192 1152 2232; x_wconf 88' lang='lat' dir='ltr'>geram,</span> <span class='ocrx_word' id='word_1_248' title='bbox 1184 2179 1313 2216; x_wconf 90' lang='lat' dir='ltr'>Patres</span> <span class='ocrx_word' id='word_1_249' title='bbox 1341 2178 1562 2230; x_wconf 87' lang='lat' dir='ltr'>conscripti,</span> <span class='ocrx_word' id='word_1_250' title='bbox 1594 2188 1637 2216; x_wconf 92' lang='lat' dir='ltr'>ut</span> <span class='ocrx_word' id='word_1_251' title='bbox 1664 2176 1801 2229; x_wconf 81' lang='lat' dir='ltr'>poffim</span> 
     </span>
     <span class='ocr_line' id='line_1_32' title="bbox 405 2242 1797 2298; baseline -0.001 -18"><span class='ocrx_word' id='word_1_252' title='bbox 405 2244 606 2282; x_wconf 83' lang='lat' dir='ltr'>tribunum</span> <span class='ocrx_word' id='word_1_253' title='bbox 628 2245 751 2297; x_wconf 88' lang='lat' dir='ltr'>plebis</span> <span class='ocrx_word' id='word_1_254' title='bbox 772 2245 992 2298; x_wconf 86' lang='lat' dir='ltr'>reipublicae</span> <span class='ocrx_word' id='word_1_255' title='bbox 1013 2245 1153 2282; x_wconf 86' lang='lat' dir='ltr'>iratum</span> <span class='ocrx_word' id='word_1_256' title='bbox 1174 2257 1346 2281; x_wconf 85' lang='lat' dir='ltr'>coercere</span> <span class='ocrx_word' id='word_1_257' title='bbox 1359 2262 1370 2288; x_wconf 80' lang='lat'>3</span> <span class='ocrx_word' id='word_1_258' title='bbox 1403 2242 1504 2281; x_wconf 90' lang='lat' dir='ltr'>mihi</span> <span class='ocrx_word' id='word_1_259' title='bbox 1525 2243 1680 2285; x_wconf 80' lang='lat' dir='ltr'>iratum,</span> <span class='ocrx_word' id='word_1_260' title='bbox 1703 2254 1797 2278; x_wconf 85' lang='lat' dir='ltr'>con-</span> 
     </span>
     <span class='ocr_line' id='line_1_33' title="bbox 403 2319 587 2346; baseline 0 0"><span class='ocrx_word' id='word_1_261' title='bbox 403 2319 587 2346; x_wconf 85' lang='lat' dir='ltr'>temnere.</span> 
     </span>
    </p>

    <p class='ocr_par' dir='ltr' id='par_1_5' title="bbox 389 2371 1801 2545">
     <span class='ocr_line' id='line_1_34' title="bbox 389 2371 1801 2430; baseline -0.001 -19"><span class='ocrx_word' id='word_1_262' title='bbox 389 2427 393 2430; x_wconf 22' lang='lat'><em>*</em></span> <span class='ocrx_word' id='word_1_263' title='bbox 461 2375 534 2412; x_wconf 88' lang='lat' dir='ltr'>IX.</span> <span class='ocrx_word' id='word_1_264' title='bbox 558 2375 840 2426; x_wconf 84' lang='lat' dir='ltr'>Qamobrem‚</span> <span class='ocrx_word' id='word_1_265' title='bbox 857 2389 923 2428; x_wconf 90' lang='lat' dir='ltr'>per</span> <span class='ocrx_word' id='word_1_266' title='bbox 939 2377 1045 2414; x_wconf 84' lang='lat' dir='ltr'>Deos</span> <span class='ocrx_word' id='word_1_267' title='bbox 1061 2374 1300 2413; x_wconf 83' lang='lat' dir='ltr'>immortales</span> <span class='ocrx_word' id='word_1_268' title='bbox 1317 2374 1324 2410; x_wconf 77' lang='lat' dir='ltr'>l</span> <span class='ocrx_word' id='word_1_269' title='bbox 1344 2373 1517 2424; x_wconf 80' lang='lat' dir='ltr'>colligite</span> <span class='ocrx_word' id='word_1_270' title='bbox 1533 2385 1612 2416; x_wconf 82' lang='lat' dir='ltr'>vos,</span> <span class='ocrx_word' id='word_1_271' title='bbox 1630 2371 1801 2409; x_wconf 89' lang='lat' dir='ltr'>Tribuni</span> 
     </span>
     <span class='ocr_line' id='line_1_35' title="bbox 407 2438 1800 2494; baseline -0.003 -16"><span class='ocrx_word' id='word_1_272' title='bbox 407 2440 555 2494; x_wconf 84' lang='lat' dir='ltr'>plebis:</span> <span class='ocrx_word' id='word_1_273' title='bbox 589 2439 744 2478; x_wconf 80' lang='lat' dir='ltr'>deserite</span> <span class='ocrx_word' id='word_1_274' title='bbox 774 2454 852 2487; x_wconf 83' lang='lat' dir='ltr'>eos,</span> <span class='ocrx_word' id='word_1_275' title='bbox 880 2455 902 2478; x_wconf 89' lang='lat' dir='ltr'>a</span> <span class='ocrx_word' id='word_1_276' title='bbox 933 2441 1090 2494; x_wconf 87' lang='lat' dir='ltr'>quibus,</span> <span class='ocrx_word' id='word_1_277' title='bbox 1123 2441 1192 2478; x_wconf 81' lang='lat' dir='ltr'>nifi</span> <span class='ocrx_word' id='word_1_278' title='bbox 1223 2439 1452 2492; x_wconf 79' lang='lat' dir='ltr'>prospicitis,</span> <span class='ocrx_word' id='word_1_279' title='bbox 1491 2438 1592 2476; x_wconf 87' lang='lat' dir='ltr'>brevi</span> <span class='ocrx_word' id='word_1_280' title='bbox 1629 2447 1800 2490; x_wconf 80' lang='lat' dir='ltr'>tempore</span> 
     </span>
     <span class='ocr_line' id='line_1_36' title="bbox 489 2504 1497 2545; baseline -0.009 1"><span class='ocrx_word' id='word_1_281' title='bbox 489 2507 555 2545; x_wconf 89' lang='lat' dir='ltr'>To</span> <span class='ocrx_word' id='word_1_282' title='bbox 567 2517 618 2543; x_wconf 82' lang='lat' dir='ltr'>M.</span> <span class='ocrx_word' id='word_1_283' title='bbox 641 2505 691 2543; x_wconf 90' lang='lat' dir='ltr'>V.</span> <span class='ocrx_word' id='word_1_284' title='bbox 1460 2504 1497 2538; x_wconf 91' lang='lat' dir='ltr'><em>O</em></span> 
     </span>
    </p>
   </div>
  </div>
 </body>
</html>
