2212 2835
517 135 605 176 DE
663 127 1138 174 HARUSPICUM
1196 125 1593 168 RESPONSIS.
1676 138 1754 177 425

363 237 424 276 illi
462 251 559 276 unus
595 233 879 275 inimiciffimus
914 232 985 271 effe
1017 230 1211 274 debuerat,
1243 236 1281 266 et
1310 241 1354 265 eo
1383 225 1508 265 fecisse
1543 225 1693 263 auctore
1725 221 1761 259 se

364 305 509 343 diceret
526 334 536 350 ‚
568 304 677 356 cujus
699 299 934 340 auctoritatis
955 298 1154 336 neminem
1174 294 1294 348 poffet
1314 294 1513 346 poenitere.
1547 292 1690 343 InjeRa
1709 288 1762 326 est

364 370 430 409 fax
451 370 552 409 foeda
574 383 616 407 ac
635 366 805 406 luctuosa
824 364 1059 418 reipublicae,
1090 362 1209 415 petita
1227 360 1280 398 est
1299 360 1501 398 auctoritas
1521 358 1652 402 vestra,
1675 367 1761 408 gra-

368 438 461 476 vitas
482 435 804 490 ampliffimorum
824 432 1021 475 ordinum,
1043 427 1237 468 consensio
1258 427 1452 464 bonorum
1471 425 1667 468 omnium,
1700 433 1762 461 to-

369 513 430 543 tus
452 504 617 556 denique
637 500 802 540 civitatis
829 499 972 537 status:
1005 495 1087 533 haec
1117 494 1223 532 enim
1253 502 1354 530 certe
1384 493 1639 544 petebantur,
1671 505 1764 529 curn

367 571 410 608 in
430 582 508 614 me,
539 568 780 621 cognitorem
801 563 939 602 harum
959 561 1142 600 omnium
1163 572 1305 603 rerum,
1336 558 1403 596 illa
1429 557 1587 596 flamma
1606 557 1767 596 illorum

369 644 592 688 temporum
611 632 902 684 conjiciebatur.
935 627 1100 680 Excepi,
1131 635 1170 665 et
1189 640 1258 679 pro
1278 626 1400 679 patria
1417 625 1518 664 solus
1540 624 1656 663 exarsi
1676 640 1685 663 :
1718 625 1766 663 sic

370 711 518 747 tamen,
550 710 593 739 ut
613 713 700 745 vos,
731 698 868 738 iisdem
888 696 1044 750 ignibus
1065 692 1332 746 circumsepti,
1364 706 1427 731 me
1449 693 1622 746 primum
1642 693 1766 731 ielum

368 782 440 823 pro
459 767 568 806 vobis
589 775 627 804 et
646 765 865 804 fumantem
885 761 1079 801 videretis.

425 834 561 872 XXII.
594 833 688 872 Non
710 830 935 869 sedabantur
955 826 1150 866 discordiae
1166 844 1178 871 ;
1210 824 1273 863 sed
1295 824 1413 863 etiam
1432 823 1625 863 crescebat
1643 824 1684 862 in
1704 837 1768 862 eos

371 901 508 940 odium
525 928 537 945 ,
567 913 587 937 a
607 898 750 951 quibus
771 910 841 935 nos
861 894 1016 934 defendi
1036 893 1281 947 putabamur.
1324 892 1428 930 Ecce
1446 891 1582 929 iisdem
1601 890 1768 929 auctori-

373 968 445 1007 bus
459 997 471 1014 ‚
503 965 691 1019 Pompeio
710 964 905 1017 principe,
937 962 1005 1014 qui
1025 960 1248 1014 cupientem
1269 957 1441 1003 Italiam,
1471 957 1663 1011 populum
1684 957 1770 995 Ro—

372 1048 537 1074 manum
557 1032 846 1075 defiderantem,
867 1029 1079 1081 flagitantes
1096 1039 1181 1071 vos,
1203 1038 1280 1064 non
1301 1025 1524 1063 auctoritate
1545 1024 1610 1062 sua
1629 1023 1769 1068 solum,

374 1102 436 1141 sed
458 1101 575 1140 etiam
595 1099 789 1153 precibus,
820 1097 866 1135 ad
887 1109 1014 1134 meam
1035 1094 1195 1132 salutem
1216 1091 1410 1137 excitavit,
1439 1091 1602 1130 restituti
1622 1091 1770 1129 sumus.

374 1170 432 1207 Sit
452 1167 724 1207 discordiarum
744 1163 831 1202 finis
852 1161 1081 1214 aliquando:
1114 1173 1135 1197 a
1154 1158 1346 1197 diuturnis
1367 1157 1654 1196 dissensionibus
1674 1170 1771 1195 con-

374 1234 630 1288 quiescamus.
662 1231 757 1270 Non
778 1230 865 1268 finit
885 1228 1016 1266 eadem
1037 1226 1105 1265 ista
1124 1226 1226 1264 labes
1243 1240 1251 1263 :
1275 1238 1334 1262 eas
1354 1223 1472 1262 habet
1491 1223 1711 1267 conciones,
1732 1236 1775 1261 ea

375 1301 512 1341 miscet
531 1313 574 1338 ac
595 1298 737 1343 turbat,
768 1306 812 1335 ut
831 1296 866 1334 se
886 1295 1004 1334 modo
1023 1292 1098 1338 his,
1121 1292 1239 1330 modo
1258 1291 1397 1329 vendat
1415 1291 1492 1328 illis
1510 1308 1521 1335 ;
1554 1303 1625 1328 nec
1645 1299 1775 1328 tamen

375 1369 443 1415 ita,
464 1376 509 1406 ut
528 1366 563 1406 se
583 1364 804 1419 quisquam,
822 1363 848 1401 fi
869 1362 916 1401 ab
936 1360 1006 1399 isto
1026 1359 1200 1398 laudatus
1222 1357 1280 1403 fit,
1302 1356 1552 1395 laudatiorem
1572 1365 1696 1410 putet,
1714 1355 1778 1394 sed

377 1444 422 1474 ut
441 1446 505 1473 eos
521 1463 531 1479 ,
563 1445 659 1486 quos
680 1444 757 1470 non
779 1438 908 1468 amant
922 1457 933 1473 ,
964 1427 1010 1465 ab
1028 1426 1164 1464 eodem
1184 1424 1375 1476 gaudeant
1394 1423 1614 1476 vituperari.
1646 1424 1777 1475 Atque

379 1515 451 1554 ego
476 1500 581 1538 hunc
610 1512 687 1536 non
716 1497 863 1535 miror:
897 1493 992 1546 quid
1019 1493 1125 1530 enim
1152 1490 1266 1528 faciat
1291 1489 1426 1527 aliud?
1458 1489 1565 1534 illos,
1597 1489 1775 1527 homines

381 1565 671 1620 sapientiffimos
692 1560 1016 1615 graviffimosque,
1036 1558 1178 1595 miror:
1202 1555 1388 1608 primum,
1412 1555 1517 1607 quod
1538 1569 1776 1607 quemquam

381 1633 530 1671 clarum
551 1630 770 1672 hominem,
790 1636 903 1678 atque
923 1625 1072 1678 optime
1092 1623 1138 1661 de
1156 1621 1352 1674 republica
1369 1621 1463 1674 saepe
1480 1621 1678 1665 meritum,
1699 1621 1777 1658 irn-

383 1698 572 1754 puriffirni
604 1709 696 1734 voce
727 1694 898 1732 hominis
931 1691 1063 1729 violari
1094 1689 1207 1727 facile
1233 1688 1459 1740 patiuntur;
1491 1687 1642 1732 deinde,
1673 1686 1778 1739 quod

382 1765 603 1804 existimant
618 1792 628 1807 ,
660 1761 799 1815 perditi
830 1759 1004 1797 hominis
1038 1755 1306 1810 profligatique
1337 1754 1550 1792 maledictis
1582 1753 1683 1807 poffc
1697 1783 1708 1798 ‚
1739 1753 1779 1791 id

385 1832 489 1885 quod
511 1832 675 1870 minime
696 1828 879 1867 conducit
899 1825 985 1878 ipfis
1000 1855 1010 1870 ,
1043 1823 1269 1875 cujusquam
1289 1821 1452 1874 gloriam
1474 1821 1781 1873 dignitatemque

385 1899 517 1937 violari
536 1917 546 1942 ς
579 1897 785 1948 postremo,
818 1893 922 1946 quod
942 1905 1019 1929 non
1042 1890 1211 1928 sentiunt
1231 1889 1284 1933 id,
1307 1888 1411 1940 quod
1433 1897 1561 1925 tamen
1582 1886 1682 1926 mihi
1697 1888 1780 1939 jam

388 1963 564 2015 suspicari
585 1962 776 2005 videntur,
795 1959 897 1997 illius
915 1958 1083 1995 furentes
1105 1969 1147 1993 ac
1168 1954 1355 1993 violentos
1378 1954 1546 2007 impetus
1567 1953 1608 1991 in
1628 1952 1663 1990 se
1683 1952 1779 2005 ipsos

389 2028 490 2082 poffe
510 2027 697 2066 converti.

445 2096 468 2120 ³³²
483 2095 613 2146 Atque
633 2107 679 2132 ex
698 2092 769 2131 hac
792 2092 912 2129 nimia
933 2089 1209 2128 nonnullorum
1233 2086 1472 2130 alienatione,
1495 2094 1532 2123 et
1553 2083 1783 2137 quibusdam

390 2160 572 2198 haerentia
590 2158 665 2196 tela
684 2160 725 2196 in
746 2157 941 2211 republica
960 2185 969 2199 ,
1001 2169 1086 2207 quae
1107 2154 1292 2206 quamdiu
1314 2152 1507 2189 haerebant
1530 2152 1569 2188 in
1591 2163 1668 2187 uno
1689 2163 1752 2186 me
1769 2177 1781 2193 ,

392 2227 552 2280 graviter
574 2225 754 2278 equidem
772 2254 781 2269 ‚
815 2224 876 2262 sed
896 2223 1092 2275 aliquanto
1113 2222 1232 2258 levius
1248 2249 1258 2265 ‚
1290 2218 1473 2257 ferebam.
1506 2219 1569 2255 An
1590 2216 1656 2253 iste
1671 2244 1681 2260 ,
1713 2215 1783 2253 nisi

394 2294 520 2346 primo
542 2292 576 2330 se
595 2290 748 2329 dedisset
769 2291 828 2335 iis,
860 2302 1028 2342 quorum
1049 2288 1197 2325 animos
1217 2300 1237 2323 a
1258 2285 1374 2323 vestra
1394 2284 1613 2322 auctoritate
1635 2281 1783 2333 sejunc-

393 2372 450 2399 tos
471 2359 543 2397 effe
563 2358 842 2402 arbitrabatur3
875 2356 943 2394 nifi
969 2368 1032 2394 eos
1059 2355 1098 2392 in
1127 2354 1265 2393 caelum
1296 2352 1368 2389 suis
1390 2350 1565 2388 laudibus
1585 2347 1784 2401 praeclarus

391 2429 523 2466 auC‘tor
542 2425 766 2471 extolleret,
789 2423 855 2462 nifi
878 2422 1089 2462 exercitum
1113 2422 1161 2458 C.
1182 2418 1350 2461 Caesaris,
1374 2417 1412 2453 in
1434 2429 1513 2467 quo
1532 2415 1701 2460 fallebat,
1726 2415 1784 2452 sed

479 2494 550 2532 To
567 2505 618 2532 M.
650 2491 702 2529 V.
1331 2483 1370 2521 H
1402 2481 1427 2520 h
1458 2480 1483 2519 h
