2212 2835
445 190 520 240 246
950 185 1352 223 ORATIO

443 300 534 324 cum
557 300 575 323 a
591 283 801 323 clariffimis
824 282 1142 335 virisjustiffimas
1159 283 1383 321 inimicitias
1401 281 1494 334 saepe
1514 295 1607 320 cum
1628 282 1726 321 bene
1745 296 1830 321 me-

444 353 526 390 ritis
546 351 695 389 civibus
724 350 908 402 depofitas
929 349 999 388 effe
1019 350 1207 394 vidiffem,
1238 363 1317 387 non
1338 349 1422 387 sum
1443 348 1659 393 arbitratus,
1691 362 1831 400 quem-

443 432 560 470 quam
580 417 752 455 amicum
773 416 1009 469 reipublicae,
1040 416 1284 469 posteaquam
1306 417 1353 454 L.
1373 415 1505 454 Flacci
1525 429 1633 453 amor
1652 415 1692 452 in
1712 415 1833 467 patri-

442 498 505 522 am
525 483 739 537 perspectus
760 482 862 537 effet,
880 496 994 521 novas
1014 482 1107 521 huic
1123 482 1363 527 inimicitias,
1381 481 1487 520 nulla
1505 490 1663 534 accepta·
1679 481 1833 533 injuria,

443 550 775 588 denuntiaturum.

499 615 569 652 Sed
596 614 795 666 quoniam,
826 612 999 664 Judices,
1030 612 1155 650 multa
1182 626 1249 650 nos
1276 621 1315 650 et
1340 612 1380 650 in
1407 611 1541 650 nostris
1570 611 1697 656 rebus,
1728 619 1766 649 et
1791 611 1832 649 in

443 680 653 734 republica,
683 678 931 723 fefellerunt,
963 677 1124 716 ferImus
1154 692 1208 723 ea,
1240 692 1324 730 quae
1353 677 1440 716 sunt
1466 677 1649 716 ferenda:
1681 686 1835 716 tantum

449 762 470 786 a
499 747 607 784 vobis
639 746 823 798 petimus,
855 753 899 782 ut
929 745 1061 782 omnia
1086 744 1307 796 reipublicae
1332 744 1506 790 subfidia,
1537 753 1666 783 totum
1692 744 1834 782 statum

443 813 624 856 civitatis,
655 824 814 850 omnem
838 810 1068 848 memoriam
1094 818 1316 862 temporum
1347 810 1643 861 praeteritorum‚
1674 810 1835 848 salutem

443 877 701 931 praesentium,
724 876 828 929 spem
852 875 1102 927 reliquorum,
1125 875 1165 911 in
1186 874 1303 912 vestra
1323 874 1517 927 potestate,
1539 875 1580 912 in
1599 875 1728 912 vestris
1749 875 1834 912 sen-

446 945 591 989 tentiis,
622 944 662 981 in
682 942 757 980 hoc
778 941 1038 993 unojudicio,
1069 940 1231 994 positam
1257 940 1329 978 effe
1353 949 1392 978 et
1412 940 1578 978 defixam
1606 941 1765 993 putetis.
1797 940 1836 979 Si

443 1024 616 1062 unquam
651 1008 864 1062 respublica
897 1007 1116 1052 confilium,
1151 1007 1392 1059 gravitatem,
1428 1004 1665 1059 sapientiam,
1705 1006 1836 1059 provi-

443 1078 611 1115 dentiam
628 1076 810 1128 judicum
830 1074 1076 1127 imploravit,
1108 1072 1185 1111 hoc
1206 1083 1393 1126 tempore,
1424 1071 1514 1118 hoc,
1537 1073 1712 1126 inquam,
1734 1082 1836 1112 tem-

440 1158 544 1198 pore,
576 1143 771 1196 implorat.

502 1212 555 1249 11.
587 1210 682 1248 Non
703 1209 788 1246 estis
810 1207 856 1245 de
876 1206 1092 1258 Lydorum,
1114 1215 1179 1244 aut
1199 1205 1420 1258 Mysorum,
1445 1214 1510 1244 aut
1530 1205 1746 1259 Phrygum,
1768 1207 1838 1260 qui

444 1276 522 1314 hue
553 1274 742 1327 compulfi
773 1273 1035 1324 concitatique
1065 1281 1265 1316 venerunt,
1302 1271 1363 1310 sed
1394 1271 1439 1309 de
1475 1271 1604 1317 vestra,
1639 1272 1840 1325 republica

438 1341 663 1394 judicaturi,
695 1340 740 1376 de
760 1338 925 1376 civitatis
946 1338 1057 1382 statu,
1088 1337 1134 1375 de
1154 1338 1358 1375 communi
1384 1337 1515 1382 salute,
1547 1337 1594 1375 de
1620 1337 1683 1390 spe
1710 1337 1838 1376 bono-

446 1422 534 1446 rum
554 1407 749 1451 omnium,
781 1405 806 1444 fi
829 1418 905 1457 qua
925 1404 1072 1457 reliqua
1091 1404 1143 1442 est
1163 1405 1279 1442 etiam
1300 1417 1417 1449 nune,
1448 1418 1534 1456 quae
1556 1403 1720 1443 fortium
1739 1404 1839 1442 civi-

444 1489 515 1513 um
534 1482 681 1512 mentes
702 1471 1030 1525 cogitationesque
1049 1471 1240 1509 sustentet.
1261 1471 1408 1509 Omnia
1427 1470 1498 1509 alia
1517 1470 1690 1524 perfugia
1710 1471 1837 1509 bono-

445 1555 548 1586 rum,
579 1539 744 1594 praefidia
763 1539 1047 1584 innocentium,
1079 1537 1239 1576 subfidia
1262 1538 1496 1591 reipublicae,
1527 1538 1695 1583 confilia,
1726 1538 1839 1576 auxi-

444 1608 507 1653 lia,
533 1609 633 1660 jura,
655 1606 889 1645 ceciderunt.
922 1607 1054 1657 Qem
1075 1606 1181 1644 enirn
1202 1606 1322 1644 alium
1342 1605 1546 1659 appellem,
1572 1618 1690 1658 quem
1709 1604 1840 1643 obtes-

445 1683 514 1718 ter,
547 1687 664 1727 quem
691 1673 934 1726 implorem?
966 1673 1230 1710 Senatumne?
1261 1681 1299 1710 at
1324 1673 1355 1710 is
1383 1672 1460 1725 ipse
1485 1672 1674 1710 auxilium
1700 1672 1800 1724 petit
1818 1684 1839 1709 a

445 1741 569 1785 vobis,
600 1749 639 1778 et
669 1739 1006 1779 confirmationem
1036 1738 1268 1775 auctoritatis
1299 1738 1371 1775 suae
1402 1738 1528 1775 vestrae
1554 1737 1729 1790 potestati
1750 1750 1838 1789 per-

445 1805 595 1845 miffam
620 1805 690 1844 effe
714 1804 840 1842 sentit.
873 1805 939 1841 An
967 1803 1115 1855 equites
1143 1803 1371 1840 Romanos?
1397 1802 1622 1854 judicabitis
1644 1802 1836 1855 principes

445 1873 525 1923 ejus
560 1871 705 1909 ordinis
740 1869 1035 1922 quinquaginta,
1067 1868 1162 1921 quid
1196 1882 1288 1906 cum
1322 1868 1504 1906 omnibus
1539 1867 1735 1906 senseritis.
1772 1869 1838 1906 An

446 1937 639 1990 populum
674 1936 930 1975 Romanum?
971 1944 1008 1973 at
1042 1936 1072 1973 is
1108 1934 1267 1987 quidem
1306 1949 1466 1973 omnem
1502 1934 1606 1973 suam
1641 1935 1687 1972 de
1724 1934 1837 1973 bonis

447 2003 672 2057 potestatem
695 2003 850 2041 tradidit
870 2003 992 2040 vobis.
1026 2002 1309 2054 Qamobrem,
1333 2002 1398 2040 nisi
1420 2001 1495 2039 hoc
1516 2002 1616 2047 loco,
1648 2001 1715 2039 nifi
1737 2001 1839 2054 apud

446 2085 527 2116 vos,
559 2071 625 2108 nifi
658 2083 725 2122 per
754 2082 835 2114 VOS,
867 2069 1038 2120 Judices,
1070 2082 1146 2106 non
1178 2069 1457 2112 auctoritatem,
1494 2082 1579 2120 quae
1611 2067 1741 2105 amiffa
1771 2067 1837 2113 est,
1879 2119 1883 2122 γ

448 2137 510 2175 sed
540 2137 698 2175 salutem
731 2136 912 2180 nostram,
944 2149 1028 2187 quae
1059 2135 1121 2188 spe
1152 2136 1290 2188 exigua
1318 2145 1566 2187 extremaque
1593 2135 1747 2187 pendet,
1779 2143 1840 2172 te-

447 2205 671 2248 nuerimus;
715 2202 813 2241 nihil
848 2203 900 2240 est
934 2211 1122 2254 praeterca,
1161 2216 1239 2254 quo
1273 2201 1481 2254 confugere
1515 2202 1729 2254 poffimus:
1770 2200 1839 2239 nisi

448 2270 561 2315 forte,
597 2284 681 2322 quae
716 2283 770 2308 res
806 2268 880 2307 hoc
909 2270 1059 2321 judicio
1096 2278 1277 2313 tentetur,
1315 2269 1409 2320 quid
1443 2278 1588 2321 agatur,
1624 2268 1689 2306 cui
1722 2266 1839 2305 causae

448 2336 916 2389 fundamentajaciantur,
948 2336 1119 2387 Judices,
1152 2349 1229 2373 non
1252 2335 1400 2373 videtis.

506 2405 722 2442 Damnatus
755 2403 808 2441 est
841 2403 885 2448 is,
923 2403 989 2454 qui
1027 2402 1249 2446 Catilinam,
1291 2403 1393 2455 signa
1430 2401 1559 2455 patria:
1592 2400 1837 2443 inferentem,

448 2470 669 2508 interemit:
703 2470 796 2523 quid
822 2470 875 2508 est
900 2469 1031 2515 causae,
1063 2482 1131 2507 cur
1158 2483 1234 2507 non
1261 2469 1306 2514 is,
1339 2470 1407 2521 qui
1435 2468 1644 2507 Catilinam
1670 2480 1716 2505 ex
1745 2465 1838 2504 urbe
