<?xml version="1.0" encoding="UTF-8"?>
<!DOCTYPE html PUBLIC "-//W3C//DTD XHTML 1.0 Transitional//EN"
    "http://www.w3.org/TR/xhtml1/DTD/xhtml1-transitional.dtd">
<html xmlns="http://www.w3.org/1999/xhtml" xml:lang="en" lang="en">
 <head>
  <title>
</title>
<meta http-equiv="Content-Type" content="text/html;charset=utf-8" />
  <meta name='ocr-system' content='tesseract 3.04.00' />
  <meta name='ocr-capabilities' content='ocr_page ocr_carea ocr_par ocr_line ocrx_word'/>
</head>
<body>
  <div class='ocr_page' id='page_1' title='image "./operacumindicibu05ciceuoft_0099.png"; bbox 0 0 2212 2835; ppageno 0'>
   <div class='ocr_carea' id='block_1_1' title="bbox 718 166 1779 219">
    <p class='ocr_par' dir='ltr' id='par_1_1' title="bbox 718 166 1779 219">
     <span class='ocr_line' id='line_1_1' title="bbox 718 166 1779 219; baseline 0.003 -14"><span class='ocrx_word' id='word_1_1' title='bbox 718 167 855 205; x_wconf 91' lang='lat' dir='ltr'>PRO</span> <span class='ocrx_word' id='word_1_2' title='bbox 913 168 964 205; x_wconf 89' lang='lat' dir='ltr'>A.</span> <span class='ocrx_word' id='word_1_3' title='bbox 1027 166 1435 206; x_wconf 87' lang='lat' dir='ltr'>CLUENTIO.</span> <span class='ocrx_word' id='word_1_4' title='bbox 1734 184 1779 219; x_wconf 68' lang='lat'>&lt;91</span> 
     </span>
    </p>
   </div>
   <div class='ocr_carea' id='block_1_2' title="bbox 379 262 1802 2564">
    <p class='ocr_par' dir='ltr' id='par_1_2' title="bbox 379 262 1786 647">
     <span class='ocr_line' id='line_1_2' title="bbox 379 262 1782 309; baseline 0.001 -7"><span class='ocrx_word' id='word_1_5' title='bbox 379 264 580 308; x_wconf 75' lang='lat' dir='ltr'>dilexerat,</span> <span class='ocrx_word' id='word_1_6' title='bbox 626 264 667 302; x_wconf 91' lang='lat' dir='ltr'>in</span> <span class='ocrx_word' id='word_1_7' title='bbox 701 263 850 302; x_wconf 84' lang='lat' dir='ltr'>honore</span> <span class='ocrx_word' id='word_1_8' title='bbox 880 262 1078 309; x_wconf 81' lang='lat' dir='ltr'>habuerat,</span> <span class='ocrx_word' id='word_1_9' title='bbox 1121 265 1341 303; x_wconf 81' lang='lat' dir='ltr'>commodis</span> <span class='ocrx_word' id='word_1_10' title='bbox 1374 265 1557 303; x_wconf 84' lang='lat' dir='ltr'>omnibus</span> <span class='ocrx_word' id='word_1_11' title='bbox 1595 264 1782 304; x_wconf 75' lang='lat' dir='ltr'>affecerat.</span> 
     </span>
     <span class='ocr_line' id='line_1_3' title="bbox 382 330 1785 384; baseline 0 -14"><span class='ocrx_word' id='word_1_12' title='bbox 382 333 488 370; x_wconf 85' lang='lat' dir='ltr'>Cum</span> <span class='ocrx_word' id='word_1_13' title='bbox 509 332 629 384; x_wconf 86' lang='lat' dir='ltr'>igitur</span> <span class='ocrx_word' id='word_1_14' title='bbox 649 332 695 370; x_wconf 90' lang='lat' dir='ltr'>de</span> <span class='ocrx_word' id='word_1_15' title='bbox 716 330 822 369; x_wconf 89' lang='lat' dir='ltr'>furto</span> <span class='ocrx_word' id='word_1_16' title='bbox 843 341 1090 383; x_wconf 83' lang='lat' dir='ltr'>quaereretur,</span> <span class='ocrx_word' id='word_1_17' title='bbox 1112 340 1151 368; x_wconf 89' lang='lat' dir='ltr'>et</span> <span class='ocrx_word' id='word_1_18' title='bbox 1171 345 1216 369; x_wconf 89' lang='lat' dir='ltr'>eo</span> <span class='ocrx_word' id='word_1_19' title='bbox 1237 331 1356 376; x_wconf 86' lang='lat' dir='ltr'>furto,</span> <span class='ocrx_word' id='word_1_20' title='bbox 1380 332 1485 384; x_wconf 89' lang='lat' dir='ltr'>quod</span> <span class='ocrx_word' id='word_1_21' title='bbox 1507 331 1571 369; x_wconf 80' lang='lat' dir='ltr'>ille</span> <span class='ocrx_word' id='word_1_22' title='bbox 1591 332 1667 369; x_wconf 87' lang='lat' dir='ltr'>fine</span> <span class='ocrx_word' id='word_1_23' title='bbox 1689 346 1785 370; x_wconf 93' lang='lat' dir='ltr'>con-</span> 
     </span>
     <span class='ocr_line' id='line_1_4' title="bbox 382 397 1786 449; baseline 0 -13"><span class='ocrx_word' id='word_1_24' title='bbox 382 399 559 436; x_wconf 77' lang='lat' dir='ltr'>troversia</span> <span class='ocrx_word' id='word_1_25' title='bbox 592 397 760 441; x_wconf 83' lang='lat' dir='ltr'>fecerat;</span> <span class='ocrx_word' id='word_1_26' title='bbox 794 406 880 435; x_wconf 89' lang='lat' dir='ltr'>tum</span> <span class='ocrx_word' id='word_1_27' title='bbox 914 397 979 434; x_wconf 90' lang='lat' dir='ltr'>ille</span> <span class='ocrx_word' id='word_1_28' title='bbox 1014 397 1060 434; x_wconf 92' lang='lat' dir='ltr'>de</span> <span class='ocrx_word' id='word_1_29' title='bbox 1091 410 1150 441; x_wconf 91' lang='lat' dir='ltr'>eo,</span> <span class='ocrx_word' id='word_1_30' title='bbox 1189 398 1296 449; x_wconf 89' lang='lat' dir='ltr'>quod</span> <span class='ocrx_word' id='word_1_31' title='bbox 1330 398 1586 449; x_wconf 80' lang='lat' dir='ltr'>quaerebatur,</span> <span class='ocrx_word' id='word_1_32' title='bbox 1623 399 1786 436; x_wconf 87' lang='lat' dir='ltr'>verbum</span> 
     </span>
     <span class='ocr_line' id='line_1_5' title="bbox 382 462 1784 509; baseline 0.001 -7"><span class='ocrx_word' id='word_1_33' title='bbox 382 465 538 502; x_wconf 86' lang='lat' dir='ltr'>nullum</span> <span class='ocrx_word' id='word_1_34' title='bbox 560 462 654 501; x_wconf 84' lang='lat' dir='ltr'>fecit</span> <span class='ocrx_word' id='word_1_35' title='bbox 673 465 685 500; x_wconf 90' lang='lat'>?</span> <span class='ocrx_word' id='word_1_36' title='bbox 717 463 763 500; x_wconf 91' lang='lat' dir='ltr'>de</span> <span class='ocrx_word' id='word_1_37' title='bbox 784 476 932 500; x_wconf 90' lang='lat' dir='ltr'>veneno</span> <span class='ocrx_word' id='word_1_38' title='bbox 952 462 1080 500; x_wconf 89' lang='lat' dir='ltr'>statim</span> <span class='ocrx_word' id='word_1_39' title='bbox 1102 462 1203 500; x_wconf 84' lang='lat' dir='ltr'>dixit</span> <span class='ocrx_word' id='word_1_40' title='bbox 1221 463 1234 500; x_wconf 91' lang='lat'>?</span> <span class='ocrx_word' id='word_1_41' title='bbox 1263 463 1309 501; x_wconf 91' lang='lat' dir='ltr'>de</span> <span class='ocrx_word' id='word_1_42' title='bbox 1329 462 1448 508; x_wconf 88' lang='lat' dir='ltr'>furto,</span> <span class='ocrx_word' id='word_1_43' title='bbox 1470 465 1497 501; x_wconf 90' lang='lat' dir='ltr'>fi</span> <span class='ocrx_word' id='word_1_44' title='bbox 1518 478 1595 501; x_wconf 87' lang='lat' dir='ltr'>non</span> <span class='ocrx_word' id='word_1_45' title='bbox 1616 478 1662 502; x_wconf 92' lang='lat' dir='ltr'>eo</span> <span class='ocrx_word' id='word_1_46' title='bbox 1683 465 1784 509; x_wconf 89' lang='lat' dir='ltr'>loco,</span> 
     </span>
     <span class='ocr_line' id='line_1_6' title="bbox 381 528 1786 582; baseline 0.001 -16"><span class='ocrx_word' id='word_1_47' title='bbox 381 543 461 582; x_wconf 90' lang='lat' dir='ltr'>quo</span> <span class='ocrx_word' id='word_1_48' title='bbox 482 529 630 574; x_wconf 83' lang='lat' dir='ltr'>debuit,</span> <span class='ocrx_word' id='word_1_49' title='bbox 653 542 702 567; x_wconf 89' lang='lat' dir='ltr'>ne</span> <span class='ocrx_word' id='word_1_50' title='bbox 721 529 762 566; x_wconf 92' lang='lat' dir='ltr'>in</span> <span class='ocrx_word' id='word_1_51' title='bbox 783 537 956 567; x_wconf 84' lang='lat' dir='ltr'>extrema</span> <span class='ocrx_word' id='word_1_52' title='bbox 976 528 1151 580; x_wconf 91' lang='lat' dir='ltr'>quidem,</span> <span class='ocrx_word' id='word_1_53' title='bbox 1173 537 1240 566; x_wconf 91' lang='lat' dir='ltr'>aut</span> <span class='ocrx_word' id='word_1_54' title='bbox 1260 528 1401 573; x_wconf 88' lang='lat' dir='ltr'>media,</span> <span class='ocrx_word' id='word_1_55' title='bbox 1423 537 1489 567; x_wconf 89' lang='lat' dir='ltr'>aut</span> <span class='ocrx_word' id='word_1_56' title='bbox 1509 529 1550 567; x_wconf 90' lang='lat' dir='ltr'>in</span> <span class='ocrx_word' id='word_1_57' title='bbox 1570 529 1697 582; x_wconf 86' lang='lat' dir='ltr'>aliqua</span> <span class='ocrx_word' id='word_1_58' title='bbox 1718 531 1786 568; x_wconf 86' lang='lat' dir='ltr'>de-</span> 
     </span>
     <span class='ocr_line' id='line_1_7' title="bbox 381 594 1359 647; baseline 0 -15"><span class='ocrx_word' id='word_1_59' title='bbox 381 595 501 647; x_wconf 89' lang='lat' dir='ltr'>nique</span> <span class='ocrx_word' id='word_1_60' title='bbox 521 604 626 647; x_wconf 81' lang='lat' dir='ltr'>parte</span> <span class='ocrx_word' id='word_1_61' title='bbox 647 595 880 647; x_wconf 83' lang='lat' dir='ltr'>quaestionis,</span> <span class='ocrx_word' id='word_1_62' title='bbox 904 595 1067 632; x_wconf 89' lang='lat' dir='ltr'>verbum</span> <span class='ocrx_word' id='word_1_63' title='bbox 1087 594 1181 633; x_wconf 90' lang='lat' dir='ltr'>fecit</span> <span class='ocrx_word' id='word_1_64' title='bbox 1203 594 1359 633; x_wconf 89' lang='lat' dir='ltr'>ullum?</span> 
     </span>
    </p>

    <p class='ocr_par' dir='ltr' id='par_1_3' title="bbox 383 660 1794 1638">
     <span class='ocr_line' id='line_1_8' title="bbox 428 660 1788 713; baseline 0 -14"><span class='ocrx_word' id='word_1_65' title='bbox 428 662 579 700; x_wconf 88' lang='lat' dir='ltr'><strong>LXVI.</strong></span> <span class='ocrx_word' id='word_1_66' title='bbox 602 662 690 713; x_wconf 90' lang='lat' dir='ltr'>Jam</span> <span class='ocrx_word' id='word_1_67' title='bbox 712 661 865 707; x_wconf 87' lang='lat' dir='ltr'>videtis,</span> <span class='ocrx_word' id='word_1_68' title='bbox 881 661 993 699; x_wconf 89' lang='lat' dir='ltr'>illam</span> <span class='ocrx_word' id='word_1_69' title='bbox 1014 660 1200 700; x_wconf 86' lang='lat' dir='ltr'>nefariam</span> <span class='ocrx_word' id='word_1_70' title='bbox 1221 661 1444 707; x_wconf 89' lang='lat' dir='ltr'>mulierem,</span> <span class='ocrx_word' id='word_1_71' title='bbox 1465 661 1638 713; x_wconf 85' lang='lat' dir='ltr'>Judices,</span> <span class='ocrx_word' id='word_1_72' title='bbox 1655 661 1788 699; x_wconf 83' lang='lat' dir='ltr'>eadem</span> 
     </span>
     <span class='ocr_line' id='line_1_9' title="bbox 383 726 1788 781; baseline -0.001 -15"><span class='ocrx_word' id='word_1_73' title='bbox 383 742 517 773; x_wconf 89' lang='lat' dir='ltr'>manu,</span> <span class='ocrx_word' id='word_1_74' title='bbox 539 737 628 780; x_wconf 84' lang='lat' dir='ltr'>qua,</span> <span class='ocrx_word' id='word_1_75' title='bbox 651 728 677 766; x_wconf 89' lang='lat' dir='ltr'>s1</span> <span class='ocrx_word' id='word_1_76' title='bbox 698 727 810 766; x_wconf 90' lang='lat' dir='ltr'>detur</span> <span class='ocrx_word' id='word_1_77' title='bbox 829 728 1009 781; x_wconf 86' lang='lat' dir='ltr'>potestas,</span> <span class='ocrx_word' id='word_1_78' title='bbox 1031 727 1245 766; x_wconf 88' lang='lat' dir='ltr'>interficere</span> <span class='ocrx_word' id='word_1_79' title='bbox 1271 727 1401 766; x_wconf 87' lang='lat' dir='ltr'>filium</span> <span class='ocrx_word' id='word_1_80' title='bbox 1420 728 1566 781; x_wconf 89' lang='lat' dir='ltr'>cupiat,</span> <span class='ocrx_word' id='word_1_81' title='bbox 1594 726 1695 765; x_wconf 91' lang='lat' dir='ltr'>hanc</span> <span class='ocrx_word' id='word_1_82' title='bbox 1716 727 1788 765; x_wconf 89' lang='lat' dir='ltr'>fic-</span> 
     </span>
     <span class='ocr_line' id='line_1_10' title="bbox 384 793 1787 848; baseline -0.001 -15"><span class='ocrx_word' id='word_1_83' title='bbox 384 804 464 833; x_wconf 90' lang='lat' dir='ltr'>tam</span> <span class='ocrx_word' id='word_1_84' title='bbox 485 795 737 848; x_wconf 87' lang='lat' dir='ltr'>quaestionem</span> <span class='ocrx_word' id='word_1_85' title='bbox 768 794 1038 848; x_wconf 84' lang='lat' dir='ltr'>conscripfiffe.</span> <span class='ocrx_word' id='word_1_86' title='bbox 1071 796 1204 847; x_wconf 86' lang='lat' dir='ltr'><strong>Atque</strong></span> <span class='ocrx_word' id='word_1_87' title='bbox 1233 793 1343 833; x_wconf 87' lang='lat' dir='ltr'>istam</span> <span class='ocrx_word' id='word_1_88' title='bbox 1374 794 1495 848; x_wconf 85' lang='lat' dir='ltr'>ipsam</span> <span class='ocrx_word' id='word_1_89' title='bbox 1521 794 1787 847; x_wconf 63' lang='lat' dir='ltr'>quaestionem,</span> 
     </span>
     <span class='ocr_line' id='line_1_11' title="bbox 383 861 1788 914; baseline -0.001 -14"><span class='ocrx_word' id='word_1_90' title='bbox 383 862 515 906; x_wconf 89' lang='lat' dir='ltr'>dicite,</span> <span class='ocrx_word' id='word_1_91' title='bbox 537 862 625 914; x_wconf 86' lang='lat' dir='ltr'>quis</span> <span class='ocrx_word' id='word_1_92' title='bbox 645 862 861 914; x_wconf 88' lang='lat' dir='ltr'>obfignavit</span> <span class='ocrx_word' id='word_1_93' title='bbox 880 862 892 899; x_wconf 89' lang='lat'>?</span> <span class='ocrx_word' id='word_1_94' title='bbox 914 875 1039 900; x_wconf 85' lang='lat' dir='ltr'>unum</span> <span class='ocrx_word' id='word_1_95' title='bbox 1061 861 1233 914; x_wconf 87' lang='lat' dir='ltr'>aliquem</span> <span class='ocrx_word' id='word_1_96' title='bbox 1254 862 1466 900; x_wconf 87' lang='lat' dir='ltr'>nominate.</span> <span class='ocrx_word' id='word_1_97' title='bbox 1489 861 1707 900; x_wconf 85' lang='lat' dir='ltr'>Neminem</span> <span class='ocrx_word' id='word_1_98' title='bbox 1728 874 1788 899; x_wconf 53' lang='lat' dir='ltr'>re‘</span> 
     </span>
     <span class='ocr_line' id='line_1_12' title="bbox 385 927 1788 981; baseline -0.001 -15"><span class='ocrx_word' id='word_1_99' title='bbox 385 928 554 981; x_wconf 85' lang='lat' dir='ltr'>perietis,</span> <span class='ocrx_word' id='word_1_100' title='bbox 571 928 638 966; x_wconf 74' lang='lat' dir='ltr'>nisi</span> <span class='ocrx_word' id='word_1_101' title='bbox 658 927 760 966; x_wconf 86' lang='lat' dir='ltr'>forte</span> <span class='ocrx_word' id='word_1_102' title='bbox 780 928 969 980; x_wconf 88' lang='lat' dir='ltr'>ejusmodi</span> <span class='ocrx_word' id='word_1_103' title='bbox 990 927 1209 974; x_wconf 86' lang='lat' dir='ltr'>hominem,</span> <span class='ocrx_word' id='word_1_104' title='bbox 1228 942 1347 980; x_wconf 87' lang='lat' dir='ltr'>quem</span> <span class='ocrx_word' id='word_1_105' title='bbox 1367 942 1440 981; x_wconf 86' lang='lat' dir='ltr'>ego</span> <span class='ocrx_word' id='word_1_106' title='bbox 1459 927 1620 981; x_wconf 84' lang='lat' dir='ltr'>proferri</span> <span class='ocrx_word' id='word_1_107' title='bbox 1637 927 1788 970; x_wconf 90' lang='lat' dir='ltr'>malim,</span> 
     </span>
     <span class='ocr_line' id='line_1_13' title="bbox 386 994 1792 1047; baseline 0 -15"><span class='ocrx_word' id='word_1_108' title='bbox 386 1008 505 1047; x_wconf 90' lang='lat' dir='ltr'>quam</span> <span class='ocrx_word' id='word_1_109' title='bbox 540 995 740 1032; x_wconf 85' lang='lat' dir='ltr'>neminem</span> <span class='ocrx_word' id='word_1_110' title='bbox 773 994 980 1032; x_wconf 87' lang='lat' dir='ltr'>nominari.</span> <span class='ocrx_word' id='word_1_111' title='bbox 1023 994 1133 1045; x_wconf 85' lang='lat' dir='ltr'>Qid</span> <span class='ocrx_word' id='word_1_112' title='bbox 1164 995 1231 1039; x_wconf 85' lang='lat' dir='ltr'>ais,</span> <span class='ocrx_word' id='word_1_113' title='bbox 1254 995 1308 1032; x_wconf 91' lang='grc' dir='ltr'>Τ.</span> <span class='ocrx_word' id='word_1_114' title='bbox 1330 996 1450 1033; x_wconf 89' lang='lat' dir='ltr'>Atti?</span> <span class='ocrx_word' id='word_1_115' title='bbox 1482 996 1549 1033; x_wconf 93' lang='lat' dir='ltr'>Tu</span> <span class='ocrx_word' id='word_1_116' title='bbox 1569 994 1792 1047; x_wconf 84' lang='lat' dir='ltr'>periculum</span> 
     </span>
     <span class='ocr_line' id='line_1_14' title="bbox 384 1060 1790 1115; baseline 0.001 -17"><span class='ocrx_word' id='word_1_117' title='bbox 384 1062 538 1114; x_wconf 86' lang='lat' dir='ltr'>capitis,</span> <span class='ocrx_word' id='word_1_118' title='bbox 556 1071 597 1100; x_wconf 90' lang='lat' dir='ltr'>tu</span> <span class='ocrx_word' id='word_1_119' title='bbox 618 1062 810 1100; x_wconf 90' lang='lat' dir='ltr'>indicium</span> <span class='ocrx_word' id='word_1_120' title='bbox 828 1061 993 1106; x_wconf 81' lang='lat' dir='ltr'>sceleris,</span> <span class='ocrx_word' id='word_1_121' title='bbox 1015 1070 1058 1099; x_wconf 92' lang='lat' dir='ltr'>tu</span> <span class='ocrx_word' id='word_1_122' title='bbox 1074 1060 1246 1099; x_wconf 87' lang='lat' dir='ltr'>fortunas</span> <span class='ocrx_word' id='word_1_123' title='bbox 1263 1061 1433 1107; x_wconf 89' lang='lat' dir='ltr'>alterius,</span> <span class='ocrx_word' id='word_1_124' title='bbox 1455 1062 1576 1100; x_wconf 88' lang='lat' dir='ltr'>literis</span> <span class='ocrx_word' id='word_1_125' title='bbox 1593 1061 1790 1115; x_wconf 84' lang='lat' dir='ltr'>conscrip-</span> 
     </span>
     <span class='ocr_line' id='line_1_15' title="bbox 386 1125 1790 1179; baseline 0 -13"><span class='ocrx_word' id='word_1_126' title='bbox 386 1138 456 1173; x_wconf 75' lang='lat' dir='ltr'>taS,</span> <span class='ocrx_word' id='word_1_127' title='bbox 479 1127 732 1179; x_wconf 83' lang='lat' dir='ltr'>injudicium</span> <span class='ocrx_word' id='word_1_128' title='bbox 753 1125 882 1164; x_wconf 82' lang='lat' dir='ltr'>afferas</span> <span class='ocrx_word' id='word_1_129' title='bbox 899 1145 911 1171; x_wconf 75' lang='lat'>3</span> <span class='ocrx_word' id='word_1_130' title='bbox 944 1140 1069 1178; x_wconf 87' lang='lat' dir='ltr'>neque</span> <span class='ocrx_word' id='word_1_131' title='bbox 1101 1140 1235 1164; x_wconf 90' lang='lat' dir='ltr'>earum</span> <span class='ocrx_word' id='word_1_132' title='bbox 1256 1128 1451 1165; x_wconf 62' lang='lat' dir='ltr'>auetorem</span> <span class='ocrx_word' id='word_1_133' title='bbox 1473 1128 1687 1172; x_wconf 89' lang='lat' dir='ltr'>literarum,</span> <span class='ocrx_word' id='word_1_134' title='bbox 1721 1141 1790 1166; x_wconf 90' lang='lat' dir='ltr'>ne-</span> 
     </span>
     <span class='ocr_line' id='line_1_16' title="bbox 387 1191 1793 1247; baseline 0 -15"><span class='ocrx_word' id='word_1_135' title='bbox 387 1208 463 1247; x_wconf 90' lang='lat' dir='ltr'>que</span> <span class='ocrx_word' id='word_1_136' title='bbox 483 1194 780 1246; x_wconf 79' lang='lat' dir='ltr'>obsignatorem,</span> <span class='ocrx_word' id='word_1_137' title='bbox 816 1205 943 1244; x_wconf 90' lang='lat' dir='ltr'>neque</span> <span class='ocrx_word' id='word_1_138' title='bbox 969 1192 1102 1230; x_wconf 88' lang='lat' dir='ltr'>testem</span> <span class='ocrx_word' id='word_1_139' title='bbox 1128 1191 1271 1237; x_wconf 88' lang='lat' dir='ltr'>ullum,</span> <span class='ocrx_word' id='word_1_140' title='bbox 1309 1193 1562 1231; x_wconf 87' lang='lat' dir='ltr'>nominabis?</span> <span class='ocrx_word' id='word_1_141' title='bbox 1594 1195 1648 1232; x_wconf 83' lang='lat' dir='ltr'>Et</span> <span class='ocrx_word' id='word_1_142' title='bbox 1674 1207 1793 1246; x_wconf 81' lang='lat' dir='ltr'>quam</span> 
     </span>
     <span class='ocr_line' id='line_1_17' title="bbox 386 1258 1793 1313; baseline -0.001 -14"><span class='ocrx_word' id='word_1_143' title='bbox 386 1270 430 1299; x_wconf 90' lang='lat' dir='ltr'>tu</span> <span class='ocrx_word' id='word_1_144' title='bbox 448 1260 596 1313; x_wconf 87' lang='lat' dir='ltr'>pestem</span> <span class='ocrx_word' id='word_1_145' title='bbox 615 1259 930 1298; x_wconf 81' lang='lat' dir='ltr'>innocentiffimo</span> <span class='ocrx_word' id='word_1_146' title='bbox 950 1258 1033 1296; x_wconf 87' lang='lat' dir='ltr'>filio</span> <span class='ocrx_word' id='word_1_147' title='bbox 1053 1272 1100 1297; x_wconf 86' lang='lat' dir='ltr'>ex</span> <span class='ocrx_word' id='word_1_148' title='bbox 1121 1259 1255 1297; x_wconf 90' lang='lat' dir='ltr'>matris</span> <span class='ocrx_word' id='word_1_149' title='bbox 1275 1258 1359 1297; x_wconf 92' lang='lat' dir='ltr'>finu</span> <span class='ocrx_word' id='word_1_150' title='bbox 1379 1259 1676 1313; x_wconf 85' lang='lat' dir='ltr'>deprompseris,</span> <span class='ocrx_word' id='word_1_151' title='bbox 1692 1259 1793 1298; x_wconf 87' lang='lat' dir='ltr'>hanc</span> 
     </span>
     <span class='ocr_line' id='line_1_18' title="bbox 385 1325 1792 1382; baseline -0.001 -16"><span class='ocrx_word' id='word_1_152' title='bbox 385 1326 432 1366; x_wconf 90' lang='lat' dir='ltr'>hi</span> <span class='ocrx_word' id='word_1_153' title='bbox 451 1327 545 1366; x_wconf 78' lang='lat' dir='ltr'>tales</span> <span class='ocrx_word' id='word_1_154' title='bbox 566 1327 638 1366; x_wconf 88' lang='lat' dir='ltr'>viri</span> <span class='ocrx_word' id='word_1_155' title='bbox 658 1325 972 1382; x_wconf 90' lang='lat' dir='ltr'>comprobabunt</span> <span class='ocrx_word' id='word_1_156' title='bbox 989 1326 1002 1363; x_wconf 88' lang='lat'>?</span> <span class='ocrx_word' id='word_1_157' title='bbox 1030 1325 1138 1371; x_wconf 90' lang='lat' dir='ltr'>Esto,</span> <span class='ocrx_word' id='word_1_158' title='bbox 1158 1325 1201 1364; x_wconf 87' lang='lat' dir='ltr'>in</span> <span class='ocrx_word' id='word_1_159' title='bbox 1221 1325 1372 1365; x_wconf 89' lang='lat' dir='ltr'>tabellis</span> <span class='ocrx_word' id='word_1_160' title='bbox 1392 1325 1494 1365; x_wconf 90' lang='lat' dir='ltr'>nihil</span> <span class='ocrx_word' id='word_1_161' title='bbox 1515 1326 1569 1365; x_wconf 89' lang='lat' dir='ltr'>est</span> <span class='ocrx_word' id='word_1_162' title='bbox 1588 1327 1792 1365; x_wconf 67' lang='lat' dir='ltr'>auctorita·</span> 
     </span>
     <span class='ocr_line' id='line_1_19' title="bbox 387 1392 1794 1447; baseline -0.001 -15"><span class='ocrx_word' id='word_1_163' title='bbox 387 1395 438 1434; x_wconf 78' lang='lat' dir='ltr'>tis</span> <span class='ocrx_word' id='word_1_164' title='bbox 457 1408 467 1432; x_wconf 76' lang='lat' dir='ltr'><em>z</em></span> <span class='ocrx_word' id='word_1_165' title='bbox 491 1393 615 1447; x_wconf 88' lang='lat' dir='ltr'>quid?</span> <span class='ocrx_word' id='word_1_166' title='bbox 648 1393 730 1447; x_wconf 87' lang='lat' dir='ltr'>ipsa</span> <span class='ocrx_word' id='word_1_167' title='bbox 749 1392 908 1446; x_wconf 83' lang='lat' dir='ltr'>quaestio</span> <span class='ocrx_word' id='word_1_168' title='bbox 928 1392 1129 1446; x_wconf 80' lang='lat' dir='ltr'>judicibus</span> <span class='ocrx_word' id='word_1_169' title='bbox 1146 1410 1158 1438; x_wconf 67' lang='grc' dir='ltr'><strong><em>ς</em></strong></span> <span class='ocrx_word' id='word_1_170' title='bbox 1191 1392 1287 1445; x_wconf 89' lang='lat' dir='ltr'>quid</span> <span class='ocrx_word' id='word_1_171' title='bbox 1305 1393 1318 1430; x_wconf 88' lang='lat'>?</span> <span class='ocrx_word' id='word_1_172' title='bbox 1346 1393 1482 1431; x_wconf 87' lang='lat' dir='ltr'>amicis</span> <span class='ocrx_word' id='word_1_173' title='bbox 1502 1392 1794 1447; x_wconf 85' lang='lat' dir='ltr'>hospitibusque</span> 
     </span>
     <span class='ocr_line' id='line_1_20' title="bbox 389 1458 1794 1515; baseline -0.002 -14"><span class='ocrx_word' id='word_1_174' title='bbox 389 1461 622 1515; x_wconf 86' lang='lat' dir='ltr'>Oppianici,</span> <span class='ocrx_word' id='word_1_175' title='bbox 641 1473 738 1513; x_wconf 90' lang='lat' dir='ltr'>quos</span> <span class='ocrx_word' id='word_1_176' title='bbox 759 1458 986 1499; x_wconf 85' lang='lat' dir='ltr'>adhibuerat</span> <span class='ocrx_word' id='word_1_177' title='bbox 1005 1469 1113 1498; x_wconf 84' lang='lat' dir='ltr'>antea</span> <span class='ocrx_word' id='word_1_178' title='bbox 1128 1478 1141 1505; x_wconf 72' lang='lat'>5</span> <span class='ocrx_word' id='word_1_179' title='bbox 1163 1459 1290 1512; x_wconf 84' lang='lat' dir='ltr'>quid?</span> <span class='ocrx_word' id='word_1_180' title='bbox 1313 1459 1408 1498; x_wconf 86' lang='lat' dir='ltr'>huic</span> <span class='ocrx_word' id='word_1_181' title='bbox 1429 1460 1585 1499; x_wconf 86' lang='lat' dir='ltr'>tandem</span> <span class='ocrx_word' id='word_1_182' title='bbox 1606 1460 1675 1514; x_wconf 90' lang='lat' dir='ltr'>ipfi</span> <span class='ocrx_word' id='word_1_183' title='bbox 1690 1469 1794 1499; x_wconf 90' lang='lat' dir='ltr'>tem-</span> 
     </span>
     <span class='ocr_line' id='line_1_21' title="bbox 390 1526 1794 1580; baseline 0.001 -14"><span class='ocrx_word' id='word_1_184' title='bbox 390 1528 488 1580; x_wconf 88' lang='lat' dir='ltr'>pori,</span> <span class='ocrx_word' id='word_1_185' title='bbox 524 1542 593 1567; x_wconf 91' lang='lat' dir='ltr'>cur</span> <span class='ocrx_word' id='word_1_186' title='bbox 623 1541 703 1566; x_wconf 88' lang='lat' dir='ltr'>non</span> <span class='ocrx_word' id='word_1_187' title='bbox 734 1527 919 1566; x_wconf 85' lang='lat' dir='ltr'>reservata</span> <span class='ocrx_word' id='word_1_188' title='bbox 950 1527 1034 1565; x_wconf 87' lang='lat' dir='ltr'>est?</span> <span class='ocrx_word' id='word_1_189' title='bbox 1066 1527 1178 1578; x_wconf 86' lang='lat' dir='ltr'>Qid</span> <span class='ocrx_word' id='word_1_190' title='bbox 1196 1526 1275 1564; x_wconf 88' lang='lat' dir='ltr'>istis</span> <span class='ocrx_word' id='word_1_191' title='bbox 1296 1526 1526 1567; x_wconf 86' lang='lat' dir='ltr'>hominibus</span> <span class='ocrx_word' id='word_1_192' title='bbox 1546 1527 1696 1567; x_wconf 63' lang='lat' dir='ltr'>factum</span> <span class='ocrx_word' id='word_1_193' title='bbox 1726 1528 1794 1574; x_wconf 86' lang='lat' dir='ltr'>est,</span> 
     </span>
     <span class='ocr_line' id='line_1_22' title="bbox 391 1593 915 1638; baseline -0.002 -7"><span class='ocrx_word' id='word_1_194' title='bbox 391 1595 580 1638; x_wconf 87' lang='lat' dir='ltr'>Stratone,</span> <span class='ocrx_word' id='word_1_195' title='bbox 603 1602 642 1631; x_wconf 88' lang='lat' dir='ltr'>et</span> <span class='ocrx_word' id='word_1_196' title='bbox 662 1593 884 1631; x_wconf 89' lang='lat' dir='ltr'>Nicostrato</span> <span class='ocrx_word' id='word_1_197' title='bbox 901 1593 915 1630; x_wconf 84' lang='lat'>?</span> 
     </span>
    </p>

    <p class='ocr_par' dir='ltr' id='par_1_4' title="bbox 391 1658 1799 2297">
     <span class='ocr_line' id='line_1_23' title="bbox 447 1658 1798 1713; baseline 0.001 -16"><span class='ocrx_word' id='word_1_198' title='bbox 447 1659 590 1710; x_wconf 83' lang='lat' dir='ltr'>Qaero</span> <span class='ocrx_word' id='word_1_199' title='bbox 619 1659 684 1698; x_wconf 79' lang='lat' dir='ltr'>abs</span> <span class='ocrx_word' id='word_1_200' title='bbox 720 1668 771 1705; x_wconf 86' lang='lat' dir='ltr'>te,</span> <span class='ocrx_word' id='word_1_201' title='bbox 805 1659 1044 1712; x_wconf 84' lang='lat' dir='ltr'>Oppianice,</span> <span class='ocrx_word' id='word_1_202' title='bbox 1073 1658 1180 1697; x_wconf 87' lang='lat' dir='ltr'>servo</span> <span class='ocrx_word' id='word_1_203' title='bbox 1200 1667 1268 1698; x_wconf 86' lang='lat' dir='ltr'>tuo</span> <span class='ocrx_word' id='word_1_204' title='bbox 1289 1659 1514 1699; x_wconf 88' lang='lat' dir='ltr'>Nicostrato</span> <span class='ocrx_word' id='word_1_205' title='bbox 1532 1660 1629 1713; x_wconf 88' lang='lat' dir='ltr'>quid</span> <span class='ocrx_word' id='word_1_206' title='bbox 1647 1659 1798 1700; x_wconf 67' lang='lat' dir='ltr'>fastum</span> 
     </span>
     <span class='ocr_line' id='line_1_24' title="bbox 391 1725 1795 1779; baseline 0.002 -16"><span class='ocrx_word' id='word_1_207' title='bbox 391 1725 464 1764; x_wconf 82' lang='lat' dir='ltr'>effe</span> <span class='ocrx_word' id='word_1_208' title='bbox 484 1726 588 1765; x_wconf 80' lang='lat' dir='ltr'>dicas</span> <span class='ocrx_word' id='word_1_209' title='bbox 606 1741 615 1763; x_wconf 68' lang='grc' dir='ltr'>ε</span> <span class='ocrx_word' id='word_1_210' title='bbox 646 1739 766 1778; x_wconf 87' lang='lat' dir='ltr'>quem</span> <span class='ocrx_word' id='word_1_211' title='bbox 787 1733 843 1770; x_wconf 86' lang='lat' dir='ltr'>tu,</span> <span class='ocrx_word' id='word_1_212' title='bbox 864 1739 956 1764; x_wconf 88' lang='lat' dir='ltr'>cum</span> <span class='ocrx_word' id='word_1_213' title='bbox 975 1725 1083 1763; x_wconf 90' lang='lat' dir='ltr'>hunc</span> <span class='ocrx_word' id='word_1_214' title='bbox 1104 1725 1212 1764; x_wconf 87' lang='lat' dir='ltr'>brevi</span> <span class='ocrx_word' id='word_1_215' title='bbox 1233 1734 1408 1779; x_wconf 87' lang='lat' dir='ltr'>tempore</span> <span class='ocrx_word' id='word_1_216' title='bbox 1428 1726 1671 1766; x_wconf 86' lang='lat' dir='ltr'>accusaturus</span> <span class='ocrx_word' id='word_1_217' title='bbox 1691 1726 1795 1774; x_wconf 83' lang='lat' dir='ltr'>effes,</span> 
     </span>
     <span class='ocr_line' id='line_1_25' title="bbox 393 1791 1797 1844; baseline 0.001 -14"><span class='ocrx_word' id='word_1_218' title='bbox 393 1792 566 1830; x_wconf 90' lang='lat' dir='ltr'>Romam</span> <span class='ocrx_word' id='word_1_219' title='bbox 586 1791 786 1837; x_wconf 87' lang='lat' dir='ltr'>deducere,</span> <span class='ocrx_word' id='word_1_220' title='bbox 818 1792 906 1830; x_wconf 85' lang='lat' dir='ltr'>dare</span> <span class='ocrx_word' id='word_1_221' title='bbox 926 1791 1154 1844; x_wconf 86' lang='lat' dir='ltr'>potestatem</span> <span class='ocrx_word' id='word_1_222' title='bbox 1180 1791 1393 1837; x_wconf 90' lang='lat' dir='ltr'>indicandi,</span> <span class='ocrx_word' id='word_1_223' title='bbox 1416 1792 1659 1832; x_wconf 86' lang='lat' dir='ltr'>incolumem</span> <span class='ocrx_word' id='word_1_224' title='bbox 1685 1793 1797 1832; x_wconf 84' lang='lat' dir='ltr'>deni-</span> 
     </span>
     <span class='ocr_line' id='line_1_26' title="bbox 392 1857 1796 1912; baseline 0.002 -17"><span class='ocrx_word' id='word_1_225' title='bbox 392 1871 467 1910; x_wconf 91' lang='lat' dir='ltr'>que</span> <span class='ocrx_word' id='word_1_226' title='bbox 480 1857 623 1896; x_wconf 88' lang='lat' dir='ltr'>servare</span> <span class='ocrx_word' id='word_1_227' title='bbox 640 1857 859 1910; x_wconf 86' lang='lat' dir='ltr'>quaestioni,</span> <span class='ocrx_word' id='word_1_228' title='bbox 879 1857 1020 1896; x_wconf 85' lang='lat' dir='ltr'>servare</span> <span class='ocrx_word' id='word_1_229' title='bbox 1037 1857 1099 1896; x_wconf 87' lang='lat' dir='ltr'>his</span> <span class='ocrx_word' id='word_1_230' title='bbox 1110 1858 1327 1910; x_wconf 82' lang='lat' dir='ltr'>judicibus,</span> <span class='ocrx_word' id='word_1_231' title='bbox 1344 1857 1485 1897; x_wconf 88' lang='lat' dir='ltr'>servare</span> <span class='ocrx_word' id='word_1_232' title='bbox 1500 1857 1596 1898; x_wconf 92' lang='lat' dir='ltr'>huic</span> <span class='ocrx_word' id='word_1_233' title='bbox 1611 1860 1796 1912; x_wconf 84' lang='lat' dir='ltr'>tempori,</span> 
     </span>
     <span class='ocr_line' id='line_1_27' title="bbox 393 1924 1799 1978; baseline 0.002 -15"><span class='ocrx_word' id='word_1_234' title='bbox 393 1924 570 1964; x_wconf 88' lang='lat' dir='ltr'>debuisti.</span> <span class='ocrx_word' id='word_1_235' title='bbox 594 1924 702 1964; x_wconf 86' lang='lat' dir='ltr'>Nam</span> <span class='ocrx_word' id='word_1_236' title='bbox 720 1927 937 1964; x_wconf 88' lang='lat' dir='ltr'>Stratonem</span> <span class='ocrx_word' id='word_1_237' title='bbox 958 1926 1132 1978; x_wconf 88' lang='lat' dir='ltr'>quidem,</span> <span class='ocrx_word' id='word_1_238' title='bbox 1150 1926 1324 1977; x_wconf 89' lang='lat' dir='ltr'>Judices,</span> <span class='ocrx_word' id='word_1_239' title='bbox 1342 1926 1383 1964; x_wconf 92' lang='lat' dir='ltr'>in</span> <span class='ocrx_word' id='word_1_240' title='bbox 1404 1939 1563 1965; x_wconf 88' lang='lat' dir='ltr'>crucem</span> <span class='ocrx_word' id='word_1_241' title='bbox 1578 1929 1708 1966; x_wconf 69' lang='lat' dir='ltr'>actum</span> <span class='ocrx_word' id='word_1_242' title='bbox 1726 1927 1799 1966; x_wconf 85' lang='lat' dir='ltr'>effe</span> 
     </span>
     <span class='ocr_line' id='line_1_28' title="bbox 394 1991 1797 2046; baseline 0.002 -17"><span class='ocrx_word' id='word_1_243' title='bbox 394 1991 538 2031; x_wconf 68' lang='lat' dir='ltr'>exsecta</span> <span class='ocrx_word' id='word_1_244' title='bbox 557 1991 691 2030; x_wconf 85' lang='lat' dir='ltr'>scitote</span> <span class='ocrx_word' id='word_1_245' title='bbox 717 1992 852 2045; x_wconf 83' lang='lat' dir='ltr'>lingua</span> <span class='ocrx_word' id='word_1_246' title='bbox 870 2007 878 2030; x_wconf 75' lang='grc' dir='ltr'>ε</span> <span class='ocrx_word' id='word_1_247' title='bbox 911 1992 1030 2045; x_wconf 88' lang='lat' dir='ltr'>quod,</span> <span class='ocrx_word' id='word_1_248' title='bbox 1054 2006 1169 2031; x_wconf 90' lang='lat' dir='ltr'>nemo</span> <span class='ocrx_word' id='word_1_249' title='bbox 1189 1992 1242 2030; x_wconf 87' lang='lat' dir='ltr'>est</span> <span class='ocrx_word' id='word_1_250' title='bbox 1261 1993 1520 2039; x_wconf 89' lang='lat' dir='ltr'>Larinatium,</span> <span class='ocrx_word' id='word_1_251' title='bbox 1549 1994 1620 2046; x_wconf 91' lang='lat' dir='ltr'>qui</span> <span class='ocrx_word' id='word_1_252' title='bbox 1640 1993 1797 2033; x_wconf 84' lang='lat' dir='ltr'>nesciat.</span> 
     </span>
     <span class='ocr_line' id='line_1_29' title="bbox 395 2057 1797 2105; baseline 0.001 -9"><span class='ocrx_word' id='word_1_253' title='bbox 395 2057 554 2096; x_wconf 87' lang='lat' dir='ltr'>Timuit</span> <span class='ocrx_word' id='word_1_254' title='bbox 574 2058 717 2096; x_wconf 82' lang='lat' dir='ltr'>mulier</span> <span class='ocrx_word' id='word_1_255' title='bbox 737 2071 867 2096; x_wconf 84' lang='lat' dir='ltr'>amens</span> <span class='ocrx_word' id='word_1_256' title='bbox 889 2072 966 2096; x_wconf 88' lang='lat' dir='ltr'>non</span> <span class='ocrx_word' id='word_1_257' title='bbox 988 2058 1094 2096; x_wconf 85' lang='lat' dir='ltr'>suam</span> <span class='ocrx_word' id='word_1_258' title='bbox 1115 2058 1413 2105; x_wconf 88' lang='lat' dir='ltr'>conscientiam,</span> <span class='ocrx_word' id='word_1_259' title='bbox 1449 2073 1528 2098; x_wconf 89' lang='lat' dir='ltr'>non</span> <span class='ocrx_word' id='word_1_260' title='bbox 1549 2059 1686 2098; x_wconf 83' lang='lat' dir='ltr'>odium</span> <span class='ocrx_word' id='word_1_261' title='bbox 1706 2073 1797 2098; x_wconf 88' lang='lat' dir='ltr'>mu-</span> 
     </span>
     <span class='ocr_line' id='line_1_30' title="bbox 397 2124 1798 2179; baseline 0.001 -17"><span class='ocrx_word' id='word_1_262' title='bbox 397 2124 589 2177; x_wconf 88' lang='lat' dir='ltr'>nicipum,</span> <span class='ocrx_word' id='word_1_263' title='bbox 607 2139 684 2163; x_wconf 90' lang='lat' dir='ltr'>non</span> <span class='ocrx_word' id='word_1_264' title='bbox 705 2124 851 2163; x_wconf 85' lang='lat' dir='ltr'>famam</span> <span class='ocrx_word' id='word_1_265' title='bbox 870 2125 1066 2172; x_wconf 87' lang='lat' dir='ltr'>omnium,</span> <span class='ocrx_word' id='word_1_266' title='bbox 1089 2125 1166 2171; x_wconf 85' lang='lat' dir='ltr'>sed,</span> <span class='ocrx_word' id='word_1_267' title='bbox 1184 2126 1288 2179; x_wconf 89' lang='lat' dir='ltr'>quafi</span> <span class='ocrx_word' id='word_1_268' title='bbox 1305 2140 1383 2164; x_wconf 92' lang='lat' dir='ltr'>non</span> <span class='ocrx_word' id='word_1_269' title='bbox 1400 2140 1535 2166; x_wconf 88' lang='lat' dir='ltr'>omnes</span> <span class='ocrx_word' id='word_1_270' title='bbox 1551 2127 1631 2179; x_wconf 87' lang='lat' dir='ltr'>ejus</span> <span class='ocrx_word' id='word_1_271' title='bbox 1649 2126 1798 2165; x_wconf 87' lang='lat' dir='ltr'>sceleris</span> 
     </span>
     <span class='ocr_line' id='line_1_31' title="bbox 397 2190 1799 2237; baseline 0.001 -10"><span class='ocrx_word' id='word_1_272' title='bbox 397 2190 507 2229; x_wconf 86' lang='lat' dir='ltr'>testes</span> <span class='ocrx_word' id='word_1_273' title='bbox 529 2191 644 2230; x_wconf 84' lang='lat' dir='ltr'>effent</span> <span class='ocrx_word' id='word_1_274' title='bbox 663 2191 800 2237; x_wconf 85' lang='lat' dir='ltr'>futuri,</span> <span class='ocrx_word' id='word_1_275' title='bbox 819 2191 869 2230; x_wconf 89' lang='lat' dir='ltr'>fic</span> <span class='ocrx_word' id='word_1_276' title='bbox 889 2192 1044 2237; x_wconf 84' lang='lat' dir='ltr'>metuit,</span> <span class='ocrx_word' id='word_1_277' title='bbox 1066 2206 1114 2230; x_wconf 87' lang='lat' dir='ltr'>ne</span> <span class='ocrx_word' id='word_1_278' title='bbox 1134 2193 1457 2232; x_wconf 85' lang='lat' dir='ltr'>condemnaretur</span> <span class='ocrx_word' id='word_1_279' title='bbox 1471 2203 1644 2233; x_wconf 84' lang='lat' dir='ltr'>extrema</span> <span class='ocrx_word' id='word_1_280' title='bbox 1661 2191 1799 2231; x_wconf 87' lang='lat' dir='ltr'>servuli</span> 
     </span>
     <span class='ocr_line' id='line_1_32' title="bbox 399 2259 726 2297; baseline 0.006 -3"><span class='ocrx_word' id='word_1_281' title='bbox 399 2270 491 2295; x_wconf 88' lang='lat' dir='ltr'>voce</span> <span class='ocrx_word' id='word_1_282' title='bbox 511 2259 726 2297; x_wconf 85' lang='lat' dir='ltr'>morientis.</span> 
     </span>
    </p>

    <p class='ocr_par' dir='ltr' id='par_1_5' title="bbox 400 2322 1802 2512">
     <span class='ocr_line' id='line_1_33' title="bbox 456 2322 1798 2379; baseline 0.001 -19"><span class='ocrx_word' id='word_1_283' title='bbox 456 2323 575 2374; x_wconf 84' lang='lat' dir='ltr'>Qod</span> <span class='ocrx_word' id='word_1_284' title='bbox 594 2322 669 2362; x_wconf 94' lang='lat' dir='ltr'>hoc</span> <span class='ocrx_word' id='word_1_285' title='bbox 689 2335 930 2377; x_wconf 88' lang='lat' dir='ltr'>portentum,</span> <span class='ocrx_word' id='word_1_286' title='bbox 966 2326 1037 2365; x_wconf 92' lang='lat' dir='ltr'>Dii</span> <span class='ocrx_word' id='word_1_287' title='bbox 1057 2326 1321 2365; x_wconf 82' lang='lat' dir='ltr'>immortales!</span> <span class='ocrx_word' id='word_1_288' title='bbox 1356 2326 1463 2379; x_wconf 88' lang='lat' dir='ltr'>quod</span> <span class='ocrx_word' id='word_1_289' title='bbox 1496 2335 1650 2364; x_wconf 88' lang='lat' dir='ltr'>tantum</span> <span class='ocrx_word' id='word_1_290' title='bbox 1681 2338 1798 2363; x_wconf 88' lang='lat' dir='ltr'>mon·</span> 
     </span>
     <span class='ocr_line' id='line_1_34' title="bbox 400 2390 1802 2445; baseline 0.003 -18"><span class='ocrx_word' id='word_1_291' title='bbox 400 2390 521 2443; x_wconf 79' lang='lat' dir='ltr'>strum</span> <span class='ocrx_word' id='word_1_292' title='bbox 543 2391 583 2429; x_wconf 92' lang='lat' dir='ltr'>in</span> <span class='ocrx_word' id='word_1_293' title='bbox 605 2391 692 2429; x_wconf 86' lang='lat' dir='ltr'>ullis</span> <span class='ocrx_word' id='word_1_294' title='bbox 714 2392 810 2431; x_wconf 88' lang='lat' dir='ltr'>locis</span> <span class='ocrx_word' id='word_1_295' title='bbox 830 2394 843 2430; x_wconf 90' lang='lat'>?</span> <span class='ocrx_word' id='word_1_296' title='bbox 875 2394 981 2445; x_wconf 88' lang='lat' dir='ltr'>quod</span> <span class='ocrx_word' id='word_1_297' title='bbox 1011 2404 1090 2432; x_wconf 85' lang='lat' dir='ltr'>tam</span> <span class='ocrx_word' id='word_1_298' title='bbox 1112 2393 1296 2433; x_wconf 87' lang='lat' dir='ltr'>infestum</span> <span class='ocrx_word' id='word_1_299' title='bbox 1317 2394 1435 2432; x_wconf 89' lang='lat' dir='ltr'>scelus</span> <span class='ocrx_word' id='word_1_300' title='bbox 1458 2403 1495 2431; x_wconf 86' lang='lat' dir='ltr'>et</span> <span class='ocrx_word' id='word_1_301' title='bbox 1515 2394 1702 2437; x_wconf 85' lang='lat' dir='ltr'>immane,</span> <span class='ocrx_word' id='word_1_302' title='bbox 1736 2401 1802 2431; x_wconf 84' lang='lat' dir='ltr'>aut</span> 
     </span>
     <span class='ocr_line' id='line_1_35' title="bbox 403 2457 1800 2512; baseline 0.002 -17"><span class='ocrx_word' id='word_1_303' title='bbox 403 2457 519 2503; x_wconf 89' lang='lat' dir='ltr'>unde,</span> <span class='ocrx_word' id='word_1_304' title='bbox 542 2467 679 2498; x_wconf 89' lang='lat' dir='ltr'>natum</span> <span class='ocrx_word' id='word_1_305' title='bbox 699 2457 770 2497; x_wconf 84' lang='lat' dir='ltr'>effe</span> <span class='ocrx_word' id='word_1_306' title='bbox 791 2458 963 2498; x_wconf 76' lang='lat' dir='ltr'>dicamus</span> <span class='ocrx_word' id='word_1_307' title='bbox 981 2460 995 2497; x_wconf 90' lang='lat'>?</span> <span class='ocrx_word' id='word_1_308' title='bbox 1026 2461 1116 2511; x_wconf 87' lang='lat' dir='ltr'>Jam</span> <span class='ocrx_word' id='word_1_309' title='bbox 1136 2460 1246 2500; x_wconf 87' lang='lat' dir='ltr'>enim</span> <span class='ocrx_word' id='word_1_310' title='bbox 1262 2460 1397 2499; x_wconf 86' lang='lat' dir='ltr'>videtis</span> <span class='ocrx_word' id='word_1_311' title='bbox 1420 2457 1605 2512; x_wconf 65' lang='lat' dir='ltr'>profecto,</span> <span class='ocrx_word' id='word_1_312' title='bbox 1628 2459 1800 2510; x_wconf 86' lang='lat' dir='ltr'>Judices,</span> 
     </span>
    </p>

    <p class='ocr_par' dir='ltr' id='par_1_6' title="bbox 1392 2525 1495 2564">
     <span class='ocr_line' id='line_1_36' title="bbox 1392 2525 1495 2564; baseline 0 -1"><span class='ocrx_word' id='word_1_313' title='bbox 1392 2525 1441 2564; x_wconf 89' lang='lat' dir='ltr'>M</span> <span class='ocrx_word' id='word_1_314' title='bbox 1475 2538 1495 2563; x_wconf 89' lang='lat'>2</span> 
     </span>
    </p>
   </div>
  </div>
 </body>
</html>
