2212 2835
366 131 420 169 94
861 117 1261 155 ORATio

367 213 426 258 fit,
449 224 637 252 tenemus.
682 212 792 263 Qin
823 212 939 249 etiam
961 212 1144 249 noemma
1164 211 1358 256 sacrificia,
1381 225 1465 263 quae
1494 221 1603 264 putat
1623 214 1755 252 occul-

368 281 463 319 tiora
483 279 565 323 effe,
587 277 852 329 sceleratasque
872 278 954 329 ejus
975 291 1119 329 preces,
1141 286 1178 316 et
1198 277 1340 315 nefaria
1358 286 1458 322 vota,
1481 279 1733 330 cognovimus
1742 298 1755 324 ς

367 346 508 396 quibus
527 344 593 381 illa
612 344 728 381 etiam
750 343 853 381 Deos
874 344 1112 381 immortales
1132 344 1179 382 de
1200 344 1265 382 suo
1286 343 1422 382 scelere
1442 344 1609 389 testatur,
1634 357 1761 397 neque

368 410 566 462 intelligit,
587 410 742 462 pietate,
764 418 801 447 et
821 409 1019 461 religione,
1042 418 1079 447 et
1095 410 1206 462 justis
1227 410 1419 462 precibus,
1450 411 1626 448 Deorum
1646 424 1760 448 men-

368 485 438 520 tes,
460 489 537 513 non
558 475 816 513 contaminata
836 475 1112 527 superstitione,
1130 489 1253 527 neque
1273 476 1320 513 ad
1341 475 1458 514 scelus
1479 475 1761 528 perficiendum

368 542 467 580 caesis
486 541 633 587 hostiis,
655 542 755 595 poffe
770 542 925 594 placari.
944 543 1067 593 Cujus
1084 556 1154 595 ego
1172 541 1342 580 furorem
1362 552 1475 595 atque
1494 542 1760 581 crudelitatem

369 608 474 646 Deos
495 608 733 646 immortales
755 621 775 645 a
794 608 867 646 suis
899 608 970 645 aris
1002 617 1116 660 atque
1147 608 1304 661 templis
1334 608 1545 661 aspernatos
1571 608 1643 647 effe
1663 622 1760 647 con-

370 673 461 712 fido.

416 741 566 778 LXIX.
599 740 693 784 Vos,
728 739 900 790 Judices,
932 753 1028 792 quos
1058 738 1152 778 huic
1172 741 1223 778 A.
1248 740 1431 778 Cluentio
1451 740 1636 792 quosdam
1668 740 1760 778 alios

372 801 476 839 Deos
497 801 543 838 ad
569 814 685 838 omne
704 801 790 839 vitae
822 810 973 853 tempus
994 799 1149 839 fortuna
1169 800 1240 838 effe
1260 801 1396 845 voluit,
1428 800 1544 853 hujus
1566 802 1760 853 importu-

372 867 532 904 nitatem
554 867 686 904 matris
713 879 733 903 a
753 866 825 904 filii
844 867 968 919 capite
989 866 1182 919 depellite.
1214 866 1339 904 Multi
1360 866 1454 918 saepe
1484 867 1525 904 in
1551 866 1762 917 judicando

372 941 526 985 peccata
555 932 723 970 liberum
754 941 958 984 parentum
986 932 1254 969 misericordiae
1284 930 1572 970 concesserunt:
1604 943 1685 975 vos,
1716 944 1764 971 ne

371 997 486 1050 hujus
517 997 774 1036 honestiffime
803 999 926 1035 actam
955 997 1074 1034 vitam
1111 996 1243 1035 matris
1274 996 1491 1035 crudelitati
1523 996 1764 1042 condonetis,

371 1077 576 1116 rogamu83
607 1063 816 1116 praesertim
835 1077 928 1102 cum
948 1076 995 1101 ex
1015 1063 1130 1101 altera
1149 1071 1253 1116 parte
1274 1072 1402 1102 totum
1421 1063 1684 1116 municipium
1703 1063 1762 1101 vi-

372 1130 458 1168 dere
477 1129 635 1182 possitis.
669 1130 819 1167 Omnes
854 1129 1001 1174 scitote,
1023 1129 1194 1179 Judices,
1220 1128 1465 1180 (incredibile
1485 1129 1591 1167 dictu
1614 1129 1680 1174 est,
1703 1128 1766 1168 sed

372 1210 393 1233 a
412 1209 475 1234 me
495 1195 682 1234 veriffime
701 1195 859 1246 dicitur)
892 1207 1027 1233 omnes
1048 1195 1260 1240 Larinates,
1292 1194 1361 1246 qui
1381 1194 1594 1239 valuerunt,
1627 1195 1766 1234 venifl‘e

374 1263 558 1305 Romam,
592 1269 634 1298 ut
654 1258 759 1298 hunc
779 1260 905 1299 studio
923 1258 1214 1312 frequentiaque
1235 1259 1310 1304 sua,
1333 1270 1523 1312 quantum
1543 1259 1704 1312 poss‘ent,
1725 1260 1767 1302 in

374 1336 481 1365 tanto
511 1327 590 1378 ejus
622 1326 795 1379 periculo
814 1326 1064 1364 sublevarent.
1108 1326 1239 1365 Pueris
1271 1326 1369 1364 illud
1398 1325 1475 1365 hoc
1506 1336 1692 1379 tempore,
1727 1334 1767 1364 et

374 1393 617 1437 mulieribus,
647 1392 836 1445 oppidum
856 1392 992 1431 scitote
1021 1391 1093 1430 effe
1113 1392 1312 1437 traditum,
1346 1392 1463 1445 idque
1493 1392 1534 1431 in
1553 1391 1765 1446 praesentia,

374 1460 415 1497 in
446 1458 650 1497 communi
680 1458 800 1496 Italiae
832 1472 938 1511 pace,
971 1457 1188 1497 domesticis
1222 1458 1344 1510 copiis
1377 1457 1449 1496 effe
1475 1467 1635 1496 tutum:
1666 1471 1777 1510 quos,

376 1535 504 1564 tamen
525 1524 623 1577 ipsos
644 1538 764 1577 aeque,
786 1533 824 1562 et
844 1537 921 1569 eos,
944 1538 1042 1576 quos
1061 1524 1258 1576 praesentes
1279 1524 1430 1569 videtis,
1451 1523 1567 1576 hujus
1587 1525 1766 1577 expesta-

377 1592 431 1629 tio
446 1590 584 1643 judicii
605 1590 683 1627 dies
704 1589 907 1642 noctesque
926 1589 1118 1629 sollicitat.

431 1657 526 1695 Non
546 1656 603 1694 illi
633 1670 698 1694 vos
732 1656 778 1694 de
799 1657 912 1694 unius
934 1656 1143 1708 municipis
1165 1654 1330 1695 fortunis
1351 1655 1596 1700 arbitrantur,
1628 1654 1691 1692 sed
1718 1654 1766 1692 de

376 1723 493 1760 totius
514 1722 721 1774 municipii
745 1721 856 1766 statu,
888 1721 1089 1773 dignitate,
1123 1720 1416 1771 commodisque
1446 1720 1644 1764 omnibus,
1677 1719 1761 1757 sen-

376 1790 512 1827 tentias
532 1788 603 1826 effe
621 1788 777 1826 laturos.
809 1789 970 1826 Summa
988 1787 1040 1825 est
1060 1786 1179 1831 enirn,
1202 1786 1373 1837 JudiceS,
1399 1785 1570 1824 hominis
1592 1786 1632 1823 in
1653 1799 1766 1824 com-

377 1869 539 1893 munem
558 1854 764 1906 municipii
785 1867 865 1892 rem
887 1854 1100 1906 diligentia,
1133 1853 1173 1891 in
1194 1852 1361 1905 singulos
1390 1852 1608 1905 municipes
1628 1853 1767 1904 benig-

377 1921 490 1965 nitas,
522 1920 562 1957 in
582 1933 716 1957 omnes
737 1918 914 1958 homines
934 1919 1082 1972 justitia
1112 1927 1150 1957 et
1170 1918 1277 1957 fides.
1315 1919 1496 1956 Praeterea
1525 1917 1769 1956 nobilitatem

379 1987 488 2024 illam
508 1987 607 2024 inter
627 1986 726 2030 suos,
757 1986 966 2038 locumque
987 2000 1007 2023 a
1027 1986 1236 2038 majoribus
1257 1985 1455 2029 traditum,
1489 1984 1538 2022 fic
1561 1993 1702 2029 tuetur,
1725 1993 1768 2022 ut

378 2054 570 2104 majorum
591 2052 829 2104 gravitatem,
862 2052 1128 2096 constantiam,
1149 2051 1326 2104 gratiam,
1359 2051 1646 2096 liberalitatem,
1676 2050 1767 2088 affe-

378 2128 532 2172 quatur.
565 2120 699 2170 Itaque
733 2119 779 2156 iis
800 2132 890 2157 eum
921 2118 1044 2157 verbis
1076 2118 1232 2171 publice
1267 2117 1436 2161 laudant,
1473 2126 1514 2154 ut
1546 2131 1622 2155 non
1644 2117 1771 2155 solum

381 2186 646 2224 testimonium
672 2184 782 2223 suurn
798 2185 1071 2237 judiciumque
1091 2184 1318 2237 significent,
1347 2197 1480 2222 verum
1500 2183 1615 2221 etiam
1636 2197 1770 2222 curam

380 2252 513 2297 animi,
534 2265 576 2290 ac
597 2251 783 2289 dolorem.
816 2252 914 2303 Qae
934 2251 1029 2289 dum
1050 2251 1217 2289 laudatio
1238 2251 1429 2295 recitatur,
1452 2263 1516 2288 vos
1538 2250 1678 2302 quaeso,
1700 2250 1766 2302 qui

381 2333 465 2358 cam
486 2319 686 2363 detulistis,
709 2318 897 2372 assurgite.
930 2319 1186 2358 LAUDATio
1210 2319 1464 2363 CLUENTH,
1485 2333 1528 2356 ex
1547 2317 1769 2356 decurionum

382 2386 620 2426 Larinatium
640 2384 789 2425 decreto.
