2212 2835
385 162 459 189 110
887 142 1288 181 ORATIO

380 246 491 285 nobis
513 242 744 283 Consulibus
766 240 980 292 designatis,
1011 240 1106 278 inita
1124 238 1208 285 effe,
1240 239 1476 277 dicebantur.
1509 240 1662 279 Sublata
1688 250 1766 279 erat

381 313 427 350 de
447 311 530 349 foro
550 308 656 352 fides,
687 320 765 345 non
791 306 870 344 ictu
897 305 1028 357 aliquo
1059 319 1164 344 novae
1194 304 1435 350 calamitatis,
1467 305 1529 343 sed
1555 305 1766 358 suspicione

380 390 422 415 ac
441 373 725 428 perturbatione
749 371 1002 425 judiciorum,
1032 370 1292 409 infirmatione
1321 384 1446 409 rerum
1475 371 1764 422 judicatarum:

380 455 486 481 novae
505 439 801 484 dominationes,
821 437 1115 477 extraordinaria
1130 451 1209 475 non
1227 437 1402 490 imperia,
1424 436 1485 475 sed
1501 450 1628 489 regna,
1649 437 1766 490 quaeri

379 507 626 562 putabantur.

437 573 509 611 IV.
541 573 640 623 Qae
659 584 750 609 cum
771 582 842 622 ego
862 582 940 607 non
961 568 1086 607 solum
1106 567 1322 621 suspicarer,
1344 568 1405 606 sed
1424 568 1536 621 plane
1556 581 1765 613 cernerem,

385 638 529 690 (neque
548 637 654 676 enim
674 636 833 674 obscure
853 634 1099 688 gerebantur)
1130 635 1211 672 dixi
1238 635 1277 672 in
1298 634 1440 679 senatu,
1470 635 1510 672 in
1531 633 1606 672 hoc
1627 634 1767 687 magis-

381 713 482 743 tratu
514 717 577 742 me
608 702 833 756 popularem
865 701 1074 740 Consulem
1106 699 1298 739 futurum.
1343 700 1452 752 Qid
1477 700 1582 739 enim
1608 700 1660 739 est
1687 709 1768 739 tam

381 770 563 824 populare
576 799 587 814 ,
617 782 736 821 quam
755 781 829 821 pax
848 768 860 805 ?
891 780 967 820 qua
984 780 1063 805 non
1081 766 1200 805 modo
1220 767 1247 804 ii
1263 796 1275 812 ,
1306 767 1448 819 quibus
1469 776 1601 805 natura
1620 767 1770 806 sensum

383 836 502 881 dedit,
533 836 594 874 sed
624 834 741 873 etiam
772 835 869 872 testa
897 842 1013 885 atque
1043 832 1136 885 agri,
1168 831 1268 870 mihi
1296 832 1414 870 laetari
1440 832 1628 872 videntur.
1661 832 1770 883 Qid

383 911 462 940 tam
483 900 679 956 populare,
709 913 828 952 quam
847 899 1001 937 libertas
1020 899 1033 935 ?
1064 911 1183 950 quam
1212 911 1289 936 non
1313 898 1439 936 solum
1459 898 1506 936 ab
1526 897 1771 944 hominibus,

382 981 518 1005 verum
543 967 659 1004 etiam
688 979 709 1002 a
733 964 877 1008 bestiis,
907 963 1050 1015 expeti,
1086 971 1200 1014 atque
1225 963 1409 1001 omnibus
1437 962 1548 1000 rebus
1575 963 1771 1016 anteponi,

382 1034 533 1072 videtis.
566 1031 675 1084 Qid
702 1040 781 1069 tam
805 1030 1000 1083 populare,
1032 1042 1149 1081 quam
1168 1029 1322 1068 otium?
1355 1030 1460 1082 quod
1484 1030 1780 1083 itajucundum„

383 1100 449 1144 est,
472 1110 515 1138 ut
535 1108 573 1136 et
592 1110 672 1143 vos,
694 1105 732 1135 et
751 1096 913 1148 majores
934 1095 1060 1139 vestri,
1082 1104 1119 1133 et
1133 1093 1358 1134 fortiffimus
1378 1094 1540 1148 quisque
1555 1096 1626 1141 vir,
1644 1096 1771 1134 maxi-

384 1179 468 1204 mos
489 1164 635 1203 labores
656 1161 911 1214 suscipiendos
932 1169 1042 1213 putet
1055 1190 1066 1206 ,
1097 1169 1141 1199 ut
1160 1160 1365 1212 aliquando
1384 1162 1425 1199 in
1445 1162 1525 1199 otio
1544 1161 1657 1214 poffit
1675 1162 1772 1207 effe,

383 1231 589 1284 praesertim
615 1229 656 1266 in
682 1227 847 1280 imperio
869 1240 911 1265 ac
932 1227 1142 1279 dignitate:
1174 1227 1243 1279 qui
1262 1227 1406 1266 idcirco
1426 1227 1541 1265 etiam
1562 1228 1772 1280 majoribus

383 1297 517 1335 nostris
536 1295 769 1349 praecipuam
789 1293 943 1332 laudem
962 1294 1200 1346 gratiamque
1219 1293 1418 1339 debemus,
1441 1294 1546 1347 quod
1560 1307 1694 1333 eorum
1714 1294 1772 1332 la·

384 1363 476 1401 bore
506 1362 558 1400 est
586 1360 745 1405 fastum,
777 1368 820 1398 ut
848 1360 1008 1412 impune
1037 1360 1078 1397 in
1106 1360 1187 1398 otio
1213 1359 1284 1397 effe
1311 1359 1518 1413 possemus,
1549 1361 1679 1411 Qare
1705 1360 1774 1412 qui

385 1428 532 1481 poffum
560 1440 639 1465 non
664 1425 736 1464 effe
760 1425 970 1479 popularis,
1000 1438 1093 1463 curn
1121 1425 1269 1465 videam
1296 1424 1379 1464 haec
1408 1426 1553 1471 omnia,
1584 1426 1773 1478 Qirites,

384 1508 518 1548 pacem
539 1503 749 1538 externam,
771 1492 989 1530 libertatem
1009 1491 1202 1545 propriam
1223 1493 1371 1545 generis
1391 1506 1434 1531 ac
1455 1492 1626 1531 nominis
1647 1491 1773 1537 vestri,

384 1562 509 1599 otium
531 1559 799 1603 domesticum,
821 1558 987 1611 denique
1006 1558 1151 1604 omnia,
1177 1572 1262 1611 quae
1282 1559 1391 1597 vobis
1411 1572 1494 1597 cara
1513 1567 1628 1611 atque
1646 1557 1776 1611 ampla

386 1628 485 1673 sunt,
508 1628 547 1665 in
569 1626 699 1670 fidem,
717 1634 755 1663 et
775 1624 945 1677 quodam
964 1625 1082 1664 modo
1101 1625 1142 1663 in
1161 1625 1438 1678 patrocinium,
1457 1625 1536 1664 mei
1555 1624 1774 1664 consulatus

386 1693 456 1732 effe
476 1693 614 1731 collata
630 1693 643 1729 ?

440 1759 582 1811 Neque
612 1758 732 1802 enim,
764 1755 951 1808 Qirites,
984 1755 1083 1793 illud
1113 1755 1221 1793 vobis
1246 1755 1466 1807 jucundum
1497 1765 1561 1794 aut
1592 1755 1775 1808 populare

387 1826 499 1863 debet
529 1824 662 1871 videri,
694 1822 847 1874 largitio
879 1822 1007 1875 aliqua
1036 1822 1291 1874 promulgata,
1323 1836 1406 1874 quae
1437 1822 1561 1860 verbis
1595 1822 1773 1861 ostentari

387 1890 521 1943 potest,
554 1903 591 1928 re
625 1902 708 1926 vera
741 1889 836 1933 fieri,
868 1887 935 1926 nisi
969 1887 1149 1926 exhausto
1180 1888 1321 1932 aerario,
1352 1888 1461 1926 nullo
1492 1889 1601 1940 pacto
1635 1888 1770 1941 potest.

387 1956 528 2008 Neque
549 1968 636 1993 vero
657 1954 721 1992 illa
741 1954 937 2007 popularia
963 1953 1050 1991 sunt
1075 1953 1338 1998 existimanda,
1363 1954 1602 2006 judiciorum
1624 1964 1774 2006 pertur-

387 2022 572 2066 bationes,
604 2033 731 2058 rerum
752 2019 1013 2071 judicatarum
1039 2018 1330 2064 infirmationes,
1363 2018 1549 2057 restitutio
1573 2020 1774 2057 damnato-

388 2100 501 2131 rum;
524 2086 592 2138 qui
610 2085 811 2123 civitatum
828 2083 1070 2129 afflietarum,
1092 2085 1248 2137 perditis
1260 2086 1340 2137 jam
1359 2084 1485 2129 rebus,
1507 2086 1670 2123 extremi
1690 2086 1775 2123 exi-

388 2153 533 2191 tiorum
560 2151 681 2190 solent
703 2149 773 2188 effe
793 2151 940 2189 exitus:
974 2164 1120 2203 neque,
1151 2150 1176 2188 s1
1209 2153 1277 2204 qui
1305 2164 1411 2204 agros
1434 2151 1577 2204 populo
1599 2151 1777 2190 Romano

388 2218 640 2273 pollicentur,
673 2217 696 2254 fi
724 2217 827 2255 aliud
855 2216 1041 2269 quiddam
1067 2216 1224 2255 obscure
1250 2218 1485 2262 moliuntur,
1516 2217 1619 2255 aliud
1646 2217 1709 2270 spe
1734 2230 1775 2255 ac

389 2284 510 2337 specie
530 2282 780 2322 simulationis
800 2281 1002 2327 ostentant,
1034 2283 1232 2335 populares
1251 2283 1492 2321 existimandi
1513 2281 1613 2321 sunt.

446 2351 495 2387 V.
529 2349 632 2388 Nam
655 2362 739 2387 vere
760 2349 900 2395 dicam,
923 2349 1110 2401 Qirites,
1131 2362 1250 2401 genus
1271 2349 1397 2403 ipsum
1414 2349 1508 2402 legis
1530 2348 1698 2401 Agrariae
1717 2348 1776 2386 vi-

391 2425 563 2467 tuperare
589 2429 667 2454 non
693 2415 857 2468 poffum.
890 2416 1008 2454 Venit
1034 2415 1139 2454 enim
1167 2415 1266 2454 mihi
1292 2417 1332 2455 in
1360 2425 1546 2460 mentem,
1577 2415 1671 2453 duos
1698 2414 1777 2452 cla-
