2212 2835
461 189 536 229 342
887 172 1289 211 ORATIO
1368 173 1419 211 Π.

458 272 665 325 unguentis
687 270 857 315 oblitus,
889 283 981 308 curn
1013 278 1101 322 toga
1126 277 1334 322 praetexta,
1367 283 1485 322 quam
1512 282 1645 308 omnes
1673 278 1849 323 praetores

459 338 659 390 aedilesque
680 345 765 375 tum
785 336 1024 388 abjecerant,
1056 336 1168 374 irrifit
1188 335 1404 388 squalorem
1427 336 1612 381 vestrum,
1644 345 1682 374 et
1702 336 1851 374 lustum

457 403 674 456 gratiffimae
694 403 859 440 civitatis
878 417 886 441 :
910 401 1094 455 fecitque,
1117 401 1222 454 quod
1244 416 1359 440 nemo
1381 416 1552 455 unquam
1576 411 1772 454 tyrannus,
1795 411 1852 447 ut,

457 483 537 521 quo
559 470 689 508 minus
710 469 863 507 occulte
883 469 1051 507 vestrum
1072 469 1221 506 malum
1244 469 1462 520 gemeretis,
1495 467 1592 507 nihil
1615 469 1783 514 diceret,
1806 482 1853 506 ne

457 545 584 589 aperte
604 536 853 574 incommoda
872 536 1002 588 patriae
1022 535 1217 588 lugeretis,
1248 535 1425 574 ediceret.

514 603 587 641 VI.
621 604 724 641 Cum
746 616 835 640 vero
856 602 895 640 in
917 602 1033 640 Circo
1055 602 1250 640 Flaminio
1267 615 1344 639 non
1362 615 1381 639 a
1399 602 1555 640 tribuno
1577 601 1698 655 plebis
1720 601 1852 640 consul

458 669 499 708 in
520 669 751 707 concionem
769 698 778 713 ,
811 669 872 706 sed
898 682 918 706 a
937 668 1083 706 latrone
1109 667 1337 720 archipirata
1355 697 1365 713 ,
1398 668 1604 721 produt‘ms
1626 668 1741 714 effer,
1773 668 1853 721 pri-

459 750 572 774 mum
591 735 781 788 proceffit,
814 747 890 785 qua
911 734 1134 771 auetoritate
1156 734 1212 771 vir
1231 734 1242 770 ?
1275 734 1369 777 vini,
1402 734 1539 779 somni,
1562 735 1682 787 stupri
1702 734 1854 787 plenus,

459 801 629 842 madenti
650 814 763 838 coma
779 829 790 844 ,
822 799 1037 852 compofito
1057 799 1199 851 capillo
1216 827 1227 843 ‚
1259 799 1437 851 gravibus
1464 801 1586 838 oculis
1604 829 1615 844 ‚
1646 800 1854 839 fluentibus

460 869 593 906 buccis
612 896 623 912 ‚
654 865 772 920 pressa
802 879 894 904 voce
924 874 961 904 et
998 865 1240 904 temulenta:
1272 864 1378 917 quod
1412 865 1452 903 in
1483 866 1584 903 cives
1615 866 1855 905 indemnatos

461 935 548 973 effet
568 932 889 978 animadversum,
912 933 950 971 id
971 932 1040 971 fibi
1061 932 1174 978 dixit,
1206 932 1330 985 gravis
1352 934 1495 978 auetor,
1527 931 1857 972 vehementiffime

459 1001 672 1054 displicere.
707 1000 788 1039 Ubi
808 1000 918 1038 nobis
940 999 1021 1038 haec
1042 999 1244 1038 auotoritas
1267 999 1415 1037 tamdiu
1437 1007 1541 1037 tanta
1561 999 1673 1038 latuit
1691 1000 1704 1037 ?
1730 1013 1799 1038 cur
1818 1000 1858 1038 in

460 1068 585 1106 lustris
606 1077 643 1106 et
662 1066 967 1105 helluationibus
987 1066 1104 1119 hujus
1128 1066 1372 1104 calamistrati
1400 1065 1582 1105 saltatoris
1610 1076 1689 1105 tam
1715 1066 1859 1105 eximia

460 1135 581 1173 virtus
603 1133 752 1173 tamdiu
772 1132 924 1172 ceffavit
943 1133 955 1170 ?
988 1134 1094 1172 Nam
1116 1133 1181 1171 ille
1202 1132 1295 1171 alter
1320 1132 1542 1171 Caesoninus
1565 1133 1790 1172 Calventius
1811 1134 1858 1172 ab
1902 1121 1907 1123 i

461 1201 714 1240 adolescentia
733 1200 897 1239 versatus
918 1200 970 1238 est
996 1201 1037 1238 in
1064 1199 1149 1238 foro
1166 1230 1176 1245 ‚
1209 1214 1301 1238 cum
1330 1213 1420 1238 eum
1438 1229 1449 1245 ‚
1481 1208 1616 1253 praeter
1642 1200 1860 1238 simulatam

460 1269 727 1320 versutamque
747 1267 938 1305 tristitiam
957 1295 967 1311 ,
999 1267 1105 1304 nulla
1131 1280 1187 1304 res
1215 1266 1532 1310 commendaret;
1566 1280 1643 1304 non
1658 1267 1757 1318 juris
1777 1266 1857 1304 stu-

461 1335 587 1380 dium,
618 1348 695 1372 non
717 1333 884 1378 dicendi,
916 1347 994 1371 non
1016 1333 1067 1371 rei
1087 1332 1281 1377 militaris,
1307 1345 1385 1370 non
1405 1332 1762 1385 cognoscendorum
1782 1331 1857 1370 ho-

461 1401 632 1445 minum,
663 1414 741 1438 non
764 1399 970 1437 liberalitas
990 1414 998 1437 :
1031 1412 1151 1451 quem
1171 1398 1387 1451 praeteriens
1408 1411 1501 1436 cum
1521 1398 1733 1444 incultum,
1764 1397 1858 1437 hor-

463 1468 590 1506 ridum
608 1496 619 1512 ,
651 1466 913 1518 moestumque
942 1464 1090 1503 vidiffes
1106 1483 1118 1510 ς
1151 1465 1268 1503 etiam
1290 1465 1315 1503 fi
1336 1465 1518 1517 agrestem
1539 1474 1577 1504 et
1596 1464 1861 1505 inhumanum

460 1535 708 1579 existimares,
741 1543 868 1571 tamen
890 1531 1145 1571 libidinosum
1165 1541 1204 1570 et
1223 1532 1421 1585 perditum
1442 1546 1520 1571 non
1539 1541 1704 1586 putares.

518 1603 623 1640 Cum
644 1600 719 1638 hoc
740 1598 900 1638 homine
918 1628 929 1644 ,
960 1613 1008 1637 an
1028 1613 1119 1637 cum
1141 1598 1268 1652 stipite
1289 1597 1476 1653 AEthiope
1493 1628 1504 1644 ,
1536 1599 1563 1637 fi
1590 1600 1630 1638 in
1656 1597 1742 1638 foro
1761 1612 1858 1638 con-2

461 1667 609 1706 stitiffes
625 1696 635 1712 ,
667 1665 766 1705 nihil
788 1666 957 1704 crederes
978 1664 1151 1703 interesse
1171 1680 1180 1703 :
1213 1665 1289 1703 sme
1308 1665 1412 1703 sensu
1430 1694 1441 1710 ,
1473 1665 1548 1703 fine
1569 1665 1698 1720 sapore
1714 1694 1726 1711 ,
1757 1665 1858 1704 elin-

462 1748 579 1787 guem
597 1763 608 1779 ‚
649 1733 803 1772 tardum
820 1761 831 1777 ‚
869 1731 1131 1770 inhumanum
1165 1731 1367 1783 negotium
1388 1759 1398 1775 ,
1435 1731 1705 1783 Cappadocem
1740 1731 1860 1770 modo

462 1801 667 1852 abreptum
695 1799 742 1837 de
767 1812 882 1851 grege
910 1797 1104 1836 venalium
1134 1796 1292 1835 diceres.
1326 1796 1435 1834 Idem
1457 1796 1563 1834 domi
1585 1810 1703 1849 quam
1724 1796 1858 1835 libidi-

461 1865 595 1909 nosus,
627 1862 745 1917 quam
776 1864 975 1917 impurus,
1007 1877 1127 1916 quam
1161 1863 1443 1916 intemperans,
1475 1876 1552 1900 non
1578 1863 1695 1914 janua
1725 1876 1859 1917 recep-

462 1933 511 1971 tis
529 1961 539 1977 ,
571 1931 632 1969 sed
654 1930 882 1983 pseudotyro
901 1929 1123 1969 intromiffis
1138 1958 1148 1975 ‚
1180 1929 1443 1982 voluptatibus
1463 1929 1475 1965 ?
1509 1930 1613 1968 Cum
1635 1944 1723 1968 vero
1742 1930 1859 1968 etiam

462 1998 582 2036 literis
604 1997 750 2036 studere
770 1997 935 2050 incipit,
967 2006 1005 2035 et
1024 1995 1159 2035 helluo
1179 1996 1362 2035 immanis
1390 2010 1482 2034 cum
1511 1996 1701 2034 Graeoulis
1728 1994 1858 2050 philo-

463 2063 614 2117 sophari
633 2093 644 2109 ,
672 2072 758 2102 tum
779 2063 831 2101 est
852 2063 1067 2116 Epicureus
1086 2092 1098 2108 ‚
1129 2077 1206 2100 non
1227 2062 1380 2116 penitus
1402 2062 1460 2100 illi
1482 2062 1692 2116 disciplinae
1709 2092 1719 2108 ,
1752 2077 1860 2115 quae-

463 2144 618 2184 cunque
649 2130 720 2176 est,
752 2130 929 2175 deditus,
961 2130 1023 2168 sed
1049 2139 1183 2183 captus
1219 2143 1297 2168 uno
1327 2130 1443 2168 verbo
1474 2129 1696 2182 voluptatis.
1730 2128 1863 2169 Habet

464 2208 594 2237 autem
622 2197 821 2250 magistros
849 2211 927 2235 non
957 2210 1004 2235 ex
1027 2197 1106 2235 istis
1127 2197 1269 2249 ineptis
1287 2226 1297 2241 ,
1330 2197 1398 2249 qui
1425 2195 1504 2234 dies
1532 2204 1632 2235 totos
1659 2197 1705 2235 de
1731 2197 1862 2236 officio

463 2279 506 2304 ac
527 2265 572 2302 de
592 2264 733 2302 virtute
760 2263 955 2307 differunt,
985 2264 1054 2316 qui
1073 2264 1120 2301 ad
1140 2263 1325 2307 laborem,
1356 2263 1402 2300 ad
1422 2262 1662 2309 industriam,
1693 2263 1739 2315 ad
1759 2263 1862 2317 peri-

463 2331 550 2369 cula
570 2344 640 2384 pro
660 2330 781 2383 patria
807 2329 1015 2374 subeunda,
1047 2328 1323 2373 adhortantur3
1356 2327 1419 2366 sed
1445 2342 1522 2373 eos,
1553 2329 1621 2381 qui
1650 2328 1860 2382 disputent,

464 2396 599 2437 horam
637 2396 786 2436 nullam
821 2408 980 2434 vacuam
1015 2395 1212 2449 voluptate
1247 2394 1318 2433 effe
1347 2395 1483 2433 debere
1499 2424 1510 2441 ,
1547 2395 1586 2434 in
1618 2396 1728 2436 omni
1756 2402 1862 2449 parte

464 2463 635 2516 corporis
675 2463 822 2516 semper
859 2471 1034 2517 oportere
1071 2461 1228 2516 aliquod
1266 2461 1453 2515 gaudium
1492 2461 1862 2513 delectationemque
