2212 2835
656 147 798 187 PRo
859 148 908 186 c,
968 147 1309 186 RABIRIO.
1625 161 1698 202 159

296 259 509 300 torumque
544 245 729 285 ordinum
763 246 943 285 omnium
978 244 1223 291 hominibus,
1263 245 1332 298 qui
1368 253 1455 285 tum
1489 259 1594 286 arma
1631 261 1702 301 pro

297 313 506 352 communi
526 313 702 352 libertate
724 313 939 365 ceperunt?

352 381 405 419 X.
438 379 509 418 Sed
530 379 626 432 quid
645 392 717 431 ego
733 378 780 416 de
796 378 842 416 iis
863 377 1062 422 omnibu8‚
1084 377 1153 429 qui
1170 378 1358 416 consulari
1374 379 1540 432 irnperio
1560 393 1699 433 parue-

297 457 401 492 runt,
431 446 599 498 loquor?
632 446 694 483 De
719 443 893 497 ipsorum
921 443 1139 482 Consulum
1166 443 1271 482 fama
1295 445 1392 497 quid
1417 445 1596 485 futurum
1618 448 1698 486 est?

298 514 348 552 L.
371 512 573 556 Flaccum,
595 510 802 550 hominem
817 524 910 549 cum
931 510 1078 563 semper
1097 509 1139 548 in
1159 510 1370 563 republica,
1394 521 1481 550 tum
1502 513 1541 551 in
1557 514 1699 566 magis-

297 579 459 619 tratibus
480 579 673 632 gerendis,
698 578 740 616 in
761 577 981 622 sacerdotio,
1015 577 1344 630 caeremoniisque,
1367 579 1510 631 quibus
1530 590 1699 633 praeerat,

299 645 652 699 diligentiffimum,
683 643 820 683 nefarii
839 643 988 683 sceleris
1009 657 1050 682 ac
1070 644 1267 697 parricidii
1287 655 1490 684 mortuum
1511 647 1700 686 condem—

298 712 509 751 nabimus?
542 712 814 765 Adjungernus
844 711 891 749 ad
918 709 1017 749 hanc
1045 710 1172 749 labem
1200 711 1540 766 ignominiamque
1563 715 1700 752 mortis

297 779 414 817 etiam
437 780 484 818 C.
508 779 629 817 Marii
650 778 824 817 nomen?
848 779 896 816 C.
920 778 1113 823 Marium,
1135 792 1255 830 quern
1276 792 1362 817 vere
1381 789 1531 832 patrem
1553 781 1700 832 patriae‚

298 855 511 899 parentem,
543 846 721 898 inquam,
751 844 879 883 vestrae
900 844 1103 890 libertatis,
1135 854 1251 897 atque
1277 844 1436 898 hujusce
1462 847 1698 900 reipublicae,

298 911 495 966 poffumus
517 912 657 957 dicere,
682 910 831 950 sceleris
852 924 893 950 ac
913 911 1108 965 parricidii
1129 911 1266 950 nefarii
1287 922 1488 952 mortuum
1510 913 1698 953 condem-

301 979 480 1017 nabimus
500 979 513 1017 ?

355 1046 532 1091 Etenim,
563 1046 590 1085 fi
623 1047 672 1085 C.
705 1046 880 1092 Rabirio,
912 1047 1017 1100 quod
1048 1047 1094 1086 iit
1125 1047 1171 1086 ad
1199 1061 1317 1093 arma,
1349 1061 1506 1087 crucem
1535 1050 1587 1088 T.
1621 1051 1701 1088 La-

301 1112 438 1152 bienus
459 1114 500 1152 in
527 1127 667 1167 campo
687 1114 836 1152 Martio
856 1113 1098 1166 defigendam
1118 1115 1293 1167 putavit3
1326 1116 1431 1168 quod
1453 1117 1607 1154 tandem
1628 1130 1698 1155 ex-

301 1181 534 1234 cogitabitur
553 1182 594 1218 in
615 1193 706 1218 eum
728 1180 977 1234 supplicium,
1000 1181 1069 1233 qui
1089 1181 1268 1219 vocavit?
1299 1183 1374 1227 Ac,
1406 1182 1431 1220 fi
1453 1183 1546 1221 fides
1569 1186 1700 1222 Satur-

298 1247 393 1286 nino
412 1247 498 1285 data
516 1246 582 1292 est,
613 1247 719 1299 quod
736 1246 802 1285 abs
824 1256 861 1285 te
880 1246 1079 1300 saepiffime
1099 1247 1266 1292 dicitur;
1298 1261 1377 1286 non
1397 1262 1482 1287 eam
1503 1250 1551 1288 C.
1575 1250 1699 1288 Rabi-

300 1314 393 1359 rius,
424 1313 488 1352 sed
521 1314 569 1352 C.
604 1314 770 1360 Marius,
802 1313 930 1360 dedit3
964 1314 1149 1367 idemque
1179 1314 1350 1360 violavit,
1382 1316 1409 1353 fi
1443 1316 1483 1354 in
1515 1316 1590 1354 fide
1621 1331 1700 1355 non

298 1379 413 1419 stetit.
446 1380 545 1432 Qae
565 1379 673 1426 fides,
705 1380 891 1425 Labiene,
915 1381 983 1433 qui
1002 1381 1132 1433 potuit
1152 1380 1228 1419 fine
1247 1380 1572 1421 senatusconsulto
1593 1383 1671 1421 dari
1688 1384 1701 1421 ?

299 1447 459 1486 Adeone
478 1446 613 1500 hospes
633 1446 793 1500 hujusce
813 1447 934 1492 urbis,
962 1447 1104 1486 adeone
1125 1447 1279 1500 ignarus
1299 1462 1336 1487 es
1358 1448 1583 1502 disciplinae,
1605 1463 1702 1488 con-

300 1513 586 1566 suetudinisque
613 1513 760 1558 nostrae,
793 1522 837 1551 ut
866 1511 948 1551 haec
979 1513 1150 1552 nescias?
1183 1523 1226 1552 ut
1251 1515 1483 1567 peregrinari
1510 1516 1551 1554 in
1581 1517 1704 1555 aliena

300 1579 470 1624 civitate,
502 1592 581 1617 non
601 1580 642 1617 in
663 1588 728 1617 tua
748 1578 1015 1632 magistratum
1034 1592 1176 1632 gerere,
1208 1580 1383 1619 videare?

359 1644 469 1696 Qid
479 1645 562 1697 jam
579 1644 646 1683 ista
662 1645 710 1683 C.
729 1645 874 1690 Mario,
892 1645 1037 1698 inquit,
1057 1658 1193 1684 nocere
1209 1646 1374 1699 poffunt,
1393 1648 1579 1700 quoniam
1596 1649 1703 1688 sensu

301 1720 339 1749 et
365 1711 443 1749 vita
469 1712 598 1749 caret?
630 1712 738 1749 Itane
763 1712 885 1750 vero?
917 1712 1032 1750 tantis
1060 1712 1100 1750 in
1128 1712 1324 1752 laboribus
1354 1715 1402 1752 C.
1426 1715 1576 1753 Marius
1597 1716 1703 1769 peri-

300 1777 474 1830 culisque
494 1777 655 1823 vixiffet,
676 1778 703 1817 fi
720 1777 821 1816 nihil
841 1778 1011 1832 longius,
1034 1793 1152 1832 quam
1168 1780 1254 1818 vitae
1271 1782 1428 1820 termini
1444 1782 1703 1835 postulabant,

298 1844 362 1897 spe
389 1853 505 1897 atque
530 1845 663 1883 animo
690 1844 737 1883 de
763 1845 798 1883 se
823 1854 862 1884 et
887 1845 1009 1898 gloria
1028 1845 1092 1884 sua
1115 1846 1335 1900 cogitaffet?
1358 1850 1427 1893 At,
1449 1848 1578 1894 credo,
1609 1863 1702 1888 cum

299 1911 600 1950 innumerabiles
621 1910 791 1950 hostiurn
813 1913 941 1965 copias
963 1913 1004 1950 in
1032 1913 1141 1951 Italia
1167 1913 1335 1960 fudiffet,
1367 1924 1482 1967 atque
1507 1916 1702 1955 obsidione

299 1978 580 2031 rempublicam
607 1978 810 2024 liberasset,
841 1979 973 2017 omnia
1000 1979 1062 2017 sua
1082 1979 1211 2018 secum
1236 1995 1311 2018 una
1331 1983 1518 2020 moritura
1539 1984 1700 2021 arbitra-

300 2045 426 2083 batur.
458 2045 552 2084 Non
573 2045 625 2083 est
651 2045 720 2091 ita,
751 2046 955 2098 Qirites:
988 2060 1114 2099 neque
1140 2048 1344 2100 quisquam
1370 2049 1542 2087 nostrum
1564 2051 1604 2088 in
1626 2051 1702 2088 rei-

300 2110 466 2163 publicae
485 2112 667 2164 periculis
688 2126 780 2150 cum
796 2113 907 2150 laude
923 2126 965 2151 ac
983 2113 1126 2151 virtute
1143 2114 1320 2159 versatur,
1343 2116 1439 2167 quin
1457 2115 1518 2169 spe
1538 2117 1700 2169 posteri-

303 2177 406 2222 tatis,
428 2176 648 2230 frud‘cuque,
670 2178 844 2217 ducatur.
869 2179 1005 2231 Itaque
1023 2193 1115 2217 cum
1137 2181 1273 2218 multis
1294 2181 1377 2218 aliis
1393 2181 1440 2218 de
1455 2183 1573 2220 causis
1597 2183 1699 2220 viro-

300 2258 390 2282 rum
417 2244 611 2283 bonorum
637 2255 786 2284 mentes
815 2247 954 2284 divinae
983 2245 1085 2285 mihi
1112 2257 1226 2300 atque
1246 2257 1392 2286 aeternae
1415 2249 1594 2286 videntur
1614 2249 1697 2293 effe,

302 2320 388 2348 tum
417 2310 586 2349 maxime
612 2312 718 2363 quod
744 2312 886 2365 optimi
912 2322 949 2351 et
977 2313 1240 2365 sapientissimi
1267 2313 1451 2366 cujusque
1472 2315 1623 2352 animus
1648 2315 1700 2352 ita

302 2376 493 2431 praesentit
523 2377 563 2416 in
594 2377 803 2431 posterum,
840 2387 882 2418 ut
913 2378 1013 2418 nihil
1045 2380 1114 2418 nisi
1145 2380 1423 2433 sempiternum
1456 2380 1619 2432 spec‘lare
1639 2381 1698 2419 vi-

303 2445 449 2483 deatur.
