2212 2835
477 218 553 258 292
985 202 1386 243 ORATIO

475 302 690 343 omnibus?
721 301 747 340 fi
776 299 888 345 mihi,
920 314 968 339 ne
993 301 1039 339 ad
1065 314 1107 339 ea
1133 301 1306 354 quidem,
1338 314 1423 353 quae
1448 313 1518 354 pro
1544 299 1661 340 salute
1687 302 1868 341 omnium

474 370 578 422 geffi,
611 369 842 407 recordanda
861 377 898 406 et
918 368 1132 421 cogitanda,
1165 368 1381 420 quidquam
1402 367 1633 421 relinquitur
1653 369 1838 422 temporis
1855 369 1868 405 ?

476 446 604 474 tamen
631 435 706 474 hoc
737 449 900 487 regnum
928 434 1214 487 appellabitur?
1246 435 1356 486 cujus
1385 434 1547 473 vicarius
1574 436 1644 487 qui
1671 435 1763 473 velit
1782 434 1872 479 effe,

475 502 642 540 inveniri
661 514 779 539 nemo
797 500 931 553 potest.
964 501 1100 553 Longe
1120 500 1222 539 abest
1242 500 1350 553 regni
1370 500 1548 553 suspicio.

532 569 570 606 Si
601 569 752 621 quaeris,
783 568 853 620 qui
884 567 956 605 sint
987 567 1124 605 Rornae
1155 581 1319 620 regnum
1351 580 1538 620 occupare
1571 568 1713 613 conati,
1750 576 1795 606 ut
1826 580 1874 605 ne

476 635 636 687 replices
667 634 864 672 annalium
896 634 1141 678 memoriam,
1172 647 1218 671 ex
1245 633 1462 672 domesticis
1494 634 1730 687 imaginibus
1761 634 1871 671 inve-

477 702 573 740 nies.
606 702 684 738 Res
717 701 823 739 enim
852 699 986 752 gestae,
1018 699 1156 744 credo,
1187 713 1282 737 meae
1311 713 1375 737 me
1405 700 1521 738 nimis
1551 700 1797 745 extulerunt,
1828 712 1871 737 ac

478 766 578 805 mihi
600 765 726 804 nescio
746 778 842 817 quos
864 765 1018 817 spiritus
1039 765 1265 802 attulerunt.
1299 765 1455 816 Qibus
1476 766 1523 805 de
1546 766 1659 816 rebus
1688 775 1768 805 tam
1791 766 1873 804 cla-

479 834 553 878 ris,
586 842 664 871 tam
685 831 996 875 immortalibus,
1027 830 1183 882 Judices
1199 859 1209 875 ‚
1240 829 1315 868 hoc
1338 830 1487 883 poffum
1508 831 1658 876 dicere,
1689 845 1774 877 me,
1805 832 1874 884 qui

478 912 498 936 e
530 897 691 936 summis
725 896 930 949 eripuerim
960 895 1140 949 periculis
1167 895 1305 934 urbem
1331 894 1446 940 hanc,
1477 904 1516 934 et
1546 896 1667 934 vitam
1693 897 1874 935 omnium

479 966 624 1003 civium
641 993 652 1008 ,
684 963 769 1001 satis
790 964 972 1016 adeptum
994 962 1074 1000 fore
1089 991 1099 1007 ‚
1131 963 1156 1000 fi
1183 975 1230 1003 ex
1251 961 1326 1000 hoc
1351 971 1463 1000 tantos
1476 963 1516 1000 in
1538 976 1672 1001 omnes
1693 962 1872 1001 mortales

479 1030 668 1069 beneficio
689 1030 844 1067 nullum
867 1030 906 1067 in
929 1043 991 1066 me
1013 1029 1229 1082 periculum
1259 1028 1491 1067 redundarit.
1524 1029 1699 1074 Etenim,
1731 1030 1875 1081 in‘qua

479 1098 634 1136 civitate
651 1109 707 1134 res
730 1106 850 1134 tantas
871 1096 1061 1149 gefferim‚
1093 1095 1270 1139 memini,
1301 1104 1353 1140 et,
1384 1095 1424 1133 in
1445 1109 1521 1148 qua
1540 1095 1634 1133 urbe
1654 1095 1788 1140 verser,
1811 1096 1874 1133 in-

478 1164 628 1216 telligo.
661 1162 827 1201 Plenum
847 1161 978 1200 forum
999 1161 1051 1199 est
1070 1175 1203 1200 eorum
1224 1160 1450 1206 hominum,
1481 1175 1578 1214 quos
1606 1175 1678 1214 ego
1706 1175 1726 1199 a
1747 1161 1875 1200 vestris

479 1230 694 1270 cervicibus
715 1229 863 1282 depuli,
884 1229 1055 1280 Judice3‚
1077 1242 1098 1266 a
1117 1219 1213 1266 meis
1234 1241 1311 1266 non
1332 1229 1502 1266 removi:
1536 1229 1604 1266 nis1
1625 1242 1714 1267 vero
1733 1242 1874 1281 paucos

480 1297 589 1336 fuiffe
623 1296 888 1339 arbitramini,
921 1295 988 1348 qui
1022 1295 1152 1333 conari
1185 1304 1249 1332 aut
1283 1294 1427 1347 sperare
1455 1294 1631 1348 pollent,
1658 1295 1693 1333 se
1721 1303 1874 1333 tantum

479 1365 691 1418 imperium
711 1363 812 1417 poffe
832 1363 968 1401 delere.
1002 1363 1160 1400 Horum
1180 1375 1252 1415 ego
1272 1361 1372 1400 faces
1392 1363 1534 1415 eripere
1554 1363 1600 1401 de
1620 1363 1815 1408 manibus,
1837 1371 1875 1401 et

480 1432 626 1485 gladios
647 1440 887 1483 extorquere,
920 1430 1044 1482 potui,
1076 1429 1171 1467 sicut
1191 1428 1291 1467 feci:
1324 1429 1538 1468 voluntates
1565 1443 1654 1468 vero
1681 1429 1874 1468 conscele-

479 1507 576 1537 ratas
597 1511 639 1536 ac
661 1496 819 1535 nefarias
847 1509 916 1534 nec
944 1495 1069 1533 sanare
1095 1495 1219 1547 potui,
1251 1508 1321 1533 nec
1349 1495 1496 1534 tollere.
1528 1496 1657 1547 Qare
1684 1510 1762 1534 non
1789 1496 1874 1534 sum

481 1565 642 1610 nescius,
674 1572 820 1617 quanto
839 1561 1012 1616 periculo
1039 1562 1166 1600 vivam
1194 1562 1234 1600 in
1264 1570 1366 1600 tanta
1391 1562 1646 1601 multitudine
1672 1561 1874 1615 improbo-

480 1636 594 1677 rum,
626 1645 719 1670 cum
745 1629 848 1669 mihi
873 1630 941 1668 uni
968 1642 1061 1668 cum
1088 1628 1272 1667 omnibus
1299 1629 1490 1682 improbis
1519 1638 1706 1668 aeternum
1726 1628 1880 1668 videam

482 1698 631 1736 bellum
651 1695 721 1734 effe
741 1695 975 1749 susceptum.

536 1765 588 1802 X.
622 1763 742 1815 Qod
762 1763 787 1800 fi
804 1762 880 1800 illis
902 1761 998 1799 meis
1018 1759 1196 1814 praefidiis
1216 1759 1316 1798 forte
1336 1760 1498 1805 invides,
1519 1769 1557 1798 et
1577 1760 1602 1798 fi
1624 1773 1666 1797 ea
1686 1759 1758 1797 tibi
1775 1758 1877 1812 regia

482 1830 674 1874 videntur,
705 1828 810 1880 quod
836 1840 972 1866 omnes
1000 1827 1093 1864 boni
1124 1826 1303 1864 omnium
1334 1839 1519 1878 generum
1549 1834 1662 1878 atque
1692 1825 1875 1864 ordinum

482 1895 588 1934 suam
610 1895 768 1933 salutem
789 1907 883 1932 cum
903 1906 988 1931 mea
1007 1893 1270 1945 conjungunt3
1289 1892 1481 1931 consolare
1500 1900 1550 1937 te,
1569 1891 1674 1944 quod
1694 1892 1876 1931 omnium

480 1970 628 2001 mentes
650 1959 920 2013 improborum
943 1958 1043 1997 mihi
1063 1960 1130 1997 uni
1151 1959 1319 1997 maxime
1339 1958 1427 1996 sunt
1446 1957 1603 1996 infensae
1630 1967 1668 1996 et
1689 1957 1845 1996 adversae
1864 1973 1873 1996 :

462 2018 464 2021 ⁵
481 2029 550 2082 qui
570 2041 633 2066 me
653 2041 730 2065 non
750 2026 875 2065 solum
898 2026 1043 2064 idcirco
1064 2025 1241 2070 oderunt,
1259 2025 1363 2078 quod
1383 2038 1518 2063 eorum
1538 2034 1696 2063 conatus
1717 2025 1874 2078 impios,

481 2106 519 2133 et
547 2094 718 2133 furorem
746 2093 1061 2137 consceleratum,
1092 2093 1269 2145 repreffi3
1301 2092 1362 2130 sed
1388 2105 1433 2130 eo
1459 2092 1575 2130 etiam
1602 2091 1740 2144 magis,
1772 2091 1878 2144 quod

481 2161 582 2201 nihil
597 2162 679 2213 jam
707 2160 742 2198 se
769 2160 905 2205 fimile,
937 2173 1001 2198 me
1030 2160 1130 2204 vivo,
1161 2159 1290 2198 conari
1316 2158 1416 2212 poffe
1437 2159 1681 2197 arbitrantur.
1713 2159 1770 2196 At
1788 2170 1876 2196 vero

483 2228 579 2280 quid
600 2241 671 2280 ego
692 2227 837 2271 miror,
868 2225 893 2264 fi
921 2225 1015 2278 quid
1044 2225 1090 2263 ab
1118 2225 1306 2278 improbis
1335 2224 1381 2262 de
1407 2237 1471 2262 me
1499 2224 1678 2276 improbe
1704 2223 1873 2268 dicitur3

482 2308 576 2333 cum
597 2295 645 2332 L.
670 2295 906 2345 Torquatus,
939 2292 1112 2345 primum
1133 2291 1210 2344 ipse
1235 2290 1296 2330 his
1324 2290 1588 2329 fundamentis
1616 2289 1876 2329 adolescentiae

477 2362 602 2414 jactis,
633 2374 674 2398 ea
705 2360 768 2413 spe
798 2359 990 2413 proposita
1019 2358 1258 2411 ampliffimae
1289 2358 1500 2411 diguitatis,
1532 2357 1669 2396 deinde
1698 2357 1746 2395 L.
1770 2357 1874 2394 Tor-

481 2427 602 2479 quati,
628 2425 820 2465 fortiffimi
841 2424 1022 2470 consulis,
1044 2424 1334 2463 constantiffimi
1354 2424 1545 2469 senatoris,
1568 2423 1715 2476 semper
1734 2421 1875 2474 optimi

480 2493 589 2538 civis,
621 2491 736 2536 filius,
768 2491 962 2531 interdum
984 2490 1160 2530 efferatur
1180 2490 1500 2530 immoderatione
1520 2489 1724 2530 verborum
1745 2487 1757 2525 ?
1789 2485 1872 2539 qui,
