2212 2835
393 210 444 262 78
890 205 1287 243 ORATIO

394 309 537 360 alligat,
570 307 622 344 ita
642 306 840 357 loquitur:
874 304 949 356 Qui
971 318 1142 343 venenum
1161 304 1291 342 malum
1308 302 1420 354 ficit,
1439 301 1590 354 fecerit.
1629 302 1777 339 Omnes

394 374 480 417 viri,
504 372 697 415 mulieres,
719 370 843 415 liberi,
879 370 987 414 servi,
1021 369 1060 407 in
1089 369 1284 420 judicium
1305 366 1512 406 vocantur.v
1544 367 1582 405 Si
1612 368 1707 404 item
1731 367 1780 404 de

394 438 562 475 coitione
581 435 755 475 voluiffet
770 453 782 480 ς
805 434 1045 487 adjunxiffet,
1063 435 1181 485 ine
1201 434 1335 472 coierit.
1359 434 1479 471 Nunc
1498 434 1552 470 ita
1567 432 1632 477 est,
1653 433 1782 485 Deque

394 504 466 555 ejus
485 503 601 556 capite
620 502 784 556 quaeriso,
816 501 880 555 qui
895 500 1142 554 nmgssratum
1161 500 1341 545 habuerit,
1365 499 1470 553 quive
1486 500 1522 537 in
1539 500 1675 552 ſs’natu
1690 498 1779 551 stn-

395 570 545 608 tentiam
564 568 697 607 dixerit
711 585 722 612 3
755 568 818 620 qui
832 581 950 605 eorum
969 567 1064 610 coiit,
1085 566 1219 604 coierit.

450 636 564 674 Num
585 635 615 672 is
637 634 842 672 Cluentius
862 632 875 668 ?
907 642 1007 671 certe
1027 646 1103 670 non
1126 631 1190 670 est.
1222 631 1320 684 Qis
1352 644 1441 683 ergo
1472 630 1524 669 est
1545 630 1747 669 Cluentius
1767 630 1779 666 ?

395 701 464 754 qui
495 710 625 739 tamen
657 699 812 738 defendi
831 698 980 737 causam
1001 698 1105 736 suam
1137 698 1220 750 lege
1251 697 1361 735 nolit.
1395 698 1529 749 Itaque
1559 696 1698 748 abjicio
1723 695 1782 733 le-

394 781 512 819 gem3
545 780 692 805 morem
715 766 899 803 Cluentio
918 778 1035 817 gero:
1067 764 1140 802 tibi
1162 773 1302 808 tamen,
1325 763 1422 808 Atti,
1457 776 1589 815 pauca,
1621 776 1704 814 quae
1736 762 1783 799 ab

395 833 511 885 hujus
532 832 639 871 causa
658 831 821 884 sejuncta
840 830 941 875 sunt,
963 828 1209 883 respondebo.
1236 828 1303 866 Est
1322 829 1427 866 enim
1447 829 1632 881 quiddam
1652 828 1692 865 in
1711 826 1784 865 hac

397 898 518 943 causa,
540 898 644 950 quod
663 897 867 935 Cluentius
888 896 933 933 ad
954 895 1013 939 se3
1045 895 1097 932 est
1117 894 1278 946 aliquid,
1309 894 1415 945 quod
1434 907 1506 946 ego
1537 894 1583 931 ad
1614 907 1677 931 me
1707 907 1782 946 pu-

397 973 476 1002 tem
497 964 696 1016 pertinere.
729 962 810 999 Hic
841 961 904 998 sua
934 969 1044 1013 putat
1075 958 1260 1002 interesse,
1291 959 1326 996 se
1353 973 1391 996 re
1411 960 1500 1011 ipsa,
1533 968 1571 996 et
1589 958 1694 1010 gesto
1714 971 1783 996 ne-

396 1030 517 1082 gotio,
539 1042 616 1067 non
638 1028 734 1080 lege,
756 1025 910 1064 defendi
926 1043 938 1070 3
969 1039 1040 1078 ego
1060 1034 1190 1063 autem
1210 1037 1296 1063 mea
1315 1024 1492 1063 existimo
1510 1024 1693 1070 interesse,
1721 1037 1785 1063 me

396 1095 503 1133 nulla
522 1095 562 1132 in
581 1093 837 1146 disputatione
868 1092 914 1129 ab
934 1091 1046 1129 Attio
1066 1090 1186 1129 videri
1205 1089 1275 1127 effe
1296 1089 1527 1142 superatum.
1564 1091 1659 1129 Non
1679 1091 1786 1129 enim

397 1159 499 1198 mihi
519 1159 600 1198 haec
620 1158 729 1196 causa
757 1157 832 1195 sola
851 1156 1011 1194 dicenda
1032 1156 1084 1193 est
1106 1171 1114 1193 :
1147 1155 1329 1194 omnibus
1350 1154 1414 1193 hic
1435 1155 1543 1193 labor
1564 1169 1672 1194 meus
1692 1170 1784 1209 pro-

399 1226 540 1280 positus
571 1224 636 1269 est,
678 1224 903 1276 quicunque
933 1221 1005 1259 hac
1035 1221 1217 1259 facultate
1250 1220 1476 1259 defensionis
1508 1223 1681 1260 contenti
1715 1221 1786 1260 effe

397 1291 564 1345 poffunt.
596 1289 718 1334 Nolo,
750 1301 989 1341 quemquam
1008 1301 1157 1332 eorum,
1189 1287 1257 1340 qui
1276 1286 1425 1332 adsunt,
1448 1287 1675 1334 existimare,
1706 1302 1784 1334 me,

397 1371 483 1410 quae
513 1356 559 1394 de
589 1355 673 1408 lege
703 1355 749 1392 ab
780 1354 892 1392 Attio
924 1353 1024 1391 dieta
1053 1353 1153 1397 sunt,
1191 1353 1217 1390 fi
1248 1353 1483 1398 reticuerim,
1520 1353 1785 1406 comprobare.

399 1423 682 1476 Qamobrem‚
715 1419 886 1465 Cluenti,
919 1419 965 1457 de
996 1428 1034 1457 te
1065 1419 1138 1457 tibi
1157 1418 1371 1471 obsequor:
1404 1433 1529 1471 neque
1558 1433 1629 1472 ego
1659 1420 1785 1473 legem

399 1490 531 1533 recito,
553 1501 678 1540 neque
697 1486 773 1524 hoc
793 1485 881 1524 loco
900 1499 970 1539 pro
991 1494 1026 1524 te
1049 1485 1136 1524 dico
1148 1504 1162 1530 3
1193 1485 1255 1523 sed
1274 1498 1329 1531 ea,
1363 1499 1449 1538 quae
1469 1500 1488 1524 a
1508 1499 1571 1524 me
1591 1486 1787 1525 defiderari

398 1555 572 1599 arbitror,
595 1567 672 1591 non
693 1552 921 1604 relinquam.

445 1621 533 1659 LV.
558 1619 743 1671 Iniquum
764 1618 837 1655 tibi
857 1617 1020 1662 videtur,
1043 1618 1143 1663 Atti,
1164 1616 1250 1662 effe,
1273 1631 1350 1656 non
1371 1617 1506 1657 iisdem
1526 1617 1678 1671 legibus
1698 1632 1787 1657 om-

399 1699 464 1724 nes
486 1685 619 1724 teneri.
652 1684 845 1727 Primum,
881 1691 924 1720 ut
943 1682 983 1719 id
1013 1682 1297 1734 iniquiffimum
1328 1683 1398 1720 effe
1424 1683 1618 1728 confitear,
1651 1683 1786 1736 hujus-

400 1753 508 1790 modi
539 1751 605 1795 est,
637 1759 679 1788 ut
699 1748 949 1787 commutatis
983 1748 1036 1785 eis
1056 1761 1152 1801 opus
1174 1748 1216 1786 s1t
1248 1748 1413 1800 legibus,
1444 1762 1521 1786 non
1547 1758 1589 1786 ut
1609 1749 1671 1794 iis,
1703 1764 1788 1802 quae

400 1817 502 1862 sunt,
523 1830 600 1860 non
621 1827 831 1868 pareamus.
864 1813 1029 1858 Deinde,
1051 1814 1138 1865 quis
1166 1826 1338 1865 unquam
1368 1812 1448 1851 hoc
1469 1813 1614 1852 senator
1635 1815 1787 1853 accusa-

400 1884 469 1928 vit,
493 1891 548 1927 ut,
571 1895 662 1919 cum
683 1880 859 1918 altiorem
879 1879 1041 1931 gradum
1058 1879 1254 1931 dignitatis
1275 1878 1464 1917 beneficio
1483 1880 1617 1932 populi
1638 1880 1788 1919 Rorna-

399 1948 550 1992 nieffet
570 1946 810 1990 consecutus,
833 1959 878 1983 eo
894 1945 929 1983 se
949 1954 1097 1998 putaret
1118 1945 1334 1983 durioribus
1351 1945 1482 1997 legum
1500 1946 1788 1985 conditionibus

402 2016 460 2053 uti
480 2027 556 2052 non
587 2013 790 2065 oportere?
823 2012 953 2063 Qam
987 2012 1109 2049 multa
1139 2011 1226 2049 sunt
1257 2012 1476 2056 commoda,
1509 2012 1651 2064 quibus
1684 2026 1788 2051 care-

401 2094 517 2125 mus;
550 2092 667 2132 quam
698 2078 820 2116 multa
853 2077 1081 2115 molesta-ac
1115 2077 1301 2121 difficilia,
1334 2090 1418 2129 quae
1438 2077 1638 2115 subimus?
1674 2087 1790 2131 atque
1852 2112 1855 2114 .

400 2146 482 2191 haec
504 2146 634 2185 omnia
654 2153 806 2182 tantum
827 2142 984 2181 honoris
1011 2153 1048 2181 et
1068 2143 1335 2196 amplitudinis
1363 2144 1579 2181 commodis
1600 2157 1787 2197 compen-

402 2215 542 2253 santur.
575 2213 766 2250 Converte
797 2223 899 2248 nunc
921 2219 957 2247 te
990 2210 1036 2247 ad
1057 2209 1268 2262 equestrem
1289 2209 1479 2254 ordinem,
1512 2219 1625 2262 atque
1652 2211 1692 2248 in
1713 2224 1788 2249 cae-

402 2291 500 2318 teros
521 2278 699 2322 ordines,
731 2277 880 2315 easdem
911 2277 998 2315 vitae
1027 2277 1266 2314 conditiones
1302 2290 1379 2314 non
1410 2276 1614 2329 perferent.
1647 2278 1789 2315 Putant

402 2347 509 2384 enim
529 2345 658 2383 minus
679 2343 823 2381 multos
845 2343 912 2381 fibi
933 2343 1086 2395 laqueos
1108 2343 1254 2394 legum,
1285 2352 1321 2380 ct
1341 2343 1625 2387 conditionum,
1658 2355 1699 2379 ac
1719 2343 1788 2394 ju-

404 2413 610 2455 diciorum,
633 2410 844 2462 propofitos
865 2408 935 2447 effe
955 2418 1143 2462 oportere,
1165 2409 1231 2461 qui
1255 2409 1294 2446 in
1318 2408 1517 2447 summum
1537 2409 1669 2446 locum
1690 2408 1788 2447 civi-

404 2479 491 2518 tatis
513 2487 576 2516 aut
597 2490 675 2516 non
696 2484 904 2530 potuerunt
924 2475 1133 2522 ascendere,
1155 2485 1220 2514 aut
1240 2489 1316 2514 non
1337 2476 1567 2529 petiverunt.
