2212 2835
652 133 786 176 PRO
846 131 898 169 A.
958 116 1367 166 CLUENTIO.
1676 121 1725 161 93

322 242 567 298 junffionem
599 233 752 290 pignori
783 229 864 269 fore
898 224 1061 281 putavit.
1092 220 1236 272 Neque
1267 218 1307 255 in
1334 227 1379 251 eo
1407 210 1532 250 solum
1563 206 1729 258 diligens

328 310 419 355 fuit,
442 316 485 347 ut
504 303 760 344 accusatorem
791 297 873 335 filio
894 294 960 332 suo
990 293 1228 340 compararet
1245 301 1256 328 3
1289 280 1351 319 sed
1382 279 1499 316 etiam
1530 272 1729 326 cogitavit,

331 376 475 429 quibus
495 385 585 410 eum
606 368 717 407 rebus
739 369 912 401 armaret.
946 357 1055 396 Hinc
1087 352 1193 390 enim
1226 349 1302 386 illae
1334 342 1621 384 sollicitationes
1655 338 1731 375 ser-

337 570 538 613 muliebris
572 566 727 607 modus,
760 561 821 599 sed
852 557 1070 596 amicorum
1102 547 1319 589 auctoritas,
1355 542 1463 580 fecit.
1503 540 1566 578 Ab
1599 537 1736 575 eodem

336 640 475 678 scelere
505 635 581 674 illae
612 629 778 671 triennio
812 624 896 680 post
926 621 1067 660 habitae
1103 614 1236 656 Larini
1268 610 1493 665 quaestiones
1512 621 1521 644 :
1567 604 1738 657 ejusdem

339 705 516 745 amentiae
549 699 649 743 falsae
687 691 987 745 conscriptiones
1026 683 1282 738 quaestionum
1300 693 1310 716 ι
1357 690 1404 714 ex
1438 673 1576 711 eodem
1611 670 1740 708 furore

340 775 457 812 etiam
478 771 545 809 illa
564 764 819 807 conscelerata
837 756 999 797 exsedfio
1020 754 1163 804 linguae
1181 764 1190 787 ς
1225 746 1345 785 totius
1367 741 1535 793 denique
1554 738 1671 790 hujus
1693 736 1740 774 ab

341 840 408 879 illa
427 838 480 877 est
499 845 536 875 et
556 836 724 875 inventa,
746 837 783 866 et
803 826 996 866 adornata,
1018 814 1256 870 comparatio
1275 809 1466 850 criminis.

380 908 512 957 Atque
531 901 592 940 his
614 899 726 937 rebus
747 907 840 933 cum
861 889 1090 929 instructum
1105 880 1364 922 accusatorem
1386 875 1468 913 filio
1489 872 1557 911 suo
1571 871 1744 909 Romam

347 972 425 1026 ipsa
446 967 612 1011 misiss‘et,
644 961 848 1017 paulisper,
869 950 1226 1007 conquirendorum
1245 954 1283 984 et
1303 939 1647 983 conducendorum
1669 934 1744 974 tes-

347 1041 450 1078 tium
471 1034 593 1078 causa,
608 1029 741 1071 Larini
761 1026 813 1065 est
828 1028 1090 1063 commorata:
1115 1015 1240 1070 postea
1259 1020 1402 1054 autem,
1420 1021 1513 1046 cum
1534 1003 1745 1058 appropin-

350 1118 466 1159 quare
485 1102 601 1153 hujus
617 1095 814 1151 judicium
834 1091 868 1129 ei
889 1087 1113 1127 nuntiatum
1133 1081 1199 1126 est,
1221 1076 1425 1117 confestim
1445 1072 1523 1111 huc
1542 1068 1748 1112 advolavit,

352 1186 400 1211 ne
419 1179 484 1210 aut
502 1161 784 1206 accusatoribus
805 1154 1020 1209 diligentia,
1041 1158 1106 1189 aut
1127 1145 1288 1201 pecunia
1308 1142 1480 1184 testibus,
1502 1135 1662 1180 deeffet5
1685 1143 1751 1172 aut

353 1252 400 1278 ne
415 1236 514 1276 forte
534 1240 656 1272 mater
675 1228 750 1267 hoc
764 1225 832 1264 fibi
853 1218 1134 1275 optatiflimum
1148 1209 1409 1266 spectaculum
1429 1204 1545 1256 hujus
1567 1202 1740 1241 sordium

353 1314 468 1359 atque
487 1303 629 1344 luctus,
649 1305 688 1335 et
706 1293 804 1334 tanti
823 1287 1021 1344 squaloris,
1042 1283 1251 1323 amitteret.

409 1368 603 1410 LXVIII.
632 1365 720 1416 Jam
740 1373 830 1400 vero
846 1355 953 1411 quod
972 1354 1044 1392 iter
1064 1351 1236 1388 Romam
1256 1345 1336 1398 ejus
1358 1337 1532 1380 mulieris
1553 1334 1662 1375 fuiffe
1682 1347 1752 1373 ex-

355 1437 532 1478 istimatis
548 1436 561 1473 ?
593 1430 700 1486 quod
719 1442 806 1482 ego,
839 1432 996 1479 propter
1014 1418 1256 1458 vicinitatem
1277 1408 1538 1463 Aquinatium
1565 1413 1603 1442 et
1622 1403 1754 1440 Vena-

358 1506 572 1547 fmnorum,
600 1514 648 1538 ex
668 1495 804 1536 multis
825 1490 954 1531 audivi
984 1496 1023 1525 et
1042 1482 1215 1536 comperi
1233 1495 1242 1518 :
1276 1490 1373 1532 quos
1395 1471 1603 1513 concursus
1625 1470 1666 1507 in
1695 1467 1756 1506 his

361 1572 514 1625 oppidis
532 1570 545 1606 ?
577 1573 740 1620 quantos
761 1570 799 1599 et
830 1559 1002 1597 virorum
1021 1561 1059 1590 et
1090 1549 1302 1589 mulierum
1322 1542 1491 1596 gemitus
1511 1537 1583 1577 esse
1604 1536 1722 1575 factos
1742 1535 1760 1571 ,Ρ-

363 1638 576 1678 Mulierem
607 1629 801 1685 quandam
822 1625 979 1667 Larino,
1005 1628 1121 1672 atque
1155 1614 1264 1653 illam
1295 1611 1413 1663 usque
1443 1621 1465 1645 a
1490 1605 1586 1644 mari
1608 1603 1758 1656 supero,

363 1707 534 1746 Romam
555 1696 759 1754 proficisci,
781 1706 874 1732 cum
896 1701 1038 1742 magno
1069 1683 1272 1724 comitatu,
1305 1687 1343 1715 et
1364 1674 1539 1729 pecunia,
1562 1684 1641 1723 quo
1662 1668 1760 1707 faci-

363 1773 437 1811 lius
455 1764 735 1809 circumvenire
749 1759 900 1814 judicio
916 1755 1067 1808 capitis,
1084 1759 1198 1802 atque
1215 1745 1447 1799 opprimere,
1470 1739 1597 1778 filium
1614 1734 1734 1789 poffet
1750 1733 1758 1770 !

365 1839 498 1878 Nemo
518 1842 596 1872 erat
616 1831 789 1872 illorum,
822 1836 918 1878 pene
938 1821 1081 1862 dicam,
1113 1815 1210 1868 quin
1230 1808 1467 1863 expiandum
1495 1804 1610 1841 illum
1629 1801 1764 1839 locum

367 1903 438 1943 effe
458 1901 716 1941 arbitraretur,
733 1901 967 1946 quacunque
986 1886 1053 1924 illa
1073 1883 1145 1921 iter
1165 1878 1334 1920 feciffet3
1358 1885 1486 1915 nem0,
1508 1870 1603 1922 quin
1625 1877 1766 1905 terram

370 1969 489 2023 ipsam
509 1964 657 2009 violari,
679 1974 764 2014 quae
784 1966 905 1997 mater
924 1953 976 1992 est
994 1949 1190 1992 omnium,
1210 1942 1377 1995 vestigiis
1398 1936 1659 1977 consceleratae
1681 1945 1765 1971 ma-

372 2036 438 2074 tris
459 2040 622 2087 putaret.
655 2029 789 2079 Itaque
810 2022 919 2062 nullo
952 2020 992 2057 in
1012 2014 1157 2070 oppido
1177 2006 1404 2050 confistendi
1425 2002 1586 2058 potestas
1607 2001 1641 2037 ei
1663 1998 1765 2041 fuit;

373 2114 487 2140 nemo
506 2111 554 2137 ex
570 2106 628 2136 tot
647 2091 864 2146 hospitibus
885 2088 1065 2125 inventus
1086 2080 1151 2125 est,
1167 2077 1235 2131 qui
1256 2088 1333 2114 non
1349 2069 1623 2122 contagionem
1639 2065 1768 2117 aspec-

376 2177 436 2205 tus
457 2165 631 2218 fugeret:
664 2159 768 2199 noeti
788 2156 823 2195 se
843 2154 971 2208 potius
999 2163 1042 2188 ac
1069 2142 1282 2188 solitudini,
1314 2152 1432 2193 quam
1464 2135 1536 2173 ulli
1557 2142 1621 2171 aut
1648 2130 1769 2169 turba:

375 2242 440 2272 aut
459 2230 616 2283 hospiti,
635 2222 920 2266 committebat.

432 2299 554 2338 Nunc
574 2308 662 2333 vero
682 2290 778 2345 quid
797 2297 896 2341 agat,
932 2282 1028 2338 quid
1058 2278 1255 2321 moliatur,
1288 2270 1384 2326 quid
1415 2268 1580 2319 denique
1600 2260 1772 2315 quotidie

380 2366 537 2418 cogitet,
561 2373 680 2413 quem
699 2359 872 2411 ignorare
892 2351 1065 2391 nostrum
1098 2353 1207 2400 putat
1225 2343 1237 2380 ?
1270 2351 1367 2393 quos
1388 2331 1600 2388 appellarit,
1630 2327 1772 2380 quibus

382 2430 588 2488 pecuniam
619 2422 850 2481 promiserit,
882 2429 1050 2473 quorum
1081 2412 1200 2452 fidem
1228 2407 1351 2462 pretio
1381 2399 1605 2440 labefactare
1639 2401 1774 2433 conata
