2212 2835
404 206 453 256 96
900 200 1298 238 ORATIO

404 301 572 343 minem3
595 311 637 336 ea
659 298 728 342 vis,
751 306 793 335 ut
813 310 929 335 nemo
942 295 1170 342 foeminam;
1193 310 1235 334 ea
1249 296 1466 341 crudelitas,
1501 304 1544 334 ut
1571 309 1685 334 nemo
1706 309 1787 334 ma-

405 377 518 411 trem,
545 365 731 418 appellare
750 364 875 418 poffit.
898 366 1031 417 Atque
1048 365 1165 403 etiam
1181 365 1340 403 nomina
1358 363 1692 408 neceffitudinum‚
1714 376 1791 401 non

403 433 527 470 solum
547 441 687 470 naturae
707 444 851 469 nomen
871 440 908 469 et
922 432 1022 483 jura,
1046 432 1230 469 mutavit:
1254 444 1351 469 uxor
1365 431 1510 482 generi,
1525 443 1685 468 noverca
1703 428 1788 473 filii,

403 498 490 536 filiae
510 498 660 550 pellex:
693 510 739 534 eo
764 498 847 549 jam
869 497 1035 548 denique
1064 496 1226 534 adducta
1258 496 1323 540 est,
1358 505 1400 533 ut
1430 496 1513 540 fibi,
1543 505 1677 548 praeter
1707 494 1788 533 for-

404 579 524 609 mam,
561 563 659 602 nihil
680 563 726 601 ad
746 563 1040 601 similitudinem
1059 561 1231 601 hominis
1252 562 1457 600 reservarit.

459 632 602 682 Qare,
624 629 796 680 Judices,
830 629 855 666 s1
876 628 995 666 scelus
1027 628 1170 673 odistis,
1202 627 1403 680 prohibete
1433 627 1582 665 aditum
1611 626 1741 665 matris
1771 640 1791 663 a

403 696 476 735 filii
496 697 702 749 sanguine:
734 696 819 733 date
849 695 996 748 parenti
1029 693 1136 733 hunc
1167 694 1436 732 incredibilem
1467 693 1639 732 dolorem
1665 707 1712 731 ex
1733 693 1789 730 sa-

403 763 498 807 lute,
529 776 576 800 ex
606 762 774 806 victoria,
809 761 1004 798 liberum:
1035 760 1229 812 patimini,
1262 768 1440 804 matrem,
1477 773 1524 797 ne
1553 759 1681 797 orbata
1710 758 1790 797 filio

404 828 566 872 laetetur,
588 828 728 865 vistam
749 827 877 879 potius
908 826 1026 864 vestra
1044 827 1222 878 aequitate
1248 825 1449 864 discedere.
1481 826 1547 863 Sin
1578 833 1721 869 autem,
1753 825 1792 862 id

405 895 510 945 quod
531 890 648 931 vestra
676 902 808 931 natura
837 893 1015 945 postulat,
1044 892 1246 944 pudorem,
1280 891 1509 934 bonitatem,
1531 890 1792 941 virtutemque

405 961 592 1012 diligitis;
624 960 743 997 levate
763 959 868 996 hunc
886 958 1092 1010 aliquando
1112 958 1326 1010 supplicem
1346 957 1525 1000 vestrum,
1543 955 1713 1006 Judices,
1736 964 1793 993 tot

404 1039 521 1063 annos
542 1026 582 1062 in
602 1024 693 1062 falsa
712 1024 854 1061 invidia
874 1023 1131 1075 periculisque
1162 1022 1346 1060 versatum
1366 1037 1374 1060 :
1408 1022 1476 1073 qui
1496 1035 1599 1059 nunc
1619 1021 1793 1073 primum

405 1091 487 1143 post
508 1090 615 1128 illam
637 1089 850 1133 flammam,
881 1089 1046 1127 aliorum
1066 1087 1166 1126 facto
1186 1096 1224 1125 et
1243 1088 1453 1140 cupiditate
1473 1087 1694 1132 excitatam,
1730 1086 1793 1139 spe

405 1158 531 1196 vestrae
552 1157 740 1210 aequitatis
776 1156 919 1208 erigere
938 1156 1131 1200 animum,
1162 1163 1200 1192 et
1227 1155 1389 1207 paulurn
1424 1155 1600 1207 respirare
1629 1167 1650 1192 a
1669 1162 1790 1199 metu,

405 1225 551 1276 coepit;
584 1224 647 1261 cui
677 1223 795 1275 posita
828 1222 914 1260 sunt
948 1223 987 1259 in
1023 1221 1130 1259 vobiS
1165 1221 1323 1265 omnia;
1355 1234 1473 1272 quem
1505 1220 1690 1258 servatum
1721 1219 1794 1258 effe

405 1290 566 1343 plurimi
585 1289 763 1341 cupiunt,
795 1288 935 1326 servare
956 1287 1023 1325 soli
1044 1301 1110 1325 vos
1140 1287 1309 1340 potestis,
1343 1287 1437 1324 Orat
1458 1299 1522 1324 vos
1544 1286 1697 1330 Avitus,
1718 1286 1792 1336 Ju-

406 1356 523 1400 dices,
545 1365 582 1393 et
601 1355 693 1393 flens
714 1354 897 1398 obsecrat,
931 1367 978 1391 ne
998 1353 1033 1391 se
1054 1354 1221 1396 invidiae,
1240 1367 1323 1404 quae
1343 1353 1551 1403 injudiciis
1572 1352 1695 1389 valere
1715 1365 1793 1389 non

407 1421 547 1466 debet;
579 1435 626 1459 ne
648 1421 774 1464 matri,
803 1421 911 1472 cujus
933 1428 1019 1457 vota
1046 1428 1084 1457 et
1113 1432 1241 1472 preces
1273 1432 1293 1456 a
1313 1418 1440 1456 vestris
1461 1417 1657 1456 mentibus
1678 1431 1793 1471 repu-

407 1489 508 1525 diare
535 1488 708 1532 debetis;
741 1500 788 1524 ne
810 1486 1043 1538 Oppianico,
1074 1484 1228 1524 homini
1249 1483 1407 1529 nefario,
1435 1484 1690 1522 condemnato
1710 1484 1795 1536 jam

406 1564 444 1592 et
466 1564 633 1598 mortuo,
655 1553 896 1591 condonetis.

462 1621 611 1658 LXXI.
644 1619 762 1670 Qod
783 1618 808 1656 s1
830 1631 906 1670 qua
936 1618 1132 1656 calamitas
1153 1616 1259 1656 hunc
1291 1618 1331 1656 in
1351 1617 1426 1656 hoc
1447 1615 1596 1669 judicio
1616 1614 1797 1654 afflixerit

407 1687 681 1731 innocentem,
714 1699 770 1723 nae
790 1684 856 1722 iste
883 1684 1008 1729 miser,
1031 1684 1201 1735 Judices,
1223 1684 1264 1728 fi,
1300 1685 1339 1721 id
1370 1683 1474 1735 quod
1505 1682 1663 1720 difficile
1692 1680 1796 1719 fastu

407 1753 472 1797 est,
495 1753 534 1790 in
555 1753 631 1789 vita
651 1750 878 1794 remanebit,
914 1749 1007 1802 saepe
1037 1758 1075 1787 et
1095 1749 1267 1786 multum
1291 1757 1483 1800 queretur,
1514 1745 1795 1799 deprehensum

408 1818 478 1856 effe
498 1818 595 1863 illud
616 1817 809 1869 quondam
833 1815 1105 1853 Fabricianum
1125 1828 1331 1852 venenum.
1354 1814 1473 1864 Qod
1494 1813 1519 1850 fi
1541 1822 1626 1850 tum
1646 1812 1794 1849 indica-

409 1893 495 1921 tum
516 1897 592 1921 non
614 1882 727 1927 effet;
767 1895 844 1919 non
864 1880 956 1918 huic
977 1880 1288 1918 aerumnofiffimo
1314 1892 1505 1917 venenum
1531 1878 1629 1916 illud
1651 1877 1792 1922 fuiffet,

409 1950 471 1988 sed
492 1949 707 1987 multorum
728 1948 1055 1985 medicamentum
1076 1946 1250 1985 laborum
1270 1961 1278 1984 :
1311 1945 1502 1998 postremo
1521 1945 1638 1983 etiam
1658 1943 1794 1982 fortas-

409 2016 455 2054 fis
477 2024 610 2059 mater,
641 2014 819 2066 exequias
850 2013 954 2051 illius
975 2013 1119 2051 funeris
1140 2012 1348 2065 prosecuta,
1382 2020 1547 2049 mortem
1577 2010 1612 2048 se
1632 2010 1703 2048 filii
1731 2010 1794 2048 lu-

409 2096 496 2135 gere
519 2080 734 2119 fimulaffet.
767 2080 887 2118 Nunc
917 2092 1004 2117 vero
1034 2079 1128 2131 quid
1155 2080 1225 2116 erit
1252 2077 1483 2131 profectum,
1516 2077 1583 2115 nisi
1617 2086 1660 2115 ut
1679 2076 1794 2128 hujus

409 2162 455 2187 ex
477 2147 614 2185 mediis
634 2146 769 2184 mortis
788 2145 930 2183 infidiis
952 2146 1027 2182 vita
1048 2145 1092 2182 ad
1112 2145 1262 2182 luctum
1284 2143 1475 2187 reservata,
1499 2156 1602 2181 mors
1624 2142 1796 2194 sepulcro

411 2215 527 2267 patris
549 2214 706 2265 privata,
734 2211 806 2250 effe
826 2211 997 2249 videatur
1017 2212 1030 2248 ?
1062 2211 1157 2249 Satis
1178 2211 1244 2248 diu
1265 2209 1340 2248 fuit
1361 2211 1399 2247 in
1418 2209 1590 2253 miseriis,
1612 2209 1793 2259 Judices:

412 2281 496 2319 satis
515 2279 658 2318 multos
679 2292 796 2317 annos
817 2292 863 2316 ex
883 2278 1027 2316 invidia
1042 2277 1239 2316 laboravit.
1263 2277 1394 2315 Nemo
1415 2275 1506 2314 huic
1528 2285 1607 2313 tam
1623 2275 1794 2326 iniquus,

412 2356 547 2399 praeter
578 2354 788 2398 parentem,
823 2343 914 2389 fuit,
949 2344 1059 2395 cujus
1079 2344 1254 2381 animum
1280 2357 1357 2380 non
1381 2343 1462 2394 jam
1497 2342 1695 2394 expletum
1725 2339 1796 2377 effe

412 2423 607 2464 putemus.
654 2412 749 2456 Vos,
781 2411 849 2464 qui
869 2411 968 2463 aequi
1001 2410 1085 2448 estis
1106 2411 1302 2455 omnibus,
1334 2409 1416 2461 qui,
1451 2419 1492 2447 ut
1512 2406 1673 2460 quisque
1706 2419 1795 2443 cru-

413 2478 598 2517 deliffime
631 2487 874 2532 oppugnatur
894 2506 906 2523 ,
954 2490 1046 2516 eum
1080 2475 1266 2516 leniffime
1308 2475 1510 2514 sublevatis
1527 2502 1538 2518 ‚
1583 2471 1798 2511 conservate
