2212 2835
392 196 439 248 58
871 191 1276 232 ORATIO

387 291 573 328 veniebat.
608 288 758 326 Gradus
780 287 838 325 illi
860 287 1023 332 Aurelii,
1053 296 1137 325 tum
1159 287 1262 333 novi,
1295 285 1397 339 quasi
1427 299 1498 340 pro
1528 285 1676 325 theatro
1709 287 1768 325 illi

381 356 531 407 judicio
552 354 724 393 aedificati
746 354 994 392 videbantur:
1028 367 1123 406 quos
1146 354 1212 391 ubi
1243 353 1435 391 accusator
1460 353 1661 391 concitatis
1692 351 1767 390 ho-

386 421 559 458 minibus
581 420 805 473 complerat,
836 433 913 458 non
941 420 1058 458 modo
1078 419 1231 458 dicendi
1251 419 1297 457 ab
1318 432 1395 464 reo,
1428 418 1490 457 sed
1519 433 1566 457 ne
1592 417 1769 471 surgendi

384 487 557 538 quidem,
589 486 747 539 potestas
768 495 859 524 erat.

445 553 582 604 Nuper
602 553 701 604 apud
723 553 771 589 C.
796 551 1046 595 Orchinium,
1077 550 1265 603 collegam
1286 564 1434 596 meum,
1465 551 1572 588 locus
1598 550 1645 588 ab
1659 549 1768 601 judi-

384 619 493 656 cibus
509 619 646 656 Fausto
669 618 778 670 Syllae
799 618 845 656 de
865 618 1037 671 pecuniis
1059 617 1213 655 refiduis
1234 631 1311 655 non
1332 617 1383 655 est
1400 617 1654 656 constitutus:
1691 630 1769 654 non

384 699 462 737 quo
482 685 539 722 illi
570 695 634 723 aut
656 686 829 738 exlegem
849 685 919 723 effe
939 684 1097 736 Syllam,
1130 694 1195 722 aut
1225 684 1374 722 causam
1406 685 1576 737 pecuniae
1603 683 1769 736 publicae

375 744 648 803 'contemptam
669 760 782 802 atque
802 751 1001 802 abjedhim,
1023 759 1223 802 putarent,
1256 750 1317 788 sed
1337 751 1456 803 quod,
1478 749 1675 788 accusante
1697 748 1767 786 tri-

384 816 489 853 buno
509 816 646 868 plebis,
677 816 898 854 conditione
928 828 1033 867 aequa
1065 815 1264 868 disceptari
1289 815 1391 868 poffe
1419 829 1497 854 non
1523 822 1766 868 putaverunt.

383 882 518 932 Qid?
541 881 736 920 conferam
758 882 950 933 Syllamne
969 895 1059 919 cum
1075 882 1207 932 Junio,
1228 895 1275 920 an
1295 880 1401 919 hunc
1421 882 1622 920 tribunum
1643 880 1767 932 plebis

382 961 473 985 cum
552 948 688 992 uintio,
725 961 771 985 an
803 961 889 985 vero
917 956 1069 999 tempus
1100 960 1193 985 cum
1224 947 1424 999 tempore?
1456 947 1558 998 Sylla
1587 945 1767 984 maximis

381 1014 535 1065 opibus,
559 1014 744 1065 cognatis,
767 1013 960 1057 affinibus,
982 1011 1207 1057 necessariis,
1229 1012 1435 1050 clientibus
1456 1012 1635 1065 plurimis
1651 1027 1667 1050 :i
1686 1010 1768 1049 haec

373 1084 511 1118 'autem
537 1081 637 1134 apud
657 1081 822 1132 Junium
854 1093 978 1133 parva,
1000 1088 1038 1118 et
1058 1079 1225 1125 infirma,
1256 1088 1295 1118 et
1324 1080 1438 1132 ipfius
1469 1080 1597 1117 labore
1617 1079 1769 1132 quaefita

380 1156 495 1198 atque
515 1148 686 1185 comedia.
710 1147 987 1185 Hietribunus
1008 1146 1130 1199 plebis
1152 1146 1357 1191 modestus,
1379 1146 1540 1198 pudens,
1556 1160 1632 1184 non
1651 1146 1772 1185 modo

381 1226 459 1250 non
480 1213 686 1257 seditiosus,
719 1213 780 1251 sed
799 1213 915 1250 etiam
936 1212 1115 1250 seditiosis
1136 1212 1362 1251 adversarius
1381 1227 1389 1250 :
1422 1212 1488 1249 ille
1513 1221 1640 1250 autem
1662 1226 1767 1250 acer-

381 1279 467 1323 buS‚
499 1279 740 1324 criminosus,
771 1279 965 1331 popularis
996 1278 1116 1316 homo
1137 1292 1178 1316 ac
1201 1278 1458 1317 turbulentus.
1493 1279 1670 1330 Tempus
1691 1277 1767 1316 hoc

380 1345 637 1397 tranquillum
658 1359 700 1382 ac
727 1354 928 1398 pacatum:
961 1344 1060 1382 illud
1089 1345 1270 1382 omnibus
1299 1344 1449 1382 invidiae
1481 1344 1768 1397 tempestatibus

382 1412 634 1450 concitatum.
668 1411 765 1460 Qae
785 1425 876 1449 cum
898 1411 949 1449 ita
979 1410 1106 1456 effent,
1139 1411 1178 1449 in
1203 1411 1341 1449 Fausto
1373 1420 1499 1449 tamen
1532 1412 1589 1449 illi
1614 1411 1766 1463 judices

380 1477 603 1522 statuerunt,
626 1478 760 1529 iniqua
779 1477 1000 1515 conditione
1021 1490 1129 1514 reum
1150 1477 1298 1515 causam
1319 1478 1457 1522 dicere,
1482 1491 1574 1515 cum
1595 1477 1765 1515 adversa-

380 1544 438 1582 rio
458 1545 537 1595 ejus
558 1544 603 1581 ad
618 1545 681 1596 jus
702 1543 949 1582 accusationis
971 1543 1120 1581 summa
1140 1543 1194 1581 vis
1216 1543 1408 1595 potestatis
1428 1544 1635 1582 accederet.

435 1610 606 1648 XXXV.
639 1611 768 1661 Qam
790 1610 947 1662 quidem
968 1609 1153 1647 rationem
1174 1623 1254 1655 VOS,
1276 1610 1445 1661 Judices‚
1474 1610 1678 1662 diligenter
1696 1622 1766 1662 pro

379 1675 496 1713 vestra
516 1675 696 1728 sapientia
711 1685 748 1713 et
768 1674 1008 1713 humanitate
1028 1676 1206 1727 cogitare,
1228 1684 1265 1713 et
1280 1676 1432 1728 penitus
1455 1676 1676 1728 perspicere,
1695 1676 1764 1713 de-

380 1741 492 1786 betis,
526 1742 620 1794 quid
642 1741 747 1786 mali,
780 1749 969 1793 quantum
989 1741 1164 1793 periculi,
1201 1740 1412 1792 unicuique
1433 1740 1604 1778 nostrum
1625 1740 1764 1778 inferre

378 1807 490 1858 poffit
510 1808 564 1858 vis
586 1807 798 1852 tribunitia,
830 1806 992 1844 conflata
1022 1805 1228 1860 praesertim
1254 1806 1409 1850 invidia,
1442 1815 1480 1843 et
1511 1806 1764 1844 concionibus

379 1872 550 1910 seditiose
570 1873 784 1911 concitatis.
819 1872 992 1925 Optimis
1022 1871 1149 1910 hercle
1170 1872 1423 1924 temporibus,
1446 1881 1545 1917 tum,
1577 1885 1669 1909 cum
1690 1871 1763 1910 ho-

378 1938 502 1976 mines
524 1937 558 1975 se
579 1952 654 1977 non
670 1938 874 1990 jaCtatione
892 1938 1079 1991 populari,
1101 1938 1162 1976 sed
1182 1938 1367 1991 dignitate
1387 1947 1502 1990 atque
1530 1938 1764 1983 innocentia,

379 2004 597 2049 tuebantur,
631 2012 757 2042 tamen
779 2018 849 2042 nec
871 2005 914 2042 P.
934 2005 1136 2057 Popillius,
1169 2017 1239 2042 nec
1260 2003 1536 2055 QMeffllus,
1571 2004 1764 2042 clariffimi

368 2067 492 2121 'atque
512 2069 734 2122 ampliffimi
755 2070 839 2115 viri,
861 2070 941 2108 vim
962 2070 1204 2108 tribunitiam
1225 2069 1402 2107 sustinere
1425 2079 1632 2122 potuerunt
1652 2085 1660 2108 z
1693 2083 1762 2108 ne-

379 2135 474 2172 dum
495 2134 554 2172 his
577 2135 830 2188 temporibus,
852 2134 912 2173 his
935 2136 1121 2181 moribus,
1144 2135 1203 2174 his
1226 2135 1523 2188 magistratibus,
1552 2136 1628 2174 fine
1649 2135 1766 2173 vestra

378 2201 572 2254 sapientia,
595 2215 636 2239 ac
652 2202 889 2254 judiciorum
911 2203 1102 2248 remediis,
1125 2202 1213 2241 salvi
1233 2202 1303 2240 effe
1323 2202 1520 2255 poffimus.

434 2268 527 2305 Non
548 2267 622 2305 fuit
643 2268 762 2320 igitur
793 2268 889 2306 illud
914 2269 1123 2320 judicium,
1153 2269 1292 2321 judicii
1325 2269 1460 2313 simile,
1482 2269 1651 2320 Judices‚
1685 2281 1763 2306 non

378 2333 480 2379 fuit;
512 2335 551 2372 in
572 2349 650 2387 quo
670 2348 747 2373 non
769 2335 907 2373 modus
928 2335 980 2373 est
999 2335 1207 2381 adhibitus,
1236 2350 1312 2374 non
1345 2350 1429 2374 mos
1451 2335 1762 2386 consuetudoque

363 2398 529 2445 servata,
552 2414 627 2438 non
649 2400 755 2438 causa
772 2399 944 2439 defensa:
968 2402 1023 2439 vis
1045 2402 1110 2439 illa
1131 2401 1220 2447 fuit,
1238 2412 1288 2447 et,
1307 2411 1349 2439 ut
1367 2401 1549 2454 saepejam
1566 2400 1659 2445 dixi,
1680 2400 1760 2436 rui-

379 2478 424 2503 na
444 2467 617 2518 quaedam
639 2475 752 2520 atque
773 2467 986 2521 tempestas,
1014 2478 1051 2507 et
1071 2469 1222 2521 quidvis
1249 2469 1389 2522 potiu8‚
1418 2481 1534 2521 quarn
1549 2466 1760 2519 judicium,
