2212 2835
393 235 467 271 104
887 216 1286 256 ORATIO

387 328 550 357 evertere
579 316 859 368 rempublicam
886 316 1088 368 cuperetis,
1119 328 1160 352 ac
1181 314 1288 352 vobis
1310 327 1448 352 novam
1468 313 1771 352 dominationem

386 395 616 434 comparare,
648 381 775 425 credo,
807 394 924 432 quam
944 380 1153 433 perniciosa
1172 379 1301 424 effent,
1333 393 1411 417 non
1431 379 1622 417 videretis.

441 449 534 486 VII.
567 447 675 498 Qid
707 447 812 484 enim
842 446 1053 484 cavendum
1088 446 1140 483 est
1170 446 1210 482 in
1244 446 1405 483 coloniis
1437 444 1700 482 deducendis?
1738 443 1776 482 Si

382 514 582 552 luxuries:
614 512 851 550 Annibalem
877 511 1003 564 ipsum
1032 513 1163 564 Capua
1183 511 1367 563 corrupit.
1401 511 1438 548 Si
1464 510 1659 563 superbia:
1691 518 1778 547 nata

388 580 486 619 inibi
512 579 583 618 effe
609 592 657 617 ex
684 579 973 631 Campanorum
999 577 1148 615 fastidio
1169 578 1331 615 videtur.
1365 577 1401 615 Si
1426 577 1666 629 praefidium:
1699 589 1777 614 non

388 646 624 700 praeponitur
648 644 741 683 huic
769 645 855 683 urbi
881 644 947 682 ista
967 644 1131 689 colonia,
1163 644 1225 682 sed
1244 644 1482 697 opponitur?
1514 646 1569 681 At
1589 642 1777 695 quemad-

390 712 552 750 modum
574 710 770 749 armatur?
795 710 863 748 Dii
884 710 1120 748 immortales
1138 709 1144 746 !
1168 723 1257 747 nam
1278 709 1380 747 bello
1400 709 1563 753 Punico,
1586 708 1780 761 quidquid

388 778 517 830 potuit
549 779 693 829 Capua,
729 776 858 828 potuit
888 776 967 828 ipsa
996 789 1063 828 per
1094 775 1194 813 sese:
1239 789 1342 813 nunc
1369 789 1503 814 omnes
1534 775 1662 819 urbes,
1693 788 1778 827 quae

389 845 538 883 circum
561 845 736 896 Capuam
756 843 857 887 sunt,
888 856 908 880 a
926 842 1073 880 colonis
1094 855 1161 895 per
1184 842 1335 880 eosdem
1356 842 1591 880 decemviros
1611 854 1779 894 occupa-

391 911 550 949 buntur.
584 911 699 948 Hanc
721 910 825 947 enim
846 909 896 947 ob
920 909 1069 946 causam
1090 908 1282 961 permittit
1302 907 1381 960 ipsa
1399 907 1475 952 lex,
1497 908 1533 945 in
1553 908 1680 952 omnia,
1703 922 1782 960 quae

391 978 519 1021 velint,
540 975 677 1029 oppida,
699 977 828 1014 colonos
847 984 890 1013 ut
908 975 1101 1013 decemviri
1116 974 1303 1018 deducant,
1321 988 1404 1026 quos
1418 974 1544 1012 velint.
1568 975 1700 1026 Atque
1719 972 1780 1010 his

389 1042 537 1081 colonis
557 1055 692 1094 agrum
715 1042 975 1093 Campanum,
1006 1050 1045 1078 et
1066 1041 1262 1078 Stellatem
1283 1053 1482 1093 campum,
1514 1040 1633 1078 dividi
1651 1040 1779 1092 jubet.

446 1107 540 1145 Non
567 1120 706 1159 queror
733 1106 1034 1144 diminutionem
1061 1106 1323 1158 vetitigalium,
1354 1119 1432 1144 non
1456 1106 1646 1159 flagitium
1667 1104 1782 1157 hujus

386 1175 543 1226 jafturae
563 1182 676 1224 atque
697 1172 851 1210 damni:
884 1172 1135 1224 praetermitto
1155 1171 1233 1216 illa,
1256 1185 1340 1223 quae
1360 1185 1476 1209 nemo
1492 1172 1558 1217 est,
1580 1172 1675 1223 quin
1695 1184 1782 1224 gra·

390 1239 538 1277 viffime
554 1247 591 1276 et
608 1237 795 1275 veriffime
811 1237 993 1289 conqueri
1009 1237 1134 1290 poffit,
1157 1251 1225 1275 nos
1241 1247 1356 1290 caput
1376 1238 1598 1290 patrimonii
1618 1237 1784 1289 publici,

391 1303 696 1357 pulcherrimam
716 1303 852 1356 populi
872 1303 1043 1341 Romani
1064 1302 1340 1355 poffeffionem,
1372 1303 1582 1341 subsidium
1609 1315 1784 1348 annonae,

391 1369 575 1408 horreum
596 1369 702 1414 belli,
733 1368 802 1407 sub
828 1369 933 1421 figno
959 1368 1202 1421 claustrisque
1229 1369 1450 1422 reipublicae
1476 1369 1643 1422 pofitum
1670 1368 1783 1406 vieti-

391 1435 473 1489 gal,
505 1435 644 1473 servare
672 1448 752 1473 non
782 1434 969 1487 potuisse:
1002 1448 1093 1473 eum
1124 1435 1288 1487 denique
1319 1448 1386 1473 nos
1418 1449 1553 1488 agrum
1585 1436 1629 1473 Ρ.
1663 1433 1786 1472 Rullo

393 1501 622 1546 conceffiffe,
664 1501 732 1552 qui
762 1514 848 1552 ager
876 1500 953 1553 ipse
985 1514 1052 1553 per
1086 1501 1158 1539 sese
1192 1510 1230 1540 et
1266 1501 1426 1552 Syllanae
1457 1501 1714 1540 dominationi
1747 1509 1786 1540 et

395 1567 664 1607 Gracchorum
691 1566 886 1619 largitioni
916 1566 1116 1605 restitiffet.
1148 1567 1243 1605 Non
1275 1568 1376 1612 dico,
1407 1567 1532 1606 solum
1558 1566 1634 1606 hoc
1658 1567 1701 1605 in
1725 1580 1786 1605 re-

395 1634 552 1687 publica
572 1633 732 1685 veftigal
752 1633 836 1678 effe,
869 1633 988 1685 quod,
1021 1633 1161 1671 amiffis
1180 1633 1278 1679 aliis,
1300 1643 1492 1672 remaneat
1507 1653 1519 1680 ;
1551 1632 1787 1678 intermistis,

395 1715 471 1739 non
493 1700 735 1752 conquiescat
747 1717 758 1744 3
790 1700 831 1737 in
851 1713 942 1752 pace
962 1700 1094 1744 niteat,
1126 1700 1167 1737 in
1189 1700 1292 1738 bello
1312 1714 1390 1738 non
1411 1689 1617 1739 obsolescat
1632 1718 1644 1745 ς
1676 1700 1786 1738 mili-

395 1776 475 1804 tem
492 1766 685 1809 sustentet‚
706 1763 854 1802 hostem
870 1777 948 1802 non
963 1763 1218 1816 pertimescat,
1241 1765 1497 1803 Praetermitto
1512 1778 1671 1804 omnem
1686 1764 1788 1804 hanc

395 1832 621 1875 orationem,
651 1839 689 1868 et
714 1830 895 1869 concioni
920 1829 1087 1869 reservo:
1121 1830 1167 1869 de
1191 1829 1365 1884 periculo
1391 1830 1518 1870 salutis
1540 1844 1581 1870 ac
1601 1831 1788 1870 libertatis

397 1898 548 1950 loquor.

453 1963 561 2014 Qid
591 1962 697 2000 enim
724 1962 948 2000 existimatis
976 1963 1172 2015 integrum
1191 1963 1299 2003 vobis
1320 1965 1360 2003 in
1381 1965 1579 2018 republica
1597 1964 1692 2010 fore,
1723 1973 1789 2004 aut

396 2030 437 2067 in
464 2028 580 2067 vestra
607 2028 781 2066 libertate
806 2041 849 2066 ac
877 2028 1063 2081 dignitate
1087 2030 1343 2076 retinendum,
1375 2045 1468 2069 cum
1486 2031 1644 2077 Rullus,
1675 2039 1789 2083 atque

395 2096 438 2140 ii,
470 2107 566 2147 quos
593 2094 719 2132 multo
746 2095 868 2146 magis
897 2108 1015 2147 quam
1042 2095 1210 2134 Rullum
1235 2097 1396 2142 timetis,
1428 2111 1520 2135 cum
1540 2097 1650 2135 omni
1670 2110 1788 2150 egen-

398 2161 500 2199 tium
521 2170 635 2212 atque
653 2160 923 2212 improborum
945 2174 1075 2206 manu,
1097 2174 1189 2200 cum
1209 2162 1390 2200 omnibus
1409 2163 1546 2216 copiis,
1567 2176 1659 2201 cum
1680 2162 1791 2201 omni

399 2235 560 2281 argento
578 2235 615 2264 et
641 2239 745 2271 auro,
777 2227 965 2278 Capuam,
996 2236 1035 2265 et
1062 2227 1173 2265 urbes
1194 2228 1295 2266 circa
1314 2230 1503 2281 Capuam,
1533 2228 1790 2282 occuparint?

401 2293 476 2331 His
500 2306 572 2344 ego
603 2291 715 2329 rebus
745 2292 789 2329 P.
813 2293 862 2331 C.
891 2291 1054 2331 refistam
1075 2291 1321 2331 vehementer
1340 2302 1454 2346 atque
1474 2295 1635 2333 acriter:
1666 2306 1791 2346 neque

400 2360 533 2412 patiar,
564 2357 740 2397 homines
767 2372 823 2404 ea,
854 2359 1125 2407 messConsule,
1155 2373 1392 2413 expromere,
1424 2375 1508 2413 quae
1532 2369 1665 2400 contra
1686 2374 1789 2399 rem-

399 2425 598 2476 publicam
618 2424 686 2462 diu
705 2424 925 2477 cogitarint.
957 2424 1132 2471 Errastis,
1165 2426 1295 2471 Rulle,
1328 2425 1586 2472 vehementer,
1616 2435 1654 2465 et
1674 2435 1730 2471 tu,
1751 2434 1790 2465 et

400 2490 578 2531 nonnulli
598 2490 755 2545 collegae
772 2491 843 2539 tui,
865 2490 936 2545 qui
951 2490 1120 2545 speratis,
1141 2504 1207 2531 vos
1223 2500 1356 2531 contra
1374 2491 1599 2539 Consulem,
1620 2492 1789 2539 veritate,
