2212 2835
488 186 562 227 322
997 166 1402 206 ORATIO

487 279 683 323 poetarum
719 280 810 306 voce
844 266 1099 305 moveamur?
1132 265 1357 304 Homerum
1389 262 1629 317 Colophonii
1659 264 1785 303 civem
1812 263 1884 302 effe

485 336 620 373 dicunt
642 333 767 378 suum,
786 332 879 371 Chii
902 332 1012 371 suum
1036 331 1247 377 vindicant,
1265 330 1464 370 Salaminii
1484 338 1681 383 repetunt,
1699 330 1884 382 Smyrnaei

488 415 574 439 vero
592 400 704 438 suum
720 399 789 438 effe
806 398 1037 438 confirmant
1047 417 1059 443 3
1079 399 1208 450 itaque
1224 397 1341 436 etiam
1357 396 1564 436 delubrum
1580 397 1660 450 ejus
1682 396 1723 434 in
1743 395 1886 449 oppido

487 467 758 505 dedicaverunt
779 480 786 503 :
820 465 1005 519 permulti
1039 464 1103 502 alii
1136 473 1313 517 praeterea
1345 472 1522 517 pugnant
1555 463 1654 502 inter
1688 462 1743 507 se,
1774 470 1888 514 atque

487 533 744 572 contendunt.

543 601 615 638 IX.
649 600 754 651 Ergo
776 599 833 636 illi
854 598 1023 636 alienum
1043 627 1054 643 ‚
1084 598 1175 650 quia
1194 606 1303 651 poeta
1329 595 1406 636 fuit
1424 626 1433 642 ,
1466 596 1549 650 post
1575 605 1743 636 mortem
1770 595 1887 634 etiam

486 676 677 720 expetunt
696 681 704 704 :
738 680 805 704 nos
827 665 932 703 hune
953 666 1101 710 vivum,
1132 666 1201 717 qui
1220 674 1258 703 et
1277 664 1488 709 voluntate,
1519 673 1558 703 et
1578 664 1744 717 legibus,
1765 662 1889 701 noster

488 734 554 778 est,
587 732 874 785 repudiabimus
894 732 907 767 ?
939 731 1162 783 praesertim,
1194 745 1287 768 cum
1307 744 1424 769 omne
1444 731 1540 769 olim
1562 730 1747 775 studium,
1772 739 1888 782 atque

488 813 605 838 omne
626 798 829 850 ingenium
845 826 854 841 ‚
886 797 1095 835 contulerit
1117 795 1280 834 Archias
1301 796 1346 834 ad
1368 796 1503 849 populi
1525 797 1697 835 Romani
1723 796 1888 849 gloriam

488 865 722 917 laudemque
742 862 1009 902 celebrandam
1032 862 1044 899 ?
1077 862 1183 901 Nam
1205 871 1243 900 et
1265 862 1483 900 Cimbricas
1505 875 1561 900 res
1587 861 1802 900 adolescens
1828 871 1887 899 at-

488 931 598 984 tigit,
630 939 670 968 et
688 929 756 982 ipsi
779 930 837 967 illi
859 931 907 967 C.
931 929 1080 973 Mario,
1113 929 1182 981 qui
1203 928 1332 966 durior
1352 928 1398 966 ad
1418 927 1501 967 haec
1521 928 1643 966 studia
1662 927 1886 973 videbatur,

482 997 682 1051 jucundus
703 995 795 1034 fuit.
827 996 971 1048 Neque
992 995 1099 1033 enim
1121 995 1326 1048 quisquam
1347 995 1400 1033 est
1421 1004 1501 1033 tam
1529 995 1677 1033 aversus
1698 1008 1719 1032 a
1738 994 1888 1039 Mufis,

487 1064 556 1118 qui
578 1078 655 1103 non
677 1063 850 1102 mandari
870 1062 1038 1101 verfibus
1060 1071 1246 1100 aeternum
1268 1062 1425 1100 suorum
1452 1061 1631 1100 laborum
1659 1060 1772 1100 facile
1791 1075 1888 1114 prae-

485 1131 645 1170 conium
667 1130 846 1184 patiatur.
862 1128 1173 1167 Themistoclem
1194 1128 1324 1174 illum,
1344 1128 1545 1167 summum
1563 1127 1729 1167 Athenis
1746 1128 1888 1172 virum,

488 1197 623 1237 dixisse
643 1197 751 1235 aiunt
764 1225 775 1241 ‚
807 1209 901 1234 cum
921 1208 968 1233 ex
987 1208 1032 1233 eo
1052 1204 1286 1248 quaereretur
1299 1224 1311 1240 ‚
1342 1194 1448 1247 quod
1469 1208 1662 1240 acroama,
1694 1203 1759 1233 aut
1778 1194 1889 1246 cujus

489 1278 639 1309 vocem,
671 1261 920 1302 libentiffime
940 1262 1088 1300 audiret
1106 1277 1115 1300 ε
1148 1261 1259 1314 Ejus,
1289 1277 1314 1300 a
1332 1263 1480 1315 quostca
1499 1263 1624 1301 virtus
1643 1262 1770 1314 optime
1782 1269 1888 1313 prce-

489 1331 689 1372 dicaretur.
723 1330 857 1382 Itaque
888 1328 954 1367 ille
986 1328 1137 1367 Marius
1167 1329 1263 1366 item
1290 1328 1432 1366 eximie
1460 1330 1508 1367 L.
1533 1328 1707 1367 Plotium
1735 1327 1887 1372 dilexit,

490 1400 600 1451 cujus
622 1397 778 1450 ingenio
798 1395 957 1449 putabat
977 1409 1032 1440 ea,
1064 1409 1149 1448 quae
1168 1395 1338 1448 gesserat,
1367 1394 1468 1448 poffe
1488 1395 1685 1433 celebrari.

545 1463 867 1504 Mithridaticum
888 1475 977 1500 vero
1006 1462 1155 1500 bellum
1172 1491 1184 1507 ,
1216 1475 1403 1514 magnum
1432 1471 1546 1514 atque
1572 1461 1731 1500 difficile
1749 1489 1760 1506 ,
1791 1461 1889 1499 etin

490 1531 614 1570 multa
635 1531 812 1569 varietate
831 1538 927 1568 terra
947 1528 1124 1581 marique
1149 1528 1339 1567 versatum
1358 1557 1372 1573 ,
1402 1537 1530 1566 totum
1559 1529 1606 1566 ab
1632 1527 1707 1566 hoc
1735 1527 1890 1581 expres-

489 1597 574 1637 sum
594 1597 647 1635 est
664 1611 674 1636 z
706 1596 774 1649 qui
794 1595 884 1634 libri
906 1608 984 1633 non
1004 1594 1124 1633 modo
1144 1595 1193 1633 L.
1218 1594 1449 1640 Lucullum,
1479 1593 1733 1634 fortiffimum
1751 1603 1790 1633 et
1809 1593 1891 1632 cla-

490 1663 679 1702 riffimum
699 1663 843 1708 virum,
865 1675 999 1700 verum
1020 1661 1138 1699 etiam
1157 1661 1293 1714 populi
1315 1661 1487 1699 Romani
1507 1675 1666 1707 nomen,
1683 1660 1887 1699 illustrant.

491 1729 664 1784 Populus
684 1729 790 1767 enim
812 1729 1013 1766 Romanus
1032 1726 1202 1780 aperuit,
1234 1727 1405 1765 Lucullo
1425 1728 1660 1780 imperante,
1694 1728 1887 1771 Pontum,

490 1806 528 1835 et
555 1797 667 1849 regiis
695 1795 893 1848 quondam
919 1794 1059 1846 opibus
1077 1822 1088 1838 ,
1120 1802 1158 1831 et
1184 1793 1263 1846 ipsa
1289 1802 1421 1831 natura
1446 1794 1612 1846 regionis
1631 1822 1642 1838 ,
1673 1793 1886 1832 vallatum:

491 1858 628 1916 populi
651 1862 821 1899 Romani
842 1860 1052 1904 exercitus,
1083 1859 1219 1897 eodem
1241 1859 1339 1897 duce
1354 1889 1364 1905 ‚
1396 1873 1474 1898 non
1495 1860 1666 1898 maxima
1686 1873 1807 1899 manu:
1825 1859 1887 1898 in-

490 1927 750 1968 numerabiles
770 1926 1050 1965 Armeniorum
1071 1928 1201 1979 copias
1223 1925 1349 1964 fudit:
1373 1926 1509 1979 populi
1530 1926 1700 1965 Romani
1721 1927 1802 1965 laus
1822 1926 1888 1972 est,

490 1996 628 2034 urbem
648 1994 916 2033 amiciffimam
945 1994 1233 2046 Cyzicenorum
1251 2023 1262 2039 ,
1293 1993 1462 2046 ejusdem
1489 1994 1647 2032 consilio
1666 2023 1675 2038 ,
1707 2007 1754 2032 ex
1780 1993 1890 2032 omni

489 2063 640 2114 impetu
663 2061 766 2113 regio
782 2090 794 2106 ,
825 2074 867 2098 ac
888 2060 1006 2099 totius
1026 2060 1119 2098 belli
1139 2074 1202 2099 ore
1229 2074 1271 2098 ac
1297 2059 1473 2099 faucibus
1491 2090 1504 2106 ,
1534 2069 1703 2113 ereptam
1731 2059 1803 2098 effe
1829 2069 1889 2098 at-

492 2141 567 2181 que
588 2127 769 2165 servatam
786 2141 795 2165 :
820 2126 943 2165 nostra
963 2126 1110 2179 semper
1130 2126 1272 2166 feretur
1291 2136 1329 2165 et
1348 2126 1632 2180 praedicabitur,
1655 2127 1703 2165 L.
1720 2126 1890 2166 Lucullo

491 2194 700 2233 dimicante
717 2223 728 2239 ,
759 2207 852 2232 cum
881 2192 1090 2232 interfectis
1112 2193 1275 2232 ducibus
1297 2193 1461 2247 depreffa
1480 2192 1649 2231 hostium
1671 2193 1790 2231 claffis
1808 2222 1822 2238 ,
1850 2203 1889 2231 et

492 2260 731 2299 incredibilis
774 2259 874 2312 apud
915 2260 1123 2298 Tenedum
1162 2273 1291 2312 pugna
1328 2258 1393 2297 illa
1432 2259 1574 2297 navalis
1593 2274 1601 2297 :
1642 2259 1766 2298 nostra
1802 2258 1889 2297 sunt

490 2336 653 2378 tropaea,
685 2324 810 2364 nostra
835 2334 1115 2370 monumenta,
1147 2326 1264 2363 nostri
1296 2323 1501 2377 triumphi.
1535 2326 1688 2377 Qare,
1720 2338 1887 2377 quorum

491 2392 654 2444 ingeniis
675 2391 756 2430 haec
778 2391 980 2437 feruntur,
1011 2392 1058 2429 ab
1084 2390 1145 2429 his
1174 2392 1310 2445 populi
1339 2392 1508 2430 Romani
1536 2391 1639 2429 fama
1659 2391 1884 2429 celebratur.

493 2460 612 2497 Carus
645 2458 720 2497 fuit
753 2457 938 2497 Africano
970 2458 1151 2511 superiori
1185 2457 1309 2498 noster
1336 2458 1513 2497 Ennius:
1546 2458 1675 2511 itaque
1703 2458 1817 2496 etiam
1848 2456 1887 2493 in
