2212 2835
478 131 558 182 296
990 127 1392 168 ORATIO

478 243 557 267 non
579 229 653 266 hoc
675 226 923 280 quaerendum
950 226 1127 271 arbitror,
1158 240 1255 265 num
1283 234 1469 279 purgetur
1496 225 1662 279 aliquis;
1694 228 1755 267 sed
1775 242 1872 267 num

478 305 670 347 arguatur.
702 295 862 332 Etenim
878 322 889 338 ,
920 307 1012 331 cum
1033 302 1147 346 negat
1168 293 1203 330 se
1228 293 1321 332 scire
1342 293 1513 339 Carnus,
1546 303 1678 332 utrum
1704 295 1874 334 sublevat

480 362 637 413 Syllam,
669 375 714 400 an
737 361 821 400 satis
843 361 980 414 probat
1001 360 1037 398 se
1057 360 1227 399 nescire?
1261 360 1441 399 Sublevat
1461 361 1561 414 apud
1583 362 1733 400 Gallos.
1767 361 1876 413 Qid

479 429 561 466 ita?
593 442 641 467 ne
673 429 877 467 indicent?
910 427 1050 479 Qid?
1082 428 1108 466 fi
1140 428 1359 480 periculum
1395 427 1466 465 effe
1499 427 1684 481 putasset,
1721 442 1769 466 ne
1804 427 1877 466 ulli

479 509 652 548 unquam
674 495 908 540 indicarent,
940 495 986 532 de
1006 494 1124 547 seipso
1144 493 1332 532 confessus
1353 494 1441 532 effet
1459 494 1472 531 ?
1503 495 1693 534 Nescivit.
1727 494 1875 539 Credo,

478 562 651 613 Judices‚
683 562 852 600 celatum
882 561 952 599 effe
983 561 1154 599 Caffium
1185 561 1232 599 de
1262 560 1363 612 Sylla
1394 574 1497 598 uno:
1533 575 1624 599 nam
1656 561 1703 599 de
1731 560 1876 599 caeteris

479 638 581 667 certe
601 629 768 674 sciebat3
800 638 837 666 et
864 642 906 666 ea
930 628 1040 666 domi
1065 629 1147 680 ejus
1175 628 1355 681 pleraque
1382 627 1545 666 conflata
1572 627 1643 666 effe
1663 628 1873 667 constabat.

480 695 561 743 Qi
596 709 730 747 negare
762 694 892 732 noluit
925 693 997 731 effe
1030 694 1071 731 in
1106 707 1151 731 eo
1180 707 1344 731 numero
1375 694 1533 746 Syllam,
1571 707 1650 746 quo
1679 694 1766 747 plus
1797 692 1876 746 spei

480 761 605 799 Gallis
626 761 730 799 daret
746 790 757 805 ,
789 760 915 798 dicere
935 767 1065 796 autem
1085 758 1224 797 falsum
1246 772 1323 796 non
1345 760 1453 797 ausus
1480 759 1560 805 est3
1591 760 1732 798 nescire
1759 759 1874 798 dixit.

479 827 604 879 Atqui
624 826 699 865 hoc
720 826 966 880 perspicuum
987 824 1053 870 est,
1085 837 1177 862 cum
1206 825 1251 869 is,
1284 824 1351 876 qui
1379 824 1424 862 de
1449 825 1632 863 omnibus
1660 825 1799 870 scierit,
1830 825 1876 870 de

481 894 582 945 Sylla
602 893 637 931 se
658 893 749 931 scire
771 892 944 946 negarit;
976 891 1135 929 eandem
1155 891 1236 929 vim
1256 890 1327 929 effe
1350 890 1566 943 negationis
1594 889 1726 942 hujus,
1758 904 1877 943 quam

479 960 505 999 fi
532 968 637 998 extra
662 959 970 1011 conjurationem
1001 956 1107 995 hunc
1134 956 1203 994 effe
1231 955 1266 994 se
1298 955 1390 993 scire
1421 955 1598 994 dixiffet:
1630 969 1736 1001 narn,
1767 957 1877 1007 cujus

478 1027 678 1065 scientiam
711 1026 757 1064 de
791 1025 975 1064 omnibus
1009 1023 1154 1062 constat
1184 1022 1307 1068 fuisse,
1338 1024 1418 1075 ejus
1450 1023 1641 1075 ignoratio
1671 1023 1717 1061 de
1746 1023 1878 1074 aliquo

479 1093 656 1146 purgatio
688 1092 801 1131 debet
832 1092 968 1130 videri.
1006 1089 1076 1129 Sed
1102 1090 1184 1142 jam
1216 1103 1295 1127 non
1327 1102 1477 1141 quaero,
1513 1097 1700 1142 purgetne
1732 1088 1878 1127 Caffius

481 1162 624 1213 Syllam
643 1179 655 1206 ς
688 1160 787 1198 illud
808 1158 907 1198 mihi
931 1167 1081 1196 tantum
1103 1156 1187 1195 satis
1208 1157 1274 1202 est,
1306 1166 1437 1195 contra
1458 1156 1600 1209 Syllam
1623 1154 1723 1195 nihil
1745 1155 1816 1194 effe
1834 1157 1877 1196 in

480 1228 641 1266 indicio.
1183 1224 1187 1236 ¹

536 1294 650 1332 XIV.
684 1292 876 1331 Exclusus
910 1291 982 1330 hac
1017 1291 1287 1330 criminatione
1322 1291 1544 1343 Torquatus
1580 1289 1704 1328 rursus
1739 1289 1779 1327 in
1812 1301 1879 1327 me

481 1360 607 1404 irruit,
643 1373 708 1398 me
739 1358 915 1397 accusat:
953 1358 1005 1396 ait
1040 1371 1104 1396 me
1137 1357 1258 1402 aliter,
1290 1371 1332 1395 ac
1368 1357 1518 1395 dierum
1555 1356 1621 1402 est,
1654 1356 1694 1394 in
1728 1355 1900 1394 tabulas-

481 1426 656 1480 publicas
677 1425 855 1464 retuliffe.
890 1426 926 1462 O
950 1424 1019 1463 Dii
1040 1424 1280 1462 immortales
1301 1424 1308 1460 !
1344 1424 1480 1475 (vobis
1501 1424 1607 1462 enim
1627 1423 1771 1467 tribuo,
1793 1435 1878 1474 quae

481 1493 597 1532 vestra
615 1493 726 1531 sunt:
759 1505 829 1530 nec
850 1505 938 1530 vero
959 1491 1110 1544 poffum
1130 1504 1218 1529 meo
1245 1499 1398 1528 tantum
1425 1491 1582 1543 ingenio
1609 1490 1720 1534 dare,
1752 1498 1795 1527 ut
1821 1497 1880 1527 tot

481 1574 552 1605 res,
585 1570 720 1604 tantas,
752 1568 832 1597 tam
862 1559 994 1603 varias,
1026 1567 1107 1596 tam
1135 1558 1364 1611 repentinas,
1396 1557 1435 1594 in
1463 1556 1529 1595 illa
1557 1554 1881 1596 turbulentiffima

482 1627 705 1680 tempestate
725 1625 962 1679 reipublicae,
984 1638 1070 1663 mea
1089 1626 1223 1678 sponte
1244 1624 1493 1677 dispexerim)
1517 1637 1582 1663 vos
1602 1622 1774 1677 profecto
1793 1622 1879 1661 ani-

481 1708 591 1732 mum
615 1707 748 1732 meum
769 1702 856 1731 tum
877 1691 1139 1731 conservandae
1159 1692 1288 1743 patriae
1309 1691 1520 1743 cupiditate
1538 1689 1780 1734 incendistis;
1812 1702 1878 1727 vos

482 1774 544 1797 me
566 1760 612 1797 ab
634 1759 817 1797 omnibus
839 1758 982 1796 caeteris
1003 1756 1305 1810 cogitationibus
1327 1756 1372 1793 ad
1395 1769 1510 1793 unam
1533 1755 1691 1792 salutem
1719 1753 1877 1806 reipub-

481 1826 564 1864 licae
585 1824 821 1863 convertistis
838 1842 851 1868 ,ς
883 1837 949 1861 vos
968 1823 1160 1875 denique,
1192 1822 1232 1860 in
1258 1821 1373 1859 tantis
1402 1821 1568 1858 tenebris
1597 1820 1732 1858 erroris
1757 1828 1794 1858 et
1815 1819 1877 1857 in-

481 1893 659 1936 scientiae,
690 1890 939 1928 clariffimum
962 1889 1096 1927 lumen
1117 1888 1334 1942 praetulistis
1357 1888 1479 1926 menti
1501 1901 1606 1925 meae.

537 1958 628 1996 Vidi
650 1972 721 2010 ego
742 1955 830 2001 hoc,
859 1956 1031 2008 judices,
1064 1955 1146 2000 nifi,
1178 1955 1320 1993 recenti
1342 1954 1530 1993 memoria
1551 1954 1714 1998 senatuS,
1746 1954 1878 1991 aueto-

481 2026 632 2063 ritatem
654 2023 769 2075 hujus
791 2023 926 2060 indicii
956 2022 1220 2060 monumentis
1240 2021 1407 2074 publicis
1429 2020 1580 2058 testatus
1602 2019 1714 2058 effem
1730 2048 1740 2064 ‚
1772 2017 1877 2064 fore,

483 2102 525 2131 ut
546 2090 752 2143 aliquando
774 2103 851 2128 non
873 2091 1110 2141 Torquatus,
1144 2101 1268 2140 neque
1290 2087 1481 2139 Torquati
1509 2086 1696 2139 quispiam
1726 2085 1875 2131 similis,

484 2161 497 2212 (
515 2172 602 2196 nam
624 2157 663 2195 id
685 2170 747 2195 me
769 2156 939 2194 multum
960 2154 1128 2206 fefellit)
1159 2154 1220 2192 sed
1245 2162 1286 2192 ut
1307 2154 1444 2206 aliquis
1467 2152 1702 2206 patrimonio
1723 2150 1876 2190 naufra-

481 2239 577 2280 gus,
610 2224 792 2263 inimicus
829 2224 923 2268 otii,
956 2223 1148 2260 bonorum
1183 2221 1326 2266 hostis,
1358 2221 1465 2258 aliter
1498 2220 1664 2257 indicata
1695 2218 1777 2258 haec
1808 2219 1879 2257 effe

482 2294 640 2337 diceret,
663 2304 741 2344 quo
762 2289 927 2336 facilius,
951 2298 1064 2327 vento
1085 2288 1213 2341 aliquo
1236 2288 1274 2325 in
1295 2288 1491 2341 optimum
1515 2299 1711 2339 quemque
1731 2286 1877 2325 excita-

483 2369 535 2404 to,
562 2359 681 2412 poffet
702 2359 739 2395 in
762 2357 873 2395 malis
896 2355 1116 2409 reipublicae
1137 2363 1293 2408 portum
1315 2354 1470 2392 suorum
1492 2354 1685 2392 malorum
1706 2352 1877 2404 aliquem

479 2427 664 2465 invenire.
708 2426 855 2478 Itaque,
895 2423 1121 2462 introductis
1156 2422 1197 2460 in
1235 2421 1410 2460 senatum
1447 2420 1655 2467 indicibus,
1695 2417 1875 2458 constitui
