2212 2835
499 171 589 209 DE
648 168 1122 210 HARUSPICUM
1180 168 1574 208 RESPONSIS.
1659 180 1740 224 427

343 261 555 314 porticum,
579 276 667 315 quae
687 262 833 301 Palatio
853 261 1093 315 responderet
1109 280 1120 306 3
1152 272 1254 300 certe
1274 261 1374 301 mihi
1394 264 1498 303 exire
1516 263 1634 303 domo
1655 277 1741 303 mea

345 327 391 365 ad
424 330 620 381 privatum
649 329 824 368 dolorem
854 327 932 367 fuit
960 327 1194 374 lmstuosum,
1224 330 1270 366 ad
1299 330 1487 369 rationem
1519 331 1741 384 reipublicae

343 395 569 448 gloriosum.

400 463 555 502 XXIV.
587 463 739 501 Videtis
771 463 914 516 igitur,
945 461 1148 500 hominem
1167 491 1177 507 ‚
1209 476 1276 515 per
1310 463 1476 516 seipsum
1504 465 1740 517 jampridem

345 528 533 568 afflictum
551 543 594 568 ac
607 531 818 582 jacentem,
835 528 1054 581 perniciosis
1070 529 1322 581 optimatium
1343 529 1540 568 discordiis
1561 532 1738 570 excitari:

345 596 457 646 cujus
484 595 595 633 initia
620 595 759 633 furoris
788 594 1078 634 diffenfionibus
1102 607 1239 633 eorum
1257 624 1268 639 ,
1300 595 1369 647 qui
1397 604 1484 634 tum
1505 610 1525 634 a
1546 597 1654 635 vobis
1684 597 1740 635 se-

336 661 468 712 juncti
502 661 756 706 videbantur,
786 660 990 699 sustentata
1023 660 1124 699 sunt.
1165 661 1333 713 Reliqua
1355 663 1439 714 jam
1469 663 1742 716 praecipitantis

345 726 579 772 tribunatus,
611 728 727 765 etiam
759 727 843 779 post
868 726 1130 771 tribunatum,
1162 727 1432 767 obtrectatores
1461 742 1598 768 eorum
1627 739 1745 782 atque

343 792 541 831 adversarii
562 792 818 832 defenderunt
837 807 846 831 :
869 806 917 831 ne
938 806 959 831 a
977 793 1175 846 republica
1194 793 1415 847 reipublicae
1434 795 1546 848 pestis
1567 809 1743 835 remove-

344 868 463 904 retur,
486 859 730 904 restiterunt3
758 860 894 905 etiam,
917 873 964 898 ne
983 859 1134 898 causam
1155 860 1298 899 diceret
1314 879 1325 906 ς
1353 862 1485 907 etiam,
1506 875 1554 901 ne
1573 864 1745 916 privatus

346 924 450 965 effet.
482 926 665 965 Etiamne
684 926 726 964 in
747 926 843 971 finu,
866 935 981 979 atque
1001 926 1041 964 in
1063 925 1225 970 deliciis,
1248 927 1409 979 quidam
1428 929 1571 982 optimi
1590 929 1663 968 viri
1683 930 1744 968 vi-

344 1005 479 1045 peram
507 992 617 1031 illam
648 1002 875 1031 venenatam
904 1006 947 1030 ac
975 991 1194 1045 pestiferam
1223 992 1365 1032 habere
1392 997 1635 1048 potuerunt?
1667 1010 1748 1049 quo

346 1058 505 1097 tandem
525 1059 679 1112 decepti
699 1072 860 1098 munere
877 1059 890 1096 ?
922 1058 1039 1104 Volo,
1070 1059 1270 1112 inqqunt,
1301 1060 1386 1106 effe,
1407 1061 1476 1114 qui
1497 1062 1538 1100 in
1558 1063 1748 1101 concione

348 1123 521 1164 detrahat
541 1125 588 1163 de
607 1125 810 1179 Pompeio.
834 1124 1022 1164 Detrahat
1041 1124 1107 1163 ille
1127 1126 1378 1178 vituperando
1399 1127 1411 1164 ?
1434 1127 1581 1172 Velim,
1602 1129 1652 1167 fic
1671 1127 1747 1168 hoc

349 1190 407 1229 vir
426 1191 616 1237 summus,
647 1201 762 1245 atque
781 1192 930 1245 optime
951 1191 997 1229 de
1018 1204 1103 1229 mea
1121 1191 1238 1230 salute
1258 1193 1434 1239 meritus,
1465 1195 1642 1247 accipiat,
1667 1205 1707 1233 ut
1727 1209 1748 1233 a

348 1270 414 1295 me
433 1257 575 1296 dicitur
593 1273 602 1295 :
634 1258 762 1296 dicam
783 1258 946 1310 quidem
967 1267 1069 1296 certe
1085 1287 1097 1302 ‚
1128 1259 1233 1310 quod
1253 1259 1387 1298 sentio.
1428 1258 1566 1305 Mihi,
1597 1261 1747 1299 medius

342 1323 478 1370 fidius,
510 1333 596 1363 tum
617 1324 663 1362 de
681 1325 787 1363 illius
809 1324 1040 1378 ampliffima
1060 1324 1247 1378 dignitate
1266 1324 1476 1372 detrahere,
1507 1340 1599 1367 cum
1621 1329 1747 1367 maxi-

350 1390 426 1429 mis
446 1390 626 1429 laudibus
647 1389 841 1435 efferebat,
873 1390 1086 1429 videbatur.

406 1458 555 1496 Utrum
587 1457 743 1496 tandem
775 1458 824 1495 C.
847 1457 1000 1495 Marius
1032 1456 1280 1509 splendidior,
1311 1470 1403 1496 cum
1431 1471 1522 1496 eum
1550 1461 1598 1498 C.
1623 1460 1751 1499 Glau-

349 1523 411 1561 cia
429 1523 620 1569 laudabat,
652 1536 699 1561 an
721 1536 813 1560 cum
834 1522 1001 1560 eundern
1021 1523 1138 1560 iratus
1160 1523 1286 1576 postea
1304 1523 1546 1577 vituperabat
1565 1527 1577 1562 ?
1599 1528 1664 1564 An
1686 1527 1751 1564 ille

353 1590 539 1634 demens,
570 1598 607 1628 et
635 1588 871 1642 jampridem
907 1588 952 1626 ad
986 1602 1142 1641 poenam
1175 1589 1418 1642 exitiumque
1447 1605 1642 1644 praeceps,
1674 1592 1750 1630 foe-

355 1657 439 1695 dior
470 1665 585 1708 atque
614 1656 851 1708 inquinatior
883 1656 924 1693 in
960 1657 1036 1694 Cn.
1068 1656 1256 1708 Pompeio
1290 1657 1527 1703 accusando,
1559 1672 1677 1710 quam
1711 1661 1753 1698 in.

355 1722 531 1761 universo
552 1722 681 1760 senatu
702 1722 967 1775 vituperando,
989 1721 1065 1760 fuit
1085 1723 1097 1760 ?
1121 1723 1225 1775 quod
1246 1723 1405 1776 quidem
1427 1725 1559 1770 miror,
1581 1739 1674 1764 cum
1695 1725 1752 1764 al-

354 1799 483 1828 terum
517 1797 670 1841 gratum
703 1787 749 1826 fit
783 1788 902 1833 iratis,
933 1788 1099 1827 alterum
1130 1787 1202 1826 effe
1232 1798 1313 1827 tam
1344 1789 1456 1828 bonis
1491 1790 1641 1830 cIVibus
1675 1805 1754 1831 non

356 1854 552 1893 acerbum.
586 1853 671 1898 Sed,
699 1866 747 1891 ne
768 1853 807 1891 id
827 1854 927 1893 viros
948 1854 1118 1907 optimos
1139 1854 1285 1893 diutius
1308 1855 1484 1900 delectet,
1506 1856 1635 1909 legant
1654 1856 1754 1896 hanc

355 1921 437 1972 ejus
458 1920 688 1958 concionem
706 1948 718 1964 ,
749 1919 796 1957 de
822 1933 898 1972 qua
916 1920 1083 1973 loquor:
1114 1920 1156 1958 in
1176 1934 1253 1973 qua
1277 1922 1511 1974 Pompeium
1538 1932 1648 1961 ornat
1664 1952 1676 1969 ‚
1707 1936 1755 1962 an

356 1986 485 2037 potius
519 1984 740 2024 deformat?
773 1986 888 2024 Certe
920 1986 1063 2032 laudat,
1095 1995 1134 2025 et
1167 2000 1291 2025 unum
1322 1986 1392 2025 esse
1422 1988 1463 2026 in
1496 1987 1568 2027 hac
1599 1989 1754 2028 civitate

355 2052 522 2105 dignum
541 2051 657 2104 hujus
677 2052 832 2105 imperii
851 2052 972 2105 gloria
992 2053 1088 2092 dicit
1103 2071 1114 2099 ς
1147 2063 1185 2092 et
1204 2053 1406 2107 fignificat,
1437 2055 1473 2093 se
1493 2055 1553 2094 illi
1572 2055 1753 2094 amiciffi-

360 2133 472 2158 mum
493 2118 578 2165 effe,
609 2128 648 2157 et
668 2120 1022 2158 reconciliationem
1045 2120 1115 2158 effe
1134 2122 1263 2174 gratiae
1282 2121 1437 2161 faecam.

417 2185 536 2238 Qod
566 2199 638 2238 ego
671 2199 909 2239 quanquam,
941 2187 1036 2239 quid
1069 2187 1128 2232 fit,
1159 2186 1313 2233 nescio,
1346 2196 1475 2226 tamen
1509 2187 1584 2226 hoc
1617 2188 1751 2231 statuo,

361 2252 467 2290 hunc
485 2281 495 2296 ,
526 2252 553 2290 fi
579 2252 724 2290 amicus
752 2253 839 2291 effet
865 2253 1081 2307 Pompeio,
1111 2253 1356 2291 laudaturum
1383 2254 1497 2291 illum
1525 2267 1600 2291 non
1627 2252 1750 2291 fuiffe.

362 2318 472 2369 Qid
492 2318 596 2356 enim
616 2346 627 2362 ,
659 2317 685 2356 fi
711 2318 770 2356 illi
798 2319 1083 2358 inimicissimus
1103 2318 1190 2357 esset
1206 2348 1217 2364 ,
1249 2315 1414 2371 amplius⁴
1435 2319 1480 2355 ad
1500 2319 1580 2370 ejus
1601 2317 1754 2356 laudem

363 2385 612 2423 minuendam
633 2383 756 2422 facere
775 2385 978 2438 potuiffet?
999 2387 1164 2424 Videant
1184 2386 1227 2430 ii,
1246 2386 1314 2437 qui
1334 2385 1448 2423 illum
1471 2386 1546 2423 Cn.
1568 2386 1755 2438 Pompeio

362 2452 572 2490 inimicum
598 2449 668 2489 effe
693 2451 937 2503 gaudebant,
968 2451 1019 2490 ob
1047 2464 1209 2503 eamque
1234 2450 1382 2488 causam
1412 2451 1452 2488 in
1479 2460 1536 2489 tot
1565 2451 1754 2504 tantisque

1241 2516 1450 2555 Hhhz
