2212 2835
409 150 485 188 260
908 147 1308 186 ORATIO

405 244 528 282 vivere
550 253 634 282 tuos
655 244 944 282 contubernales
964 262 976 289 3
1007 243 1213 296 praesertim
1241 243 1345 297 quod
1370 251 1434 283 tua
1453 244 1684 297 negligentia
1703 244 1786 284 fac-

407 318 491 347 tum
517 310 770 347 arbitremur:
802 308 956 348 homini
982 310 1086 348 enim
1116 309 1275 363 Phrygi,
1306 311 1375 363 qui
1400 311 1573 349 arborem
1598 310 1665 349 fici
1684 324 1785 348 nun-

405 389 521 426 quam
556 374 716 420 vidiffet,
749 375 921 413 fiscinam
956 375 1120 414 ficorum
1154 376 1338 429 objecisti.
1374 378 1496 428 Cujus
1531 390 1633 415 mors
1668 385 1706 414 te
1740 389 1787 414 ex

405 440 530 491 aliqua
549 449 653 492 parte
680 440 883 479 relevavit:
915 441 1070 479 edacem
1098 442 1202 480 enim
1229 441 1420 495 hospitem
1448 442 1614 480 amifisti.
1647 441 1789 480 Flacco

404 520 491 544 vero
511 507 604 558 quid
625 506 785 559 profuit,
816 507 885 558 qui
907 508 1024 546 valuit
1044 508 1205 553 tamdiu,
1237 509 1332 547 dum
1356 508 1434 547 huc
1454 509 1647 562 prodiret3
1680 521 1786 546 mor-

406 579 494 609 tuus
530 572 595 616 est,
626 572 757 610 aculeo
788 573 870 624 jam
906 572 1070 618 dimiffo,
1101 587 1143 612 ac
1177 574 1279 612 dieto
1314 574 1562 613 testimonio?
1600 575 1655 612 At
1688 573 1788 611 istud

404 637 583 679 columen
606 639 762 676 aetionis
783 648 856 676 tuae
877 638 1139 684 Mithridates,
1160 638 1419 692 posteaquam,
1436 640 1602 679 biduum
1622 648 1789 678 retentus

405 703 506 741 testis
527 717 547 740 a
567 704 692 748 nobis,
714 703 864 747 effudit,
897 718 980 755 quae
1000 704 1135 749 voluit,
1166 707 1309 750 onmia,
1341 705 1597 758 reprehensus,
1629 705 1788 744 convic-

406 778 481 813 tus,
514 767 727 820 frac‘tusque
760 768 946 813 disceffit;
983 769 1156 807 ambulat
1188 784 1279 808 cum
1314 771 1456 809 lorica:
1494 772 1635 810 metuit
1667 770 1789 809 homo

407 834 539 872 doetus
566 843 603 870 et
630 834 787 886 sapiens,
820 847 866 871 ne
897 835 945 871 L.
966 834 1126 872 Flaccus
1158 849 1262 873 nunc
1294 835 1430 873 scelere
1461 836 1496 873 se
1521 836 1666 888 alliget,
1696 850 1789 874 cum

399 901 481 952 jam
503 899 633 937 testem
655 899 767 936 illum
789 898 956 951 effugere
976 914 1053 938 non
1074 900 1209 953 poffit;
1241 910 1298 946 ut,
1319 902 1386 953 qui
1406 909 1492 939 ante
1513 902 1661 940 dietum
1683 902 1789 941 testi—

406 967 584 1004 monium
616 966 683 1003 s1bi
716 967 948 1018 temperarit,
980 980 1071 1005 cum
1105 976 1231 1005 tamen
1260 967 1407 1019 aliquid
1433 967 1570 1020 affequi
1598 967 1728 1021 poffet,
1760 968 1790 1006 is

405 1046 508 1070 nunc
539 1032 578 1069 id
606 1042 704 1084 agat,
737 1042 779 1070 ut
805 1033 851 1069 ad
877 1031 1015 1070 falsum
1042 1034 1204 1072 avaritiae
1231 1033 1496 1072 testimonium
1525 1048 1656 1073 verum
1677 1035 1792 1073 etiam

406 1098 584 1137 maleficii
605 1099 751 1136 crimen
773 1099 966 1151 adjungat.
999 1100 1071 1137 Sed
1091 1100 1136 1137 de
1156 1099 1231 1137 hoc
1256 1100 1359 1145 teste,
1392 1109 1551 1152 totoque
1576 1100 1791 1139 Mithrida-

406 1165 498 1209 tico,
529 1163 699 1202 differuit
730 1173 768 1202 et
797 1164 987 1201 subtiliter
1017 1173 1055 1202 et
1089 1164 1238 1217 copiose
1270 1166 1601 1217 QHortenfius:
1634 1180 1717 1212 nos,
1749 1175 1793 1204 ut

406 1230 658 1274 instituimus,
689 1229 735 1266 ad
756 1229 901 1281 reliqua
920 1243 1134 1282 pergamus.

461 1296 615 1334 XVIII.
649 1296 777 1346 Caput
810 1295 862 1333 est
893 1296 1074 1334 omnium
1104 1298 1330 1336 Graecorum
1360 1298 1692 1343 concitandorum,
1723 1298 1792 1350 qui

407 1375 498 1399 cum
519 1360 799 1398 accusatoribus
821 1360 934 1406 sedet,
967 1362 1191 1400 Heraclides
1213 1363 1278 1400 ille
1299 1364 1516 1408 Temnites,
1543 1362 1662 1403 homo
1682 1364 1791 1416 inep-

408 1437 469 1465 tus
496 1435 534 1464 et
561 1426 716 1478 loquax,
747 1426 822 1470 sed,
855 1435 897 1464 ut
922 1427 990 1464 fibi
1011 1427 1173 1472 videtur,
1204 1429 1255 1466 ita
1275 1429 1421 1473 doetus,
1454 1438 1497 1467 ut
1514 1430 1630 1467 etiam
1651 1430 1792 1482 magis-

409 1502 514 1532 trum
534 1493 690 1530 illorum
711 1493 746 1529 se
765 1492 835 1530 effe
855 1492 982 1537 dicat,
1015 1502 1053 1531 et
1073 1495 1140 1545 qui
1168 1494 1221 1531 ita
1248 1494 1292 1532 s1t
1320 1495 1558 1540 ambitiosus,
1590 1505 1633 1533 ut
1658 1509 1792 1534 omnes

408 1572 474 1597 vos
495 1558 637 1610 nosque
657 1557 831 1610 quotidie
850 1558 1064 1610 persalutet.
1088 1559 1233 1597 Temni
1254 1559 1372 1612 usque
1391 1561 1437 1598 ad
1456 1561 1565 1598 illam
1586 1569 1733 1599 aetatem
1754 1561 1795 1599 in

410 1625 583 1662 senatum
602 1623 729 1661 venire
749 1636 827 1660 non
848 1624 975 1676 potuit
993 1639 1002 1662 :
1034 1633 1085 1668 et,
1106 1625 1174 1676 qui
1194 1625 1228 1662 se
1248 1634 1369 1664 artem
1390 1625 1542 1664 dicendi
1563 1626 1795 1664 traditurum

409 1691 524 1728 etiam
545 1689 688 1731 caeteris
708 1689 944 1742 profiteatur,
975 1689 1051 1743 ipse
1071 1691 1253 1729 omnibus
1274 1691 1497 1744 turpiffimis
1520 1692 1678 1744 judiciis
1698 1706 1794 1731 cou-

410 1757 530 1794 victus
551 1756 617 1794 est.

465 1823 550 1860 Pari
586 1821 768 1864 felicitate
804 1835 878 1859 una
907 1823 1052 1874 legatus
1083 1821 1187 1860 venit
1217 1822 1467 1867 Nicomedes,
1499 1823 1567 1875 qui
1597 1837 1721 1875 neque
1752 1824 1792 1861 in

411 1890 582 1927 senatum
604 1889 681 1926 ulla
701 1889 921 1927 conditione
942 1890 1135 1941 pervenire
1154 1890 1295 1942 potuit,
1326 1899 1364 1928 et
1383 1889 1491 1936 furti,
1521 1899 1559 1928 et
1579 1905 1647 1943 pro
1679 1891 1793 1936 socio,

411 1955 611 1993 damnatus
632 1955 697 1993 est.
730 1955 835 1993 Nam
855 1956 1030 2008 prInceps
1051 1957 1250 2009 legationis
1278 1957 1455 2008 Lysanias
1483 1957 1640 2009 adeptus
1661 1957 1712 1995 est
1732 1971 1795 1995 or-

411 2021 543 2059 dinem
565 2020 820 2065 senatorium3
850 2020 925 2066 sed,
947 2036 1037 2060 cum
1059 2022 1340 2075 rempublicam
1360 2023 1528 2061 nimium
1549 2023 1796 2076 amplectere-

412 2097 487 2132 tur,
518 2087 715 2140 peculatus
746 2087 946 2126 damnatus
977 2098 1015 2126 et
1045 2088 1143 2127 bona
1170 2098 1207 2127 et
1234 2089 1463 2128 senatorium
1494 2103 1634 2128 nomen
1655 2090 1792 2129 amifit.

414 2154 470 2192 Hi
503 2163 576 2191 tres
608 2153 724 2191 etiam
754 2154 871 2192 aerarii
902 2154 1015 2192 nostri
1046 2155 1190 2194 tabulas
1220 2155 1326 2194 falsas
1355 2156 1425 2194 effe
1445 2156 1674 2194 voluerunt:
1707 2170 1797 2194 nam

414 2220 532 2258 servos
554 2233 695 2257 novem
715 2219 750 2257 se
771 2219 920 2272 profeffi
942 2220 1027 2258 sunt
1053 2220 1204 2266 habere,
1235 2235 1327 2260 cum
1358 2222 1517 2260 omnino
1549 2223 1624 2260 fine
1652 2218 1796 2261 comite

414 2285 607 2324 veniffent.
641 2286 807 2324 Decrcto
837 2286 1034 2325 scribendo
1064 2288 1236 2340 primum
1263 2288 1373 2326 video
1399 2288 1542 2326 affuiffe
1563 2288 1794 2339 Lysaniam:

413 2353 520 2403 cujus
542 2352 664 2390 fratris
686 2352 798 2397 bona,
829 2353 932 2405 quod
954 2354 984 2391 is
1005 2354 1150 2407 populo
1171 2368 1247 2392 non
1269 2355 1448 2400 solvebat,
1479 2364 1636 2408 praetore
1656 2355 1797 2394 Flacco

416 2418 568 2470 publice
602 2419 814 2457 venierunt.
856 2421 1037 2458 Praeterea
1067 2419 1272 2474 Philippus
1301 2421 1367 2467 est,
1399 2421 1568 2474 Lysaniae
1600 2435 1726 2474 gener,
1759 2429 1797 2458 et
