<?xml version="1.0" encoding="UTF-8"?>
<!DOCTYPE html PUBLIC "-//W3C//DTD XHTML 1.0 Transitional//EN"
    "http://www.w3.org/TR/xhtml1/DTD/xhtml1-transitional.dtd">
<html xmlns="http://www.w3.org/1999/xhtml" xml:lang="en" lang="en">
 <head>
  <title>
</title>
<meta http-equiv="Content-Type" content="text/html;charset=utf-8" />
  <meta name='ocr-system' content='tesseract 3.04.00' />
  <meta name='ocr-capabilities' content='ocr_page ocr_carea ocr_par ocr_line ocrx_word'/>
</head>
<body>
  <div class='ocr_page' id='page_1' title='image "./operacumindicibu05ciceuoft_0418.png"; bbox 0 0 2212 2835; ppageno 0'>
   <div class='ocr_carea' id='block_1_1' title="bbox 501 174 1400 229">
    <p class='ocr_par' dir='ltr' id='par_1_1' title="bbox 501 174 1400 229">
     <span class='ocr_line' id='line_1_1' title="bbox 501 174 1400 229; baseline -0.006 -12"><span class='ocrx_word' id='word_1_1' title='bbox 501 191 583 229; x_wconf 70' lang='lat'>404</span> <span class='ocrx_word' id='word_1_2' title='bbox 998 174 1400 213; x_wconf 91' lang='lat' dir='ltr'>ORATIO</span> 
     </span>
    </p>
   </div>
   <div class='ocr_carea' id='block_1_2' title="bbox 502 274 1952 2516">
    <p class='ocr_par' dir='ltr' id='par_1_2' title="bbox 502 274 1952 2450">
     <span class='ocr_line' id='line_1_2' title="bbox 558 274 1895 331; baseline -0.001 -15"><span class='ocrx_word' id='word_1_3' title='bbox 558 278 687 317; x_wconf 89' lang='lat' dir='ltr'>LVII.</span> <span class='ocrx_word' id='word_1_4' title='bbox 721 277 917 329; x_wconf 85' lang='lat' dir='ltr'>roirca</span> <span class='ocrx_word' id='word_1_5' title='bbox 937 285 972 315; x_wconf 85' lang='lat' dir='ltr'>te</span> <span class='ocrx_word' id='word_1_6' title='bbox 986 306 997 322; x_wconf 91' lang='lat'><strong>,</strong></span> <span class='ocrx_word' id='word_1_7' title='bbox 1030 276 1275 331; x_wconf 79' lang='lat' dir='ltr'>Capitoline,</span> <span class='ocrx_word' id='word_1_8' title='bbox 1307 288 1426 329; x_wconf 84' lang='lat' dir='ltr'>quem</span> <span class='ocrx_word' id='word_1_9' title='bbox 1447 282 1601 329; x_wconf 87' lang='lat' dir='ltr'>propter</span> <span class='ocrx_word' id='word_1_10' title='bbox 1619 274 1804 314; x_wconf 83' lang='lat' dir='ltr'>beneficia</span> <span class='ocrx_word' id='word_1_11' title='bbox 1823 290 1895 330; x_wconf 88' lang='lat' dir='ltr'>po-</span> 
     </span>
     <span class='ocr_line' id='line_1_3' title="bbox 502 342 1896 397; baseline -0.001 -15"><span class='ocrx_word' id='word_1_12' title='bbox 502 345 617 397; x_wconf 79' lang='lat' dir='ltr'>pulus</span> <span class='ocrx_word' id='word_1_13' title='bbox 639 345 839 382; x_wconf 88' lang='lat' dir='ltr'>Romanus</span> <span class='ocrx_word' id='word_1_14' title='bbox 862 343 1088 396; x_wconf 87' lang='lat' dir='ltr'>Optimum,</span> <span class='ocrx_word' id='word_1_15' title='bbox 1120 351 1275 396; x_wconf 90' lang='lat' dir='ltr'>propter</span> <span class='ocrx_word' id='word_1_16' title='bbox 1295 342 1376 380; x_wconf 91' lang='lat' dir='ltr'>vim</span> <span class='ocrx_word' id='word_1_17' title='bbox 1398 342 1639 389; x_wconf 81' lang='lat' dir='ltr'>Maximum,</span> <span class='ocrx_word' id='word_1_18' title='bbox 1666 343 1896 387; x_wconf 88' lang='lat' dir='ltr'>nominavit,</span> 
     </span>
     <span class='ocr_line' id='line_1_4' title="bbox 502 408 1899 463; baseline -0.002 -14"><span class='ocrx_word' id='word_1_19' title='bbox 502 421 636 463; x_wconf 77' lang='lat' dir='ltr'>teque,</span> <span class='ocrx_word' id='word_1_20' title='bbox 668 411 772 462; x_wconf 87' lang='lat' dir='ltr'>Juno</span> <span class='ocrx_word' id='word_1_21' title='bbox 794 411 940 462; x_wconf 83' lang='lat' dir='ltr'>regina,</span> <span class='ocrx_word' id='word_1_22' title='bbox 972 419 1009 448; x_wconf 91' lang='lat' dir='ltr'>et</span> <span class='ocrx_word' id='word_1_23' title='bbox 1031 419 1086 454; x_wconf 92' lang='lat' dir='ltr'>te,</span> <span class='ocrx_word' id='word_1_24' title='bbox 1118 409 1242 447; x_wconf 87' lang='lat' dir='ltr'>custos</span> <span class='ocrx_word' id='word_1_25' title='bbox 1265 409 1390 454; x_wconf 84' lang='lat' dir='ltr'>urbis,</span> <span class='ocrx_word' id='word_1_26' title='bbox 1422 408 1615 455; x_wconf 87' lang='lat' dir='ltr'>Minerva,</span> <span class='ocrx_word' id='word_1_27' title='bbox 1646 423 1730 462; x_wconf 85' lang='lat' dir='ltr'>quae</span> <span class='ocrx_word' id='word_1_28' title='bbox 1750 409 1899 462; x_wconf 86' lang='lat' dir='ltr'>semper</span> 
     </span>
     <span class='ocr_line' id='line_1_5' title="bbox 503 474 1901 530; baseline -0.003 -14"><span class='ocrx_word' id='word_1_29' title='bbox 503 478 670 530; x_wconf 84' lang='lat' dir='ltr'>adjutrix</span> <span class='ocrx_word' id='word_1_30' title='bbox 690 476 938 515; x_wconf 84' lang='lat' dir='ltr'>consiliorum</span> <span class='ocrx_word' id='word_1_31' title='bbox 960 489 1138 513; x_wconf 88' lang='lat' dir='ltr'>meorum</span> <span class='ocrx_word' id='word_1_32' title='bbox 1154 504 1164 520; x_wconf 92' lang='lat'><strong>,</strong></span> <span class='ocrx_word' id='word_1_33' title='bbox 1196 475 1297 513; x_wconf 87' lang='lat' dir='ltr'>testis</span> <span class='ocrx_word' id='word_1_34' title='bbox 1318 474 1521 519; x_wconf 87' lang='lat' dir='ltr'>laborum,</span> <span class='ocrx_word' id='word_1_35' title='bbox 1552 475 1735 520; x_wconf 86' lang='lat' dir='ltr'>extitisti,</span> <span class='ocrx_word' id='word_1_36' title='bbox 1766 487 1901 528; x_wconf 88' lang='lat' dir='ltr'>precor</span> 
     </span>
     <span class='ocr_line' id='line_1_6' title="bbox 504 540 1900 595; baseline -0.001 -14"><span class='ocrx_word' id='word_1_37' title='bbox 504 557 546 582; x_wconf 89' lang='lat' dir='ltr'>ac</span> <span class='ocrx_word' id='word_1_38' title='bbox 568 542 720 595; x_wconf 82' lang='lat' dir='ltr'>quaes03</span> <span class='ocrx_word' id='word_1_39' title='bbox 753 541 894 594; x_wconf 86' lang='lat' dir='ltr'>vosque</span> <span class='ocrx_word' id='word_1_40' title='bbox 910 570 921 586; x_wconf 91' lang='lat'>‚</span> <span class='ocrx_word' id='word_1_41' title='bbox 953 541 1021 593; x_wconf 91' lang='lat' dir='ltr'>qui</span> <span class='ocrx_word' id='word_1_42' title='bbox 1043 541 1212 579; x_wconf 82' lang='lat' dir='ltr'>maxime</span> <span class='ocrx_word' id='word_1_43' title='bbox 1234 554 1296 578; x_wconf 92' lang='lat' dir='ltr'>me</span> <span class='ocrx_word' id='word_1_44' title='bbox 1324 541 1507 593; x_wconf 85' lang='lat' dir='ltr'>repetistis</span> <span class='ocrx_word' id='word_1_45' title='bbox 1534 550 1648 593; x_wconf 86' lang='lat' dir='ltr'>atque</span> <span class='ocrx_word' id='word_1_46' title='bbox 1674 540 1871 579; x_wconf 84' lang='lat' dir='ltr'>revocastis</span> <span class='ocrx_word' id='word_1_47' title='bbox 1889 568 1900 585; x_wconf 93' lang='lat'><em>,</em></span> 
     </span>
     <span class='ocr_line' id='line_1_7' title="bbox 505 605 1903 661; baseline -0.003 -13"><span class='ocrx_word' id='word_1_48' title='bbox 505 623 674 661; x_wconf 87' lang='lat' dir='ltr'>quorum</span> <span class='ocrx_word' id='word_1_49' title='bbox 708 609 755 646; x_wconf 88' lang='lat' dir='ltr'>de</span> <span class='ocrx_word' id='word_1_50' title='bbox 790 608 939 645; x_wconf 84' lang='lat' dir='ltr'>sedibus</span> <span class='ocrx_word' id='word_1_51' title='bbox 975 606 1056 645; x_wconf 80' lang='lat' dir='ltr'>haec</span> <span class='ocrx_word' id='word_1_52' title='bbox 1092 605 1190 645; x_wconf 90' lang='lat' dir='ltr'>mihi</span> <span class='ocrx_word' id='word_1_53' title='bbox 1227 607 1417 660; x_wconf 87' lang='lat' dir='ltr'>propofita</span> <span class='ocrx_word' id='word_1_54' title='bbox 1451 607 1504 645; x_wconf 86' lang='lat' dir='ltr'>est</span> <span class='ocrx_word' id='word_1_55' title='bbox 1531 608 1759 652; x_wconf 90' lang='lat' dir='ltr'>contentio,</span> <span class='ocrx_word' id='word_1_56' title='bbox 1792 606 1903 659; x_wconf 88' lang='lat' dir='ltr'>patrii</span> 
     </span>
     <span class='ocr_line' id='line_1_8' title="bbox 506 672 1904 728; baseline -0.001 -15"><span class='ocrx_word' id='word_1_57' title='bbox 506 686 676 728; x_wconf 85' lang='lat' dir='ltr'>penates,</span> <span class='ocrx_word' id='word_1_58' title='bbox 708 674 1000 725; x_wconf 81' lang='lat' dir='ltr'>familiaresque,</span> <span class='ocrx_word' id='word_1_59' title='bbox 1033 674 1101 725; x_wconf 90' lang='lat' dir='ltr'>qui</span> <span class='ocrx_word' id='word_1_60' title='bbox 1130 672 1223 711; x_wconf 89' lang='lat' dir='ltr'>huic</span> <span class='ocrx_word' id='word_1_61' title='bbox 1252 674 1338 711; x_wconf 89' lang='lat' dir='ltr'>urbi</span> <span class='ocrx_word' id='word_1_62' title='bbox 1369 683 1407 711; x_wconf 90' lang='lat' dir='ltr'>et</span> <span class='ocrx_word' id='word_1_63' title='bbox 1438 674 1658 727; x_wconf 87' lang='lat' dir='ltr'>reipublicae</span> <span class='ocrx_word' id='word_1_64' title='bbox 1686 673 1904 727; x_wconf 79' lang='lat' dir='ltr'>praefidetis,</span> 
     </span>
     <span class='ocr_line' id='line_1_9' title="bbox 509 738 1903 793; baseline -0.003 -13"><span class='ocrx_word' id='word_1_65' title='bbox 509 756 575 780; x_wconf 82' lang='lat' dir='ltr'>vos</span> <span class='ocrx_word' id='word_1_66' title='bbox 602 741 769 779; x_wconf 88' lang='lat' dir='ltr'>obtestor</span> <span class='ocrx_word' id='word_1_67' title='bbox 788 769 798 784; x_wconf 95' lang='lat'>,</span> <span class='ocrx_word' id='word_1_68' title='bbox 831 753 999 792; x_wconf 90' lang='lat' dir='ltr'>quorum</span> <span class='ocrx_word' id='word_1_69' title='bbox 1025 752 1096 791; x_wconf 89' lang='lat' dir='ltr'>ego</span> <span class='ocrx_word' id='word_1_70' title='bbox 1116 753 1136 776; x_wconf 92' lang='lat' dir='ltr'>a</span> <span class='ocrx_word' id='word_1_71' title='bbox 1163 739 1318 791; x_wconf 87' lang='lat' dir='ltr'>templis</span> <span class='ocrx_word' id='word_1_72' title='bbox 1346 753 1387 777; x_wconf 87' lang='lat' dir='ltr'>ac</span> <span class='ocrx_word' id='word_1_73' title='bbox 1414 739 1581 777; x_wconf 86' lang='lat' dir='ltr'>delubris</span> <span class='ocrx_word' id='word_1_74' title='bbox 1608 738 1824 793; x_wconf 84' lang='lat' dir='ltr'>pestiferam</span> <span class='ocrx_word' id='word_1_75' title='bbox 1852 739 1903 777; x_wconf 91' lang='lat' dir='ltr'>il-</span> 
     </span>
     <span class='ocr_line' id='line_1_10' title="bbox 509 805 1905 858; baseline -0.002 -12"><span class='ocrx_word' id='word_1_76' title='bbox 509 809 588 846; x_wconf 83' lang='lat' dir='ltr'>lam</span> <span class='ocrx_word' id='word_1_77' title='bbox 609 816 647 845; x_wconf 92' lang='lat' dir='ltr'>et</span> <span class='ocrx_word' id='word_1_78' title='bbox 674 806 860 844; x_wconf 82' lang='lat' dir='ltr'>nefariam</span> <span class='ocrx_word' id='word_1_79' title='bbox 887 805 1085 843; x_wconf 84' lang='lat' dir='ltr'>flammam</span> <span class='ocrx_word' id='word_1_80' title='bbox 1114 805 1273 858; x_wconf 77' lang='lat' dir='ltr'>depuli3</span> <span class='ocrx_word' id='word_1_81' title='bbox 1307 814 1420 857; x_wconf 84' lang='lat' dir='ltr'>teque</span> <span class='ocrx_word' id='word_1_82' title='bbox 1437 834 1448 849; x_wconf 94' lang='lat'>‚</span> <span class='ocrx_word' id='word_1_83' title='bbox 1479 805 1592 843; x_wconf 90' lang='lat' dir='ltr'>Vesta</span> <span class='ocrx_word' id='word_1_84' title='bbox 1617 816 1738 844; x_wconf 90' lang='lat' dir='ltr'>mater</span> <span class='ocrx_word' id='word_1_85' title='bbox 1755 836 1766 851; x_wconf 93' lang='lat'>‚</span> <span class='ocrx_word' id='word_1_86' title='bbox 1796 806 1905 857; x_wconf 88' lang='lat' dir='ltr'>cujus</span> 
     </span>
     <span class='ocr_line' id='line_1_11' title="bbox 510 870 1908 917; baseline -0.002 -5"><span class='ocrx_word' id='word_1_87' title='bbox 510 874 725 912; x_wconf 86' lang='lat' dir='ltr'>castiffimas</span> <span class='ocrx_word' id='word_1_88' title='bbox 746 871 955 910; x_wconf 83' lang='lat' dir='ltr'>sacerdotes</span> <span class='ocrx_word' id='word_1_89' title='bbox 984 871 1031 909; x_wconf 88' lang='lat' dir='ltr'>ab</span> <span class='ocrx_word' id='word_1_90' title='bbox 1058 870 1269 910; x_wconf 89' lang='lat' dir='ltr'>hominum</span> <span class='ocrx_word' id='word_1_91' title='bbox 1296 871 1491 916; x_wconf 87' lang='lat' dir='ltr'>amentia,</span> <span class='ocrx_word' id='word_1_92' title='bbox 1522 870 1677 917; x_wconf 88' lang='lat' dir='ltr'>furore,</span> <span class='ocrx_word' id='word_1_93' title='bbox 1709 881 1747 910; x_wconf 90' lang='lat' dir='ltr'>et</span> <span class='ocrx_word' id='word_1_94' title='bbox 1771 871 1908 910; x_wconf 87' lang='lat' dir='ltr'>scelere</span> 
     </span>
     <span class='ocr_line' id='line_1_12' title="bbox 511 937 1908 991; baseline -0.003 -12"><span class='ocrx_word' id='word_1_95' title='bbox 511 939 692 984; x_wconf 87' lang='lat' dir='ltr'>defendi,</span> <span class='ocrx_word' id='word_1_96' title='bbox 724 938 910 991; x_wconf 86' lang='lat' dir='ltr'>cujusque</span> <span class='ocrx_word' id='word_1_97' title='bbox 943 938 1075 991; x_wconf 84' lang='lat' dir='ltr'>ignem</span> <span class='ocrx_word' id='word_1_98' title='bbox 1104 937 1221 976; x_wconf 89' lang='lat' dir='ltr'>illum</span> <span class='ocrx_word' id='word_1_99' title='bbox 1253 937 1530 991; x_wconf 83' lang='lat' dir='ltr'>sempiternum</span> <span class='ocrx_word' id='word_1_100' title='bbox 1564 951 1642 976; x_wconf 91' lang='lat' dir='ltr'>non</span> <span class='ocrx_word' id='word_1_101' title='bbox 1673 937 1756 976; x_wconf 81' lang='lat' dir='ltr'>sum</span> <span class='ocrx_word' id='word_1_102' title='bbox 1786 937 1908 990; x_wconf 84' lang='lat' dir='ltr'>paffus</span> 
     </span>
     <span class='ocr_line' id='line_1_13' title="bbox 511 1004 1910 1059; baseline -0.002 -14"><span class='ocrx_word' id='word_1_103' title='bbox 511 1016 577 1045; x_wconf 84' lang='lat' dir='ltr'>aut</span> <span class='ocrx_word' id='word_1_104' title='bbox 608 1006 790 1059; x_wconf 81' lang='lat' dir='ltr'>sanguine</span> <span class='ocrx_word' id='word_1_105' title='bbox 819 1006 966 1043; x_wconf 90' lang='lat' dir='ltr'>civium</span> <span class='ocrx_word' id='word_1_106' title='bbox 998 1005 1193 1057; x_wconf 88' lang='lat' dir='ltr'>restingui,</span> <span class='ocrx_word' id='word_1_107' title='bbox 1225 1014 1289 1042; x_wconf 81' lang='lat' dir='ltr'>aut</span> <span class='ocrx_word' id='word_1_108' title='bbox 1320 1018 1412 1043; x_wconf 89' lang='lat' dir='ltr'>curn</span> <span class='ocrx_word' id='word_1_109' title='bbox 1445 1005 1561 1042; x_wconf 86' lang='lat' dir='ltr'>totius</span> <span class='ocrx_word' id='word_1_110' title='bbox 1593 1005 1697 1043; x_wconf 87' lang='lat' dir='ltr'>urbis</span> <span class='ocrx_word' id='word_1_111' title='bbox 1730 1004 1910 1043; x_wconf 86' lang='lat' dir='ltr'>incendio</span> 
     </span>
     <span class='ocr_line' id='line_1_14' title="bbox 513 1060 1911 1125; baseline -0.003 -13"><span class='ocrx_word' id='word_1_112' title='bbox 513 1072 784 1112; x_wconf 87' lang='lat' dir='ltr'>commisceri:</span> <span class='ocrx_word' id='word_1_113' title='bbox 818 1081 861 1109; x_wconf 87' lang='lat' dir='ltr'>ut</span> <span class='ocrx_word' id='word_1_114' title='bbox 878 1101 888 1117; x_wconf 91' lang='lat'>,</span> <span class='ocrx_word' id='word_1_115' title='bbox 921 1072 945 1110; x_wconf 82' lang='lat' dir='ltr'>si</span> <span class='ocrx_word' id='word_1_116' title='bbox 972 1071 1012 1109; x_wconf 90' lang='lat' dir='ltr'>in</span> <span class='ocrx_word' id='word_1_117' title='bbox 1040 1071 1109 1109; x_wconf 88' lang='lat' dir='ltr'>illo</span> <span class='ocrx_word' id='word_1_118' title='bbox 1137 1085 1231 1123; x_wconf 84' lang='lat' dir='ltr'>pene</span> <span class='ocrx_word' id='word_1_119' title='bbox 1257 1060 1337 1109; x_wconf 58' lang='grc' dir='ltr'>ᾗτε)</span> <span class='ocrx_word' id='word_1_120' title='bbox 1369 1071 1590 1125; x_wconf 87' lang='lat' dir='ltr'>reipublicae</span> <span class='ocrx_word' id='word_1_121' title='bbox 1620 1071 1746 1123; x_wconf 91' lang='lat' dir='ltr'>objeci</span> <span class='ocrx_word' id='word_1_122' title='bbox 1778 1084 1911 1109; x_wconf 90' lang='lat' dir='ltr'>meum</span> 
     </span>
     <span class='ocr_line' id='line_1_15' title="bbox 514 1137 1913 1193; baseline -0.002 -14"><span class='ocrx_word' id='word_1_123' title='bbox 514 1149 630 1193; x_wconf 86' lang='lat' dir='ltr'>caput</span> <span class='ocrx_word' id='word_1_124' title='bbox 667 1153 737 1193; x_wconf 91' lang='lat' dir='ltr'>pro</span> <span class='ocrx_word' id='word_1_125' title='bbox 775 1138 904 1177; x_wconf 90' lang='lat' dir='ltr'>vestris</span> <span class='ocrx_word' id='word_1_126' title='bbox 944 1138 1181 1177; x_wconf 84' lang='lat' dir='ltr'>caeremoniis</span> <span class='ocrx_word' id='word_1_127' title='bbox 1221 1146 1335 1190; x_wconf 87' lang='lat' dir='ltr'>atque</span> <span class='ocrx_word' id='word_1_128' title='bbox 1374 1137 1531 1191; x_wconf 84' lang='lat' dir='ltr'>templis</span> <span class='ocrx_word' id='word_1_129' title='bbox 1570 1137 1913 1191; x_wconf 68' lang='lat' dir='ltr'>perditissimorum</span> 
     </span>
     <span class='ocr_line' id='line_1_16' title="bbox 515 1204 1911 1257; baseline -0.002 -12"><span class='ocrx_word' id='word_1_130' title='bbox 515 1208 662 1245; x_wconf 83' lang='lat' dir='ltr'>civium</span> <span class='ocrx_word' id='word_1_131' title='bbox 684 1205 806 1244; x_wconf 87' lang='lat' dir='ltr'>furori</span> <span class='ocrx_word' id='word_1_132' title='bbox 827 1214 940 1257; x_wconf 84' lang='lat' dir='ltr'>atque</span> <span class='ocrx_word' id='word_1_133' title='bbox 961 1204 1061 1243; x_wconf 88' lang='lat' dir='ltr'>ferro</span> <span class='ocrx_word' id='word_1_134' title='bbox 1080 1224 1089 1250; x_wconf 79' lang='lat'>3</span> <span class='ocrx_word' id='word_1_135' title='bbox 1123 1214 1185 1249; x_wconf 90' lang='lat' dir='ltr'>et,</span> <span class='ocrx_word' id='word_1_136' title='bbox 1217 1205 1240 1242; x_wconf 82' lang='lat' dir='ltr'>s]</span> <span class='ocrx_word' id='word_1_137' title='bbox 1264 1206 1406 1243; x_wconf 89' lang='lat' dir='ltr'>iterum</span> <span class='ocrx_word' id='word_1_138' title='bbox 1420 1234 1431 1249; x_wconf 94' lang='lat'><strong>,</strong></span> <span class='ocrx_word' id='word_1_139' title='bbox 1463 1218 1555 1243; x_wconf 92' lang='lat' dir='ltr'>cum</span> <span class='ocrx_word' id='word_1_140' title='bbox 1575 1218 1623 1243; x_wconf 86' lang='lat' dir='ltr'>ex</span> <span class='ocrx_word' id='word_1_141' title='bbox 1644 1218 1727 1244; x_wconf 89' lang='lat' dir='ltr'>mea</span> <span class='ocrx_word' id='word_1_142' title='bbox 1747 1213 1911 1243; x_wconf 86' lang='lat' dir='ltr'>conten-</span> 
     </span>
     <span class='ocr_line' id='line_1_17' title="bbox 516 1271 1910 1323; baseline -0.002 -12"><span class='ocrx_word' id='word_1_143' title='bbox 516 1275 620 1312; x_wconf 87' lang='lat' dir='ltr'>tione</span> <span class='ocrx_word' id='word_1_144' title='bbox 644 1273 821 1310; x_wconf 76' lang='lat' dir='ltr'>interitus</span> <span class='ocrx_word' id='word_1_145' title='bbox 844 1272 1034 1309; x_wconf 86' lang='lat' dir='ltr'>bonorum</span> <span class='ocrx_word' id='word_1_146' title='bbox 1057 1272 1238 1309; x_wconf 87' lang='lat' dir='ltr'>omnium</span> <span class='ocrx_word' id='word_1_147' title='bbox 1261 1281 1505 1323; x_wconf 65' lang='lat' dir='ltr'>quaereretur,</span> <span class='ocrx_word' id='word_1_148' title='bbox 1537 1285 1603 1309; x_wconf 89' lang='lat' dir='ltr'>vos</span> <span class='ocrx_word' id='word_1_149' title='bbox 1631 1272 1715 1309; x_wconf 86' lang='lat' dir='ltr'>sum</span> <span class='ocrx_word' id='word_1_150' title='bbox 1743 1271 1910 1314; x_wconf 72' lang='lat' dir='ltr'>testatuS,</span> 
     </span>
     <span class='ocr_line' id='line_1_18' title="bbox 516 1337 1914 1389; baseline -0.003 -12"><span class='ocrx_word' id='word_1_151' title='bbox 516 1339 624 1377; x_wconf 88' lang='lat' dir='ltr'>vobis</span> <span class='ocrx_word' id='word_1_152' title='bbox 661 1352 723 1376; x_wconf 88' lang='lat' dir='ltr'>me</span> <span class='ocrx_word' id='word_1_153' title='bbox 758 1351 800 1375; x_wconf 81' lang='lat' dir='ltr'>ac</span> <span class='ocrx_word' id='word_1_154' title='bbox 835 1350 940 1374; x_wconf 85' lang='lat' dir='ltr'>meos</span> <span class='ocrx_word' id='word_1_155' title='bbox 975 1337 1273 1381; x_wconf 80' lang='lat' dir='ltr'>commendavi,</span> <span class='ocrx_word' id='word_1_156' title='bbox 1304 1350 1443 1388; x_wconf 83' lang='lat' dir='ltr'>meque</span> <span class='ocrx_word' id='word_1_157' title='bbox 1478 1350 1520 1374; x_wconf 83' lang='lat' dir='ltr'>ac</span> <span class='ocrx_word' id='word_1_158' title='bbox 1557 1350 1689 1375; x_wconf 88' lang='lat' dir='ltr'>meum</span> <span class='ocrx_word' id='word_1_159' title='bbox 1723 1346 1841 1389; x_wconf 82' lang='lat' dir='ltr'>caput</span> <span class='ocrx_word' id='word_1_160' title='bbox 1873 1350 1914 1373; x_wconf 88' lang='lat' dir='ltr'>ea</span> 
     </span>
     <span class='ocr_line' id='line_1_19' title="bbox 517 1403 1914 1456; baseline -0.002 -13"><span class='ocrx_word' id='word_1_161' title='bbox 517 1406 740 1443; x_wconf 89' lang='lat' dir='ltr'>conditione</span> <span class='ocrx_word' id='word_1_162' title='bbox 770 1404 931 1448; x_wconf 82' lang='lat' dir='ltr'>devovi,</span> <span class='ocrx_word' id='word_1_163' title='bbox 964 1413 1030 1448; x_wconf 88' lang='lat' dir='ltr'>ut,</span> <span class='ocrx_word' id='word_1_164' title='bbox 1063 1403 1088 1440; x_wconf 78' lang='lat' dir='ltr'>si</span> <span class='ocrx_word' id='word_1_165' title='bbox 1116 1412 1153 1441; x_wconf 89' lang='lat' dir='ltr'>et</span> <span class='ocrx_word' id='word_1_166' title='bbox 1185 1416 1231 1440; x_wconf 88' lang='lat' dir='ltr'>eo</span> <span class='ocrx_word' id='word_1_167' title='bbox 1261 1403 1343 1455; x_wconf 84' lang='lat' dir='ltr'>ipso</span> <span class='ocrx_word' id='word_1_168' title='bbox 1374 1413 1570 1456; x_wconf 84' lang='lat' dir='ltr'>tempore,</span> <span class='ocrx_word' id='word_1_169' title='bbox 1601 1413 1638 1441; x_wconf 87' lang='lat' dir='ltr'>et</span> <span class='ocrx_word' id='word_1_170' title='bbox 1664 1412 1775 1448; x_wconf 86' lang='lat' dir='ltr'>ante,</span> <span class='ocrx_word' id='word_1_171' title='bbox 1806 1412 1843 1441; x_wconf 87' lang='lat' dir='ltr'>et</span> <span class='ocrx_word' id='word_1_172' title='bbox 1873 1403 1914 1440; x_wconf 88' lang='lat' dir='ltr'>in</span> 
     </span>
     <span class='ocr_line' id='line_1_20' title="bbox 519 1469 1916 1522; baseline -0.002 -12"><span class='ocrx_word' id='word_1_173' title='bbox 519 1472 717 1510; x_wconf 85' lang='lat' dir='ltr'>consulatu</span> <span class='ocrx_word' id='word_1_174' title='bbox 740 1482 827 1508; x_wconf 87' lang='lat' dir='ltr'>meo</span> <span class='ocrx_word' id='word_1_175' title='bbox 842 1499 851 1513; x_wconf 92' lang='lat'>‚</span> <span class='ocrx_word' id='word_1_176' title='bbox 885 1469 1103 1507; x_wconf 82' lang='lat' dir='ltr'>commodis</span> <span class='ocrx_word' id='word_1_177' title='bbox 1127 1469 1222 1506; x_wconf 89' lang='lat' dir='ltr'>meis</span> <span class='ocrx_word' id='word_1_178' title='bbox 1243 1469 1424 1506; x_wconf 87' lang='lat' dir='ltr'>omnibus</span> <span class='ocrx_word' id='word_1_179' title='bbox 1441 1498 1451 1513; x_wconf 94' lang='lat'>‚</span> <span class='ocrx_word' id='word_1_180' title='bbox 1483 1469 1759 1508; x_wconf 84' lang='lat' dir='ltr'>emolumentis</span> <span class='ocrx_word' id='word_1_181' title='bbox 1776 1498 1787 1514; x_wconf 91' lang='lat'>‚</span> <span class='ocrx_word' id='word_1_182' title='bbox 1819 1483 1916 1522; x_wconf 82' lang='lat' dir='ltr'>prae-</span> 
     </span>
     <span class='ocr_line' id='line_1_21' title="bbox 519 1534 1919 1590; baseline -0.002 -14"><span class='ocrx_word' id='word_1_183' title='bbox 519 1539 608 1576; x_wconf 87' lang='lat' dir='ltr'>miis</span> <span class='ocrx_word' id='word_1_184' title='bbox 641 1535 894 1590; x_wconf 75' lang='lat' dir='ltr'>praetermiffis</span> <span class='ocrx_word' id='word_1_185' title='bbox 914 1565 924 1580; x_wconf 91' lang='lat'>‚</span> <span class='ocrx_word' id='word_1_186' title='bbox 956 1549 1074 1580; x_wconf 86' lang='lat' dir='ltr'>cura,</span> <span class='ocrx_word' id='word_1_187' title='bbox 1105 1535 1339 1588; x_wconf 82' lang='lat' dir='ltr'>cogitatione</span> <span class='ocrx_word' id='word_1_188' title='bbox 1358 1563 1367 1578; x_wconf 95' lang='lat'>,</span> <span class='ocrx_word' id='word_1_189' title='bbox 1399 1535 1542 1588; x_wconf 87' lang='lat' dir='ltr'>vigiliis</span> <span class='ocrx_word' id='word_1_190' title='bbox 1574 1536 1757 1574; x_wconf 90' lang='lat' dir='ltr'>omnibus</span> <span class='ocrx_word' id='word_1_191' title='bbox 1777 1565 1787 1580; x_wconf 93' lang='lat'><strong><em>,</em></strong></span> <span class='ocrx_word' id='word_1_192' title='bbox 1819 1534 1919 1573; x_wconf 87' lang='lat' dir='ltr'>nihil</span> 
     </span>
     <span class='ocr_line' id='line_1_22' title="bbox 520 1601 1922 1656; baseline -0.001 -14"><span class='ocrx_word' id='word_1_193' title='bbox 520 1605 589 1643; x_wconf 79' lang='lat' dir='ltr'>nifi</span> <span class='ocrx_word' id='word_1_194' title='bbox 621 1604 666 1641; x_wconf 90' lang='lat' dir='ltr'>de</span> <span class='ocrx_word' id='word_1_195' title='bbox 693 1603 810 1642; x_wconf 78' lang='lat' dir='ltr'>salute</span> <span class='ocrx_word' id='word_1_196' title='bbox 838 1615 1014 1641; x_wconf 81' lang='lat' dir='ltr'>meorum</span> <span class='ocrx_word' id='word_1_197' title='bbox 1042 1602 1189 1640; x_wconf 89' lang='lat' dir='ltr'>civium</span> <span class='ocrx_word' id='word_1_198' title='bbox 1217 1601 1453 1646; x_wconf 79' lang='lat' dir='ltr'>laborassem,</span> <span class='ocrx_word' id='word_1_199' title='bbox 1485 1610 1571 1640; x_wconf 87' lang='lat' dir='ltr'>tum</span> <span class='ocrx_word' id='word_1_200' title='bbox 1599 1601 1698 1640; x_wconf 82' lang='lat' dir='ltr'>mihi</span> <span class='ocrx_word' id='word_1_201' title='bbox 1727 1602 1922 1656; x_wconf 88' lang='lat' dir='ltr'>republica</span> 
     </span>
     <span class='ocr_line' id='line_1_23' title="bbox 520 1667 1920 1722; baseline -0.002 -14"><span class='ocrx_word' id='word_1_202' title='bbox 520 1670 726 1722; x_wconf 24' lang='lat' dir='ltr'>ali-quando</span> <span class='ocrx_word' id='word_1_203' title='bbox 753 1668 920 1707; x_wconf 77' lang='lat' dir='ltr'>restituta</span> <span class='ocrx_word' id='word_1_204' title='bbox 949 1668 1081 1706; x_wconf 89' lang='lat' dir='ltr'>liceret</span> <span class='ocrx_word' id='word_1_205' title='bbox 1109 1667 1186 1704; x_wconf 87' lang='lat' dir='ltr'>frui</span> <span class='ocrx_word' id='word_1_206' title='bbox 1202 1686 1213 1711; x_wconf 77' lang='lat'>3</span> <span class='ocrx_word' id='word_1_207' title='bbox 1246 1667 1300 1705; x_wconf 87' lang='lat' dir='ltr'>fin</span> <span class='ocrx_word' id='word_1_208' title='bbox 1334 1676 1462 1705; x_wconf 86' lang='lat' dir='ltr'>autem</span> <span class='ocrx_word' id='word_1_209' title='bbox 1493 1681 1578 1706; x_wconf 88' lang='lat' dir='ltr'>mea</span> <span class='ocrx_word' id='word_1_210' title='bbox 1606 1668 1760 1706; x_wconf 77' lang='lat' dir='ltr'>consilia</span> <span class='ocrx_word' id='word_1_211' title='bbox 1790 1668 1920 1720; x_wconf 84' lang='lat' dir='ltr'>patriae</span> 
     </span>
     <span class='ocr_line' id='line_1_24' title="bbox 522 1733 1919 1789; baseline -0.004 -14"><span class='ocrx_word' id='word_1_212' title='bbox 522 1751 600 1775; x_wconf 88' lang='lat' dir='ltr'>non</span> <span class='ocrx_word' id='word_1_213' title='bbox 623 1735 868 1789; x_wconf 76' lang='lat' dir='ltr'>profuissent,</span> <span class='ocrx_word' id='word_1_214' title='bbox 902 1743 943 1772; x_wconf 90' lang='lat' dir='ltr'>ut</span> <span class='ocrx_word' id='word_1_215' title='bbox 963 1742 1193 1786; x_wconf 89' lang='lat' dir='ltr'>perpetuum</span> <span class='ocrx_word' id='word_1_216' title='bbox 1214 1733 1387 1771; x_wconf 86' lang='lat' dir='ltr'>dolorem</span> <span class='ocrx_word' id='word_1_217' title='bbox 1403 1763 1414 1778; x_wconf 91' lang='lat'>‚</span> <span class='ocrx_word' id='word_1_218' title='bbox 1445 1733 1596 1771; x_wconf 82' lang='lat' dir='ltr'>avulsus</span> <span class='ocrx_word' id='word_1_219' title='bbox 1617 1748 1636 1771; x_wconf 83' lang='lat' dir='ltr'>a</span> <span class='ocrx_word' id='word_1_220' title='bbox 1657 1735 1751 1771; x_wconf 89' lang='lat' dir='ltr'>meis</span> <span class='ocrx_word' id='word_1_221' title='bbox 1767 1763 1777 1778; x_wconf 93' lang='lat'>‚</span> <span class='ocrx_word' id='word_1_222' title='bbox 1810 1733 1919 1771; x_wconf 88' lang='lat' dir='ltr'>susti-</span> 
     </span>
     <span class='ocr_line' id='line_1_25' title="bbox 522 1799 1920 1853; baseline -0.002 -13"><span class='ocrx_word' id='word_1_223' title='bbox 522 1816 681 1840; x_wconf 87' lang='lat' dir='ltr'>nerem:</span> <span class='ocrx_word' id='word_1_224' title='bbox 714 1801 812 1839; x_wconf 84' lang='lat' dir='ltr'>hanc</span> <span class='ocrx_word' id='word_1_225' title='bbox 848 1814 920 1853; x_wconf 81' lang='lat' dir='ltr'>ego</span> <span class='ocrx_word' id='word_1_226' title='bbox 954 1799 1201 1844; x_wconf 86' lang='lat' dir='ltr'>devotionem</span> <span class='ocrx_word' id='word_1_227' title='bbox 1231 1799 1367 1851; x_wconf 79' lang='lat' dir='ltr'>capitis</span> <span class='ocrx_word' id='word_1_228' title='bbox 1398 1800 1474 1836; x_wconf 89' lang='lat' dir='ltr'>mei</span> <span class='ocrx_word' id='word_1_229' title='bbox 1495 1828 1506 1843; x_wconf 94' lang='lat'><em>‚</em></span> <span class='ocrx_word' id='word_1_230' title='bbox 1537 1812 1628 1837; x_wconf 91' lang='lat' dir='ltr'>cum</span> <span class='ocrx_word' id='word_1_231' title='bbox 1657 1813 1721 1836; x_wconf 87' lang='lat' dir='ltr'>ero</span> <span class='ocrx_word' id='word_1_232' title='bbox 1750 1800 1790 1837; x_wconf 90' lang='lat' dir='ltr'>in</span> <span class='ocrx_word' id='word_1_233' title='bbox 1820 1800 1920 1837; x_wconf 80' lang='lat' dir='ltr'>sedes</span> 
     </span>
     <span class='ocr_line' id='line_1_26' title="bbox 526 1861 1921 1918; baseline -0.002 -12"><span class='ocrx_word' id='word_1_234' title='bbox 526 1861 628 1906; x_wconf 81' lang='lat' dir='ltr'>meas</span> <span class='ocrx_word' id='word_1_235' title='bbox 649 1867 842 1905; x_wconf 86' lang='lat' dir='ltr'>restitutus</span> <span class='ocrx_word' id='word_1_236' title='bbox 861 1894 871 1909; x_wconf 90' lang='lat'>,</span> <span class='ocrx_word' id='word_1_237' title='bbox 904 1875 987 1903; x_wconf 87' lang='lat' dir='ltr'>tum</span> <span class='ocrx_word' id='word_1_238' title='bbox 1009 1865 1175 1916; x_wconf 85' lang='lat' dir='ltr'>denique</span> <span class='ocrx_word' id='word_1_239' title='bbox 1195 1865 1410 1902; x_wconf 61' lang='lat' dir='ltr'>convictam</span> <span class='ocrx_word' id='word_1_240' title='bbox 1434 1864 1504 1902; x_wconf 81' lang='lat' dir='ltr'>effe</span> <span class='ocrx_word' id='word_1_241' title='bbox 1525 1874 1561 1902; x_wconf 89' lang='lat' dir='ltr'>et</span> <span class='ocrx_word' id='word_1_242' title='bbox 1582 1864 1824 1903; x_wconf 75' lang='lat' dir='ltr'>commissam</span> <span class='ocrx_word' id='word_1_243' title='bbox 1846 1879 1921 1918; x_wconf 91' lang='lat' dir='ltr'>pu-</span> 
     </span>
     <span class='ocr_line' id='line_1_27' title="bbox 525 1930 1924 1983; baseline -0.002 -12"><span class='ocrx_word' id='word_1_244' title='bbox 525 1935 629 1971; x_wconf 69' lang='lat' dir='ltr'>tabo.</span> <span class='ocrx_word' id='word_1_245' title='bbox 674 1932 780 1970; x_wconf 81' lang='lat' dir='ltr'>Nam</span> <span class='ocrx_word' id='word_1_246' title='bbox 816 1945 920 1969; x_wconf 88' lang='lat' dir='ltr'>nunc</span> <span class='ocrx_word' id='word_1_247' title='bbox 955 1930 1140 1983; x_wconf 87' lang='lat' dir='ltr'>quidem,</span> <span class='ocrx_word' id='word_1_248' title='bbox 1174 1930 1407 1974; x_wconf 78' lang='lat' dir='ltr'>Pontifices,</span> <span class='ocrx_word' id='word_1_249' title='bbox 1439 1944 1516 1968; x_wconf 88' lang='lat' dir='ltr'>non</span> <span class='ocrx_word' id='word_1_250' title='bbox 1548 1930 1672 1969; x_wconf 87' lang='lat' dir='ltr'>solum</span> <span class='ocrx_word' id='word_1_251' title='bbox 1703 1931 1845 1976; x_wconf 91' lang='lat' dir='ltr'>domo,</span> <span class='ocrx_word' id='word_1_252' title='bbox 1877 1931 1924 1968; x_wconf 83' lang='lat' dir='ltr'>de</span> 
     </span>
     <span class='ocr_line' id='line_1_28' title="bbox 527 1996 1924 2052; baseline -0.002 -14"><span class='ocrx_word' id='word_1_253' title='bbox 527 2014 602 2052; x_wconf 82' lang='lat' dir='ltr'>qua</span> <span class='ocrx_word' id='word_1_254' title='bbox 622 1998 852 2051; x_wconf 80' lang='lat' dir='ltr'>cognoscitis</span> <span class='ocrx_word' id='word_1_255' title='bbox 870 2026 880 2042; x_wconf 91' lang='lat'>‚</span> <span class='ocrx_word' id='word_1_256' title='bbox 913 1997 974 2034; x_wconf 89' lang='lat' dir='ltr'>sed</span> <span class='ocrx_word' id='word_1_257' title='bbox 995 2006 1075 2034; x_wconf 83' lang='lat' dir='ltr'>tota</span> <span class='ocrx_word' id='word_1_258' title='bbox 1093 1996 1187 2034; x_wconf 87' lang='lat' dir='ltr'>urbe</span> <span class='ocrx_word' id='word_1_259' title='bbox 1203 2026 1213 2041; x_wconf 94' lang='lat'><strong><em>,</em></strong></span> <span class='ocrx_word' id='word_1_260' title='bbox 1245 2010 1351 2034; x_wconf 82' lang='lat' dir='ltr'>careo</span> <span class='ocrx_word' id='word_1_261' title='bbox 1370 2026 1379 2041; x_wconf 93' lang='lat'><strong>,</strong></span> <span class='ocrx_word' id='word_1_262' title='bbox 1411 1997 1450 2034; x_wconf 88' lang='lat' dir='ltr'>in</span> <span class='ocrx_word' id='word_1_263' title='bbox 1470 2010 1586 2049; x_wconf 83' lang='lat' dir='ltr'>quam</span> <span class='ocrx_word' id='word_1_264' title='bbox 1608 1997 1739 2036; x_wconf 89' lang='lat' dir='ltr'>videor</span> <span class='ocrx_word' id='word_1_265' title='bbox 1758 1996 1829 2035; x_wconf 82' lang='lat' dir='ltr'>effe</span> <span class='ocrx_word' id='word_1_266' title='bbox 1849 1997 1924 2035; x_wconf 88' lang='lat' dir='ltr'>res-</span> 
     </span>
     <span class='ocr_line' id='line_1_29' title="bbox 527 2063 1926 2116; baseline -0.001 -12"><span class='ocrx_word' id='word_1_267' title='bbox 527 2068 682 2104; x_wconf 85' lang='lat' dir='ltr'>titutus.</span> <span class='ocrx_word' id='word_1_268' title='bbox 719 2065 839 2103; x_wconf 89' lang='lat' dir='ltr'>Urbis</span> <span class='ocrx_word' id='word_1_269' title='bbox 873 2064 978 2101; x_wconf 88' lang='lat' dir='ltr'>enim</span> <span class='ocrx_word' id='word_1_270' title='bbox 1013 2063 1271 2101; x_wconf 68' lang='lat' dir='ltr'>celeberrimae</span> <span class='ocrx_word' id='word_1_271' title='bbox 1300 2073 1337 2101; x_wconf 90' lang='lat' dir='ltr'>et</span> <span class='ocrx_word' id='word_1_272' title='bbox 1367 2064 1546 2101; x_wconf 77' lang='lat' dir='ltr'>maximae</span> <span class='ocrx_word' id='word_1_273' title='bbox 1576 2072 1697 2116; x_wconf 82' lang='lat' dir='ltr'>partes</span> <span class='ocrx_word' id='word_1_274' title='bbox 1728 2064 1926 2102; x_wconf 81' lang='lat' dir='ltr'>adversum</span> 
     </span>
     <span class='ocr_line' id='line_1_30' title="bbox 530 2119 1952 2182; baseline -0.002 -11"><span class='ocrx_word' id='word_1_275' title='bbox 530 2133 626 2171; x_wconf 86' lang='lat' dir='ltr'>illud</span> <span class='ocrx_word' id='word_1_276' title='bbox 650 2146 727 2170; x_wconf 89' lang='lat' dir='ltr'>non</span> <span class='ocrx_word' id='word_1_277' title='bbox 750 2139 1067 2174; x_wconf 86' lang='lat' dir='ltr'>monumentum,</span> <span class='ocrx_word' id='word_1_278' title='bbox 1100 2129 1159 2166; x_wconf 88' lang='lat' dir='ltr'>sed</span> <span class='ocrx_word' id='word_1_279' title='bbox 1181 2130 1318 2167; x_wconf 89' lang='lat' dir='ltr'>vulnus</span> <span class='ocrx_word' id='word_1_280' title='bbox 1340 2130 1483 2182; x_wconf 64' lang='lat' dir='ltr'>patriae,</span> <span class='ocrx_word' id='word_1_281' title='bbox 1514 2139 1761 2168; x_wconf 83' lang='lat' dir='ltr'>contuentur.</span> <span class='ocrx_word' id='word_1_282' title='bbox 1794 2131 1926 2181; x_wconf 84' lang='lat' dir='ltr'>Qem</span> <span class='ocrx_word' id='word_1_283' title='bbox 1950 2119 1952 2121; x_wconf 21' lang='grc' dir='ltr'>Ι</span> 
     </span>
     <span class='ocr_line' id='line_1_31' title="bbox 529 2195 1927 2250; baseline -0.003 -12"><span class='ocrx_word' id='word_1_284' title='bbox 529 2214 620 2238; x_wconf 84' lang='lat' dir='ltr'>cum</span> <span class='ocrx_word' id='word_1_285' title='bbox 655 2198 755 2237; x_wconf 83' lang='lat' dir='ltr'>mihi</span> <span class='ocrx_word' id='word_1_286' title='bbox 788 2197 1036 2250; x_wconf 68' lang='lat' dir='ltr'>conspectum</span> <span class='ocrx_word' id='word_1_287' title='bbox 1071 2206 1195 2234; x_wconf 88' lang='lat' dir='ltr'>morte</span> <span class='ocrx_word' id='word_1_288' title='bbox 1228 2197 1350 2249; x_wconf 81' lang='lat' dir='ltr'>magis</span> <span class='ocrx_word' id='word_1_289' title='bbox 1383 2197 1583 2234; x_wconf 84' lang='lat' dir='ltr'>vitandum</span> <span class='ocrx_word' id='word_1_290' title='bbox 1617 2195 1927 2249; x_wconf 88' lang='lat' dir='ltr'>fugiendumque</span> 
     </span>
     <span class='ocr_line' id='line_1_32' title="bbox 529 2263 1926 2315; baseline -0.003 -11"><span class='ocrx_word' id='word_1_291' title='bbox 529 2267 600 2305; x_wconf 79' lang='lat' dir='ltr'>effe</span> <span class='ocrx_word' id='word_1_292' title='bbox 621 2265 793 2309; x_wconf 77' lang='lat' dir='ltr'>videatis,</span> <span class='ocrx_word' id='word_1_293' title='bbox 825 2264 959 2307; x_wconf 90' lang='lat' dir='ltr'>nolite,</span> <span class='ocrx_word' id='word_1_294' title='bbox 991 2263 1129 2315; x_wconf 79' lang='lat' dir='ltr'>quaeso,</span> <span class='ocrx_word' id='word_1_295' title='bbox 1160 2276 1266 2307; x_wconf 84' lang='lat' dir='ltr'>eum,</span> <span class='ocrx_word' id='word_1_296' title='bbox 1297 2264 1406 2315; x_wconf 84' lang='lat' dir='ltr'>cujus</span> <span class='ocrx_word' id='word_1_297' title='bbox 1429 2263 1553 2301; x_wconf 86' lang='lat' dir='ltr'>reditu</span> <span class='ocrx_word' id='word_1_298' title='bbox 1582 2263 1794 2301; x_wconf 84' lang='lat' dir='ltr'>restitutam</span> <span class='ocrx_word' id='word_1_299' title='bbox 1823 2277 1926 2300; x_wconf 88' lang='lat' dir='ltr'>rem-</span> 
     </span>
     <span class='ocr_line' id='line_1_33' title="bbox 530 2328 1929 2385; baseline -0.003 -15"><span class='ocrx_word' id='word_1_300' title='bbox 530 2333 729 2385; x_wconf 83' lang='lat' dir='ltr'>publicam</span> <span class='ocrx_word' id='word_1_301' title='bbox 765 2329 845 2369; x_wconf 85' lang='lat' dir='ltr'>fore</span> <span class='ocrx_word' id='word_1_302' title='bbox 880 2329 1050 2382; x_wconf 80' lang='lat' dir='ltr'>putastis,</span> <span class='ocrx_word' id='word_1_303' title='bbox 1083 2343 1158 2367; x_wconf 89' lang='lat' dir='ltr'>non</span> <span class='ocrx_word' id='word_1_304' title='bbox 1193 2329 1317 2367; x_wconf 86' lang='lat' dir='ltr'>solum</span> <span class='ocrx_word' id='word_1_305' title='bbox 1352 2329 1550 2381; x_wconf 83' lang='lat' dir='ltr'>dignitatis</span> <span class='ocrx_word' id='word_1_306' title='bbox 1586 2330 1836 2374; x_wconf 85' lang='lat' dir='ltr'>ornamentis,</span> <span class='ocrx_word' id='word_1_307' title='bbox 1867 2328 1929 2367; x_wconf 85' lang='lat' dir='ltr'>sed</span> 
     </span>
     <span class='ocr_line' id='line_1_34' title="bbox 533 2396 1432 2450; baseline -0.003 -13"><span class='ocrx_word' id='word_1_308' title='bbox 533 2401 647 2437; x_wconf 79' lang='lat' dir='ltr'>etiam</span> <span class='ocrx_word' id='word_1_309' title='bbox 671 2398 773 2436; x_wconf 86' lang='lat' dir='ltr'>urbis</span> <span class='ocrx_word' id='word_1_310' title='bbox 796 2397 980 2450; x_wconf 82' lang='lat' dir='ltr'>partibus,</span> <span class='ocrx_word' id='word_1_311' title='bbox 1014 2396 1109 2434; x_wconf 87' lang='lat' dir='ltr'>velle</span> <span class='ocrx_word' id='word_1_312' title='bbox 1129 2396 1199 2434; x_wconf 82' lang='lat' dir='ltr'>esse</span> <span class='ocrx_word' id='word_1_313' title='bbox 1221 2397 1432 2449; x_wconf 83' lang='lat' dir='ltr'>privatum.</span> 
     </span>
    </p>

    <p class='ocr_par' dir='ltr' id='par_1_3' title="bbox 563 2462 1929 2516">
     <span class='ocr_line' id='line_1_35' title="bbox 563 2462 1929 2516; baseline -0.003 -13"><span class='ocrx_word' id='word_1_314' title='bbox 563 2465 712 2504; x_wconf 79' lang='lat' dir='ltr'>LVIII.</span> <span class='ocrx_word' id='word_1_315' title='bbox 747 2463 840 2502; x_wconf 89' lang='lat' dir='ltr'>Non</span> <span class='ocrx_word' id='word_1_316' title='bbox 862 2476 923 2501; x_wconf 90' lang='lat' dir='ltr'>me</span> <span class='ocrx_word' id='word_1_317' title='bbox 945 2463 1135 2502; x_wconf 84' lang='lat' dir='ltr'>bonorum</span> <span class='ocrx_word' id='word_1_318' title='bbox 1158 2464 1335 2516; x_wconf 85' lang='lat' dir='ltr'>direptiO,</span> <span class='ocrx_word' id='word_1_319' title='bbox 1370 2477 1445 2501; x_wconf 89' lang='lat' dir='ltr'>non</span> <span class='ocrx_word' id='word_1_320' title='bbox 1469 2464 1656 2501; x_wconf 68' lang='grc' dir='ltr'>ῐεξὶοῑιιῑη</span> <span class='ocrx_word' id='word_1_321' title='bbox 1678 2462 1828 2505; x_wconf 85' lang='lat' dir='ltr'>excifio,</span> <span class='ocrx_word' id='word_1_322' title='bbox 1851 2473 1929 2499; x_wconf 83' lang='lat' dir='ltr'>non</span> 
     </span>
    </p>
   </div>
  </div>
 </body>
</html>
