2212 2835
424 155 477 195 72
917 134 1315 174 ORAT1o

425 247 511 276 tum
533 236 644 274 censu
665 236 712 272 C.
732 231 907 271 Licinius
930 230 1106 268 Sacerdos
1127 227 1332 281 prodiisset,
1361 228 1459 266 clara
1478 242 1584 273 voce,
1618 238 1660 268 ut
1679 228 1804 268 omnis

425 303 562 341 concio
580 300 709 338 audire
729 296 861 350 poffet,
893 296 991 334 dixit
1012 295 1046 334 se
1066 295 1172 340 scire,
1203 295 1319 332 illum
1339 294 1462 332 verbis
1484 295 1680 347 conceptis
1701 296 1808 347 peje-

425 367 527 406 raffe.
560 367 598 403 Si
619 365 704 418 quis
725 372 856 402 contra
875 363 999 401 dicere
1020 362 1148 406 vellet,
1170 360 1328 399 usurum
1348 360 1418 398 effe
1437 374 1527 398 eum
1549 360 1615 398 suo
1634 360 1809 398 testimo-

425 433 491 471 nio
509 447 517 470 :
550 430 699 474 deinde,
728 442 821 467 cum
840 437 973 466 contra
992 441 1106 465 nemo
1126 426 1282 470 diceret,
1309 425 1416 477 juffit
1435 439 1580 478 equum
1600 425 1808 464 traducere.

426 500 559 551 Itaque
578 499 623 543 is,
654 497 763 548 cujus
795 495 952 533 arbitrio
981 504 1018 532 et
1039 493 1204 546 populus
1227 493 1426 531 Romanus
1458 502 1495 530 et
1526 501 1660 530 exterae
1681 500 1812 544 gentes

427 573 618 603 contentae
637 562 707 601 effe
726 561 1010 605 consueverant,
1038 559 1115 612 ipse
1142 558 1206 596 sua
1233 558 1463 596 conscientia
1489 558 1535 596 ad
1554 557 1814 610 ignominiam

429 631 583 668 alterius
603 636 805 667 contentus
826 640 903 665 non
924 626 1013 665 fuit.
1046 624 1164 679 Qod
1184 624 1210 662 fi
1236 623 1312 662 hoc
1344 624 1462 662 Avito
1481 622 1603 661 facere
1633 622 1813 667 licuisset,

428 696 555 740 facile,
587 695 663 733 illis
683 693 769 746 ipfis
784 692 999 745 judicibus,
1033 701 1071 730 et
1089 690 1187 730 falsae
1207 689 1425 743 suspicioni,
1457 698 1495 728 et
1514 689 1666 728 invidiae
1685 702 1812 742 popu-

429 762 557 800 lariter
575 760 761 803 excitatae,
783 756 980 796 restitiffet.

485 829 625 865 Unum
645 826 760 863 etiam
780 824 844 868 est,
872 822 976 875 quod
1007 835 1070 860 me
1101 822 1271 859 maxime
1290 821 1508 865 conturbat,
1538 820 1602 858 cui
1633 820 1720 858 loco
1755 832 1815 857 re-

431 893 612 946 spondere
632 890 733 944 poffe
750 891 815 928 vix
835 890 978 933 videor,
1010 888 1116 940 quod
1135 887 1306 939 elogium
1338 887 1499 924 recitasti
1519 886 1566 924 de
1591 885 1816 924 testamento

433 960 510 996 Cn.
532 957 705 1009 Egnafii,
736 954 867 1007 patris,
898 953 1069 991 hominis
1100 951 1350 989 honestiffimi
1384 951 1564 988 videlicet
1596 959 1635 987 et
1667 950 1817 1002 sapien·

431 1024 578 1067 tiffimi,
599 1022 744 1060 idcirco
765 1019 800 1058 se
819 1018 1054 1058 exheredasse
1075 1017 1216 1062 filium,
1236 1017 1341 1069 quod
1361 1017 1392 1054 is
1412 1017 1462 1054 ob
1480 1016 1688 1069 Oppianici
1706 1016 1818 1054 dam-

432 1090 629 1129 nationem
645 1087 851 1141 pecuniam
871 1083 1082 1137 accepisset.
1115 1084 1177 1121 De
1196 1084 1308 1134 cujus
1328 1082 1499 1121 hominis
1526 1083 1679 1120 levitate
1698 1092 1737 1120 et
1755 1083 1818 1120 in-

432 1155 641 1195 constantia
661 1153 770 1206 plura
789 1165 868 1191 non
897 1151 1037 1189 dicam.
1071 1150 1162 1188 Hoc
1184 1149 1452 1187 testamentum
1474 1149 1614 1201 ipsum,
1634 1148 1739 1200 quod
1758 1161 1819 1186 re-

434 1223 542 1266 citas,
572 1219 760 1273 ejusmodi
781 1218 847 1263 est,
879 1226 922 1255 ut
941 1216 1020 1261 ille,
1051 1229 1143 1254 cum
1163 1229 1254 1253 eum
1275 1215 1401 1253 filium
1421 1213 1681 1259 exheredaret,
1702 1227 1822 1267 quem

434 1288 576 1332 oderat,
590 1288 626 1324 ei
641 1286 722 1324 filio
739 1284 942 1323 coheredes
961 1282 1138 1321 homines
1159 1281 1402 1320 alieniffimos
1422 1282 1688 1334 conjungeret,
1702 1293 1823 1333 quem

435 1353 633 1406 diligebat.
676 1351 748 1389 Sed
775 1360 832 1396 tu,
864 1351 966 1394 Atti,
998 1348 1221 1393 confideres,
1253 1346 1399 1391 censeo,
1429 1347 1646 1400 diligenter,
1689 1355 1822 1384 utrum

436 1421 636 1458 censorum
651 1417 846 1470 judicium
865 1429 977 1470 grave
996 1415 1088 1454 velis
1109 1414 1193 1459 effe,
1213 1428 1259 1452 an
1277 1414 1449 1466 Egnatii.
1478 1414 1517 1451 Si
1537 1412 1695 1466 Egnatii
1706 1430 1718 1457 ;
1741 1412 1823 1450 leve

437 1488 502 1531 est,
531 1485 635 1538 quod
665 1484 835 1523 censores
868 1482 913 1520 de
942 1481 1085 1520 caeteris
1116 1479 1438 1533 subscripserunt:
1470 1479 1596 1532 ipsum
1616 1478 1722 1517 enim
1744 1479 1822 1517 Cn.

437 1552 665 1605 Egnatium,
697 1563 814 1601 quem
846 1557 888 1587 tu
908 1560 1064 1600 gravem
1095 1545 1166 1584 effe
1185 1546 1255 1591 vis,
1286 1559 1332 1584 ex
1363 1545 1492 1583 senatu
1520 1546 1726 1597 ejecerunt.
1758 1544 1825 1582 Sin

438 1630 564 1656 autem
597 1616 796 1654 censorum
813 1632 825 1659 ;
856 1612 963 1652 hunc
993 1612 1221 1666 Egnatium,
1253 1625 1371 1664 quem
1405 1620 1509 1664 pater
1539 1610 1706 1649 censoria
1731 1609 1823 1648 sub-

439 1684 643 1737 scriptione
662 1680 918 1725 exheredavit,
939 1678 1108 1718 censores
1129 1678 1170 1716 in
1191 1678 1332 1722 senatu,
1351 1691 1441 1715 cum
1459 1686 1606 1730 patrem
1629 1677 1822 1728 ejicerent,

441 1752 692 1789 retinuerunt.

495 1815 645 1861 XLIX.
677 1815 732 1851 At
751 1813 857 1850 enim
877 1811 1024 1849 senatus
1045 1809 1239 1848 universus
1254 1808 1456 1860 judicavit,
1481 1807 1579 1845 illud
1600 1815 1827 1859 corruptum

441 1881 512 1920 effe
527 1880 737 1932 judicium.
769 1876 981 1929 Qomodo
1000 1877 1012 1913 ?
1044 1875 1204 1928 suscepit
1224 1874 1386 1912 causam.
1419 1876 1482 1911 An
1510 1873 1636 1926 potuit
1656 1886 1737 1910 rem
1758 1873 1827 1910 de-

442 1948 559 1985 latam
580 1945 765 1998 ejusmodi
797 1943 1022 1996 repudiare?
1054 1955 1145 1980 cum
1177 1941 1354 1978 tribunus
1387 1940 1524 1992 plebis,
1557 1939 1702 1992 populo
1732 1952 1828 1977 con-

443 2014 573 2056 citato,
607 2024 687 2049 rem
719 2023 813 2063 pene
848 2009 894 2046 ad
928 2020 1062 2046 manus
1095 2006 1321 2050 revocass‘et3
1353 2019 1445 2044 cum
1477 2006 1533 2043 vir
1563 2005 1748 2057 optimus,
1790 2013 1830 2043 et

443 2078 563 2117 homo
597 2074 941 2118 innocendffimus,
988 2073 1150 2125 pecunia
1183 2072 1468 2110 circumventus
1505 2070 1576 2108 effe
1610 2071 1826 2114 diceretur;
1851 2112 1853 2114 ¹

444 2158 535 2183 cum
558 2143 699 2181 invidia
719 2141 889 2193 flagraret
910 2139 1001 2177 ordo
1022 2139 1253 2182 senatorius;
1283 2138 1408 2190 potuit
1429 2136 1527 2174 nihil
1549 2136 1700 2174 decerni
1721 2137 1733 2172 ?
1752 2149 1828 2188 po-

446 2211 521 2250 tuit
540 2209 605 2246 illa
625 2207 831 2246 concitatio
853 2204 1115 2243 multitudinis
1137 2204 1213 2241 fine
1242 2203 1394 2240 summo
1414 2201 1585 2254 periculo
1611 2200 1830 2253 reipublicae

447 2275 633 2328 repudiari
654 2274 665 2311 ?
699 2275 752 2311 At
773 2272 867 2324 quid
886 2271 937 2309 est
969 2271 1165 2309 decretum
1185 2270 1196 2306 ?
1229 2283 1345 2322 quam
1374 2269 1569 2321 sapienter,
1601 2281 1717 2320 quam
1737 2266 1828 2304 dili-

447 2351 579 2395 genter
595 2342 607 2379 ?
637 2342 679 2379 Si
695 2340 868 2393 quifimt‚
890 2352 1036 2391 quorum
1057 2336 1389 2390 opes-afab‘t'umsit,
1414 2344 1455 2373 ut
1461 2334 1637 2387 judicium
1649 2333 1830 2386 publicum

449 2416 751 2461 cor7·u,.„⁴peretur.
784 2406 929 2443 Utrum
950 2404 1100 2442 videtur
1121 2403 1266 2441 senatus
1288 2403 1328 2440 id
1347 2401 1492 2440 factum
1508 2401 1706 2453 judicare5
1729 2411 1790 2443 an,
1805 2398 1829 2435 fi
