<?xml version="1.0" encoding="UTF-8"?>
<!DOCTYPE html PUBLIC "-//W3C//DTD XHTML 1.0 Transitional//EN"
    "http://www.w3.org/TR/xhtml1/DTD/xhtml1-transitional.dtd">
<html xmlns="http://www.w3.org/1999/xhtml" xml:lang="en" lang="en">
 <head>
  <title>
</title>
<meta http-equiv="Content-Type" content="text/html;charset=utf-8" />
  <meta name='ocr-system' content='tesseract 3.04.00' />
  <meta name='ocr-capabilities' content='ocr_page ocr_carea ocr_par ocr_line ocrx_word'/>
</head>
<body>
  <div class='ocr_page' id='page_1' title='image "./operacumindicibu05ciceuoft_0165.png"; bbox 0 0 2212 2835; ppageno 0'>
   <div class='ocr_carea' id='block_1_1' title="bbox 695 233 1732 286">
    <p class='ocr_par' dir='ltr' id='par_1_1' title="bbox 695 233 1732 286">
     <span class='ocr_line' id='line_1_1' title="bbox 695 233 1732 286; baseline -0.001 -13"><span class='ocrx_word' id='word_1_1' title='bbox 695 234 834 274; x_wconf 88' lang='lat' dir='ltr'><strong>PRO</strong></span> <span class='ocrx_word' id='word_1_2' title='bbox 895 235 942 273; x_wconf 92' lang='lat' dir='ltr'><strong>C.</strong></span> <span class='ocrx_word' id='word_1_3' title='bbox 1004 233 1343 272; x_wconf 84' lang='lat' dir='ltr'><strong>RABIRIO.</strong></span> <span class='ocrx_word' id='word_1_4' title='bbox 1661 246 1732 286; x_wconf 73' lang='lat'><strong>133</strong></span> 
     </span>
    </p>
   </div>
   <div class='ocr_carea' id='block_1_2' title="bbox 393 327 1736 384">
    <p class='ocr_par' dir='ltr' id='par_1_2' title="bbox 393 327 1736 384">
     <span class='ocr_line' id='line_1_2' title="bbox 393 327 1736 384; baseline -0.001 -17"><span class='ocrx_word' id='word_1_5' title='bbox 393 330 465 370; x_wconf 87' lang='lat' dir='ltr'><strong>VI.</strong></span> <span class='ocrx_word' id='word_1_6' title='bbox 498 331 642 384; x_wconf 86' lang='lat' dir='ltr'><strong>Arguis</strong></span> <span class='ocrx_word' id='word_1_7' title='bbox 663 331 834 369; x_wconf 86' lang='lat' dir='ltr'><strong>occisum</strong></span> <span class='ocrx_word' id='word_1_8' title='bbox 856 331 927 369; x_wconf 78' lang='lat' dir='ltr'><strong>effe</strong></span> <span class='ocrx_word' id='word_1_9' title='bbox 947 344 967 368; x_wconf 86' lang='lat' dir='ltr'><strong>a</strong></span> <span class='ocrx_word' id='word_1_10' title='bbox 988 331 1035 369; x_wconf 87' lang='lat' dir='ltr'><strong>C.</strong></span> <span class='ocrx_word' id='word_1_11' title='bbox 1067 331 1226 369; x_wconf 78' lang='lat' dir='ltr'>Rabirio</span> <span class='ocrx_word' id='word_1_12' title='bbox 1249 332 1297 369; x_wconf 92' lang='lat' dir='ltr'><strong>L.</strong></span> <span class='ocrx_word' id='word_1_13' title='bbox 1328 329 1576 368; x_wconf 84' lang='lat' dir='ltr'><strong>Saturninum</strong></span> <span class='ocrx_word' id='word_1_14' title='bbox 1596 344 1604 367; x_wconf 77' lang='lat'><strong><em>2</em></strong></span> <span class='ocrx_word' id='word_1_15' title='bbox 1637 338 1675 367; x_wconf 89' lang='lat' dir='ltr'><strong>et</strong></span> <span class='ocrx_word' id='word_1_16' title='bbox 1696 327 1736 365; x_wconf 83' lang='lat' dir='ltr'><strong>id</strong></span> 
     </span>
    </p>
   </div>
   <div class='ocr_carea' id='block_1_3' title="bbox 337 395 1737 513">
    <p class='ocr_par' dir='ltr' id='par_1_3' title="bbox 337 395 1737 513">
     <span class='ocr_line' id='line_1_3' title="bbox 337 395 1735 449; baseline -0.002 -14"><span class='ocrx_word' id='word_1_17' title='bbox 337 397 384 435; x_wconf 82' lang='lat' dir='ltr'><strong>C.</strong></span> <span class='ocrx_word' id='word_1_18' title='bbox 420 399 600 436; x_wconf 84' lang='lat' dir='ltr'>Rabirius</span> <span class='ocrx_word' id='word_1_19' title='bbox 633 398 852 435; x_wconf 83' lang='lat' dir='ltr'><strong>multorum</strong></span> <span class='ocrx_word' id='word_1_20' title='bbox 883 397 1127 441; x_wconf 88' lang='lat' dir='ltr'><strong>testimoniis,</strong></span> <span class='ocrx_word' id='word_1_21' title='bbox 1159 397 1228 447; x_wconf 84' lang='lat' dir='ltr'>Q</span> <span class='ocrx_word' id='word_1_22' title='bbox 1248 397 1456 434; x_wconf 81' lang='lat' dir='ltr'><strong>Hortenslo</strong></span> <span class='ocrx_word' id='word_1_23' title='bbox 1483 395 1735 449; x_wconf 80' lang='lat' dir='ltr'><strong>copiosissime</strong></span> 
     </span>
     <span class='ocr_line' id='line_1_4' title="bbox 338 459 1737 513; baseline -0.002 -13"><span class='ocrx_word' id='word_1_24' title='bbox 338 462 582 507; x_wconf 82' lang='lat' dir='ltr'><strong>defendente,</strong></span> <span class='ocrx_word' id='word_1_25' title='bbox 614 472 722 500; x_wconf 85' lang='lat' dir='ltr'><strong>antea</strong></span> <span class='ocrx_word' id='word_1_26' title='bbox 742 461 882 499; x_wconf 88' lang='lat' dir='ltr'><strong>falsum</strong></span> <span class='ocrx_word' id='word_1_27' title='bbox 903 461 974 499; x_wconf 83' lang='lat' dir='ltr'><strong>effe</strong></span> <span class='ocrx_word' id='word_1_28' title='bbox 1000 461 1147 499; x_wconf 86' lang='lat' dir='ltr'><strong>docuit.</strong></span> <span class='ocrx_word' id='word_1_29' title='bbox 1181 463 1267 513; x_wconf 83' lang='lat' dir='ltr'><strong>Ego</strong></span> <span class='ocrx_word' id='word_1_30' title='bbox 1294 470 1436 506; x_wconf 83' lang='lat' dir='ltr'><strong>autem,</strong></span> <span class='ocrx_word' id='word_1_31' title='bbox 1470 462 1494 499; x_wconf 89' lang='lat' dir='ltr'><strong>s1</strong></span> <span class='ocrx_word' id='word_1_32' title='bbox 1524 460 1624 499; x_wconf 89' lang='lat' dir='ltr'><strong>mihi</strong></span> <span class='ocrx_word' id='word_1_33' title='bbox 1647 459 1737 497; x_wconf 80' lang='lat' dir='ltr'><strong>efi&#39;et</strong></span> 
     </span>
    </p>
   </div>
   <div class='ocr_carea' id='block_1_4' title="bbox 336 525 1754 2624">
    <p class='ocr_par' dir='ltr' id='par_1_4' title="bbox 336 525 1742 1112">
     <span class='ocr_line' id='line_1_5' title="bbox 336 525 1734 580; baseline -0.001 -15"><span class='ocrx_word' id='word_1_34' title='bbox 336 528 546 579; x_wconf 85' lang='lat' dir='ltr'><strong>integrum,</strong></span> <span class='ocrx_word' id='word_1_35' title='bbox 577 527 804 580; x_wconf 84' lang='lat' dir='ltr'><strong>susciperem</strong></span> <span class='ocrx_word' id='word_1_36' title='bbox 827 526 902 564; x_wconf 90' lang='lat' dir='ltr'><strong>hoc</strong></span> <span class='ocrx_word' id='word_1_37' title='bbox 924 527 1088 571; x_wconf 84' lang='lat' dir='ltr'><strong>crimen,</strong></span> <span class='ocrx_word' id='word_1_38' title='bbox 1110 526 1370 579; x_wconf 83' lang='lat' dir='ltr'><strong>agnoscerem,</strong></span> <span class='ocrx_word' id='word_1_39' title='bbox 1392 526 1607 564; x_wconf 86' lang='lat' dir='ltr'><strong>confiterer.</strong></span> <span class='ocrx_word' id='word_1_40' title='bbox 1640 525 1734 563; x_wconf 85' lang='lat' dir='ltr'><strong>Uti-</strong></span> 
     </span>
     <span class='ocr_line' id='line_1_6' title="bbox 336 591 1736 645; baseline -0.001 -15"><span class='ocrx_word' id='word_1_41' title='bbox 336 606 425 631; x_wconf 85' lang='lat' dir='ltr'><strong>nam</strong></span> <span class='ocrx_word' id='word_1_42' title='bbox 461 593 561 631; x_wconf 88' lang='lat' dir='ltr'><strong>hanc</strong></span> <span class='ocrx_word' id='word_1_43' title='bbox 596 593 696 632; x_wconf 90' lang='lat' dir='ltr'><strong>mihi</strong></span> <span class='ocrx_word' id='word_1_44' title='bbox 727 593 952 631; x_wconf 82' lang='lat' dir='ltr'><strong>facultatem</strong></span> <span class='ocrx_word' id='word_1_45' title='bbox 988 592 1096 631; x_wconf 90' lang='lat' dir='ltr'><strong>causa</strong></span> <span class='ocrx_word' id='word_1_46' title='bbox 1127 593 1368 638; x_wconf 85' lang='lat' dir='ltr'><strong>concederet,</strong></span> <span class='ocrx_word' id='word_1_47' title='bbox 1408 602 1451 630; x_wconf 89' lang='lat' dir='ltr'><strong>ut</strong></span> <span class='ocrx_word' id='word_1_48' title='bbox 1482 592 1625 645; x_wconf 72' lang='lat' dir='ltr'><strong>possem</strong></span> <span class='ocrx_word' id='word_1_49' title='bbox 1660 591 1736 629; x_wconf 89' lang='lat' dir='ltr'><strong>hoc</strong></span> 
     </span>
     <span class='ocr_line' id='line_1_7' title="bbox 337 658 1737 712; baseline -0.001 -14"><span class='ocrx_word' id='word_1_50' title='bbox 337 660 554 712; x_wconf 62' lang='lat' dir='ltr'><strong>praedicare,</strong></span> <span class='ocrx_word' id='word_1_51' title='bbox 578 662 626 698; x_wconf 89' lang='lat' dir='ltr'><strong>C.</strong></span> <span class='ocrx_word' id='word_1_52' title='bbox 650 660 801 698; x_wconf 84' lang='lat' dir='ltr'>Rabirii</span> <span class='ocrx_word' id='word_1_53' title='bbox 822 673 940 697; x_wconf 89' lang='lat' dir='ltr'><strong>manu</strong></span> <span class='ocrx_word' id='word_1_54' title='bbox 962 660 1010 698; x_wconf 93' lang='lat' dir='ltr'><strong>L.</strong></span> <span class='ocrx_word' id='word_1_55' title='bbox 1035 660 1302 705; x_wconf 87' lang='lat' dir='ltr'><strong>Saturninum,</strong></span> <span class='ocrx_word' id='word_1_56' title='bbox 1324 658 1474 698; x_wconf 89' lang='lat' dir='ltr'><strong>hostem</strong></span> <span class='ocrx_word' id='word_1_57' title='bbox 1495 658 1631 712; x_wconf 89' lang='lat' dir='ltr'><strong>populi</strong></span> <span class='ocrx_word' id='word_1_58' title='bbox 1653 659 1737 696; x_wconf 86' lang='lat' dir='ltr'><strong>Ro-</strong></span> 
     </span>
     <span class='ocr_line' id='line_1_8' title="bbox 337 723 1737 772; baseline -0.001 -8"><span class='ocrx_word' id='word_1_59' title='bbox 337 728 457 772; x_wconf 88' lang='lat' dir='ltr'><strong>mani,</strong></span> <span class='ocrx_word' id='word_1_60' title='bbox 479 726 726 765; x_wconf 66' lang='lat' dir='ltr'><strong>interfectum</strong></span> <span class='ocrx_word' id='word_1_61' title='bbox 747 725 754 763; x_wconf 88' lang='lat'>!</span> <span class='ocrx_word' id='word_1_62' title='bbox 784 724 900 764; x_wconf 89' lang='lat' dir='ltr'><strong>Nihil</strong></span> <span class='ocrx_word' id='word_1_63' title='bbox 922 739 985 764; x_wconf 90' lang='lat' dir='ltr'><strong>me</strong></span> <span class='ocrx_word' id='word_1_64' title='bbox 1005 726 1153 764; x_wconf 88' lang='lat' dir='ltr'><strong>clamor</strong></span> <span class='ocrx_word' id='word_1_65' title='bbox 1172 726 1240 764; x_wconf 92' lang='lat' dir='ltr'><strong>iste</strong></span> <span class='ocrx_word' id='word_1_66' title='bbox 1259 733 1498 770; x_wconf 86' lang='lat' dir='ltr'><strong>commovet,</strong></span> <span class='ocrx_word' id='word_1_67' title='bbox 1520 725 1581 763; x_wconf 90' lang='lat' dir='ltr'><strong>sed</strong></span> <span class='ocrx_word' id='word_1_68' title='bbox 1602 723 1737 763; x_wconf 88' lang='lat' dir='ltr'><strong>conso-</strong></span> 
     </span>
     <span class='ocr_line' id='line_1_9' title="bbox 337 791 1738 845; baseline 0 -15"><span class='ocrx_word' id='word_1_69' title='bbox 337 792 452 838; x_wconf 83' lang='lat' dir='ltr'><strong>latur,</strong></span> <span class='ocrx_word' id='word_1_70' title='bbox 474 807 567 832; x_wconf 92' lang='lat' dir='ltr'><strong>cum</strong></span> <span class='ocrx_word' id='word_1_71' title='bbox 583 793 728 831; x_wconf 91' lang='lat' dir='ltr'><strong>indicat</strong></span> <span class='ocrx_word' id='word_1_72' title='bbox 744 791 817 830; x_wconf 82' lang='lat' dir='ltr'><strong>effe</strong></span> <span class='ocrx_word' id='word_1_73' title='bbox 837 792 1023 845; x_wconf 88' lang='lat' dir='ltr'><strong>quosdam</strong></span> <span class='ocrx_word' id='word_1_74' title='bbox 1045 792 1146 830; x_wconf 87' lang='lat' dir='ltr'><strong>cives</strong></span> <span class='ocrx_word' id='word_1_75' title='bbox 1167 792 1383 844; x_wconf 87' lang='lat' dir='ltr'><strong>imperitos,</strong></span> <span class='ocrx_word' id='word_1_76' title='bbox 1406 791 1466 829; x_wconf 91' lang='lat' dir='ltr'><strong>sed</strong></span> <span class='ocrx_word' id='word_1_77' title='bbox 1482 805 1560 830; x_wconf 91' lang='lat' dir='ltr'><strong>non</strong></span> <span class='ocrx_word' id='word_1_78' title='bbox 1577 791 1738 830; x_wconf 82' lang='lat' dir='ltr'><strong>multos.</strong></span> 
     </span>
     <span class='ocr_line' id='line_1_10' title="bbox 340 857 1740 912; baseline -0.002 -14"><span class='ocrx_word' id='word_1_79' title='bbox 340 859 573 912; x_wconf 85' lang='lat' dir='ltr'><strong>Nunquam,</strong></span> <span class='ocrx_word' id='word_1_80' title='bbox 596 858 697 898; x_wconf 84' lang='lat' dir='ltr'><strong>mihi</strong></span> <span class='ocrx_word' id='word_1_81' title='bbox 717 859 874 903; x_wconf 85' lang='lat' dir='ltr'><strong>credite,</strong></span> <span class='ocrx_word' id='word_1_82' title='bbox 898 858 1064 911; x_wconf 87' lang='lat' dir='ltr'><strong>populus</strong></span> <span class='ocrx_word' id='word_1_83' title='bbox 1087 859 1288 897; x_wconf 82' lang='lat' dir='ltr'><strong>Romanus</strong></span> <span class='ocrx_word' id='word_1_84' title='bbox 1309 857 1389 904; x_wconf 89' lang='lat' dir='ltr'><strong>hic,</strong></span> <span class='ocrx_word' id='word_1_85' title='bbox 1421 858 1489 911; x_wconf 89' lang='lat' dir='ltr'><strong>qui</strong></span> <span class='ocrx_word' id='word_1_86' title='bbox 1510 857 1607 903; x_wconf 91' lang='lat' dir='ltr'><strong>filet,</strong></span> <span class='ocrx_word' id='word_1_87' title='bbox 1630 858 1740 895; x_wconf 90' lang='lat' dir='ltr'><strong>Con-</strong></span> 
     </span>
     <span class='ocr_line' id='line_1_11' title="bbox 340 925 1740 978; baseline -0.001 -15"><span class='ocrx_word' id='word_1_88' title='bbox 340 925 462 964; x_wconf 86' lang='lat' dir='ltr'><strong>sulem</strong></span> <span class='ocrx_word' id='word_1_89' title='bbox 483 941 547 965; x_wconf 91' lang='lat' dir='ltr'><strong>me</strong></span> <span class='ocrx_word' id='word_1_90' title='bbox 567 925 724 970; x_wconf 70' lang='lat' dir='ltr'><strong>fecisset,</strong></span> <span class='ocrx_word' id='word_1_91' title='bbox 747 925 773 963; x_wconf 89' lang='lat' dir='ltr'>fi</span> <span class='ocrx_word' id='word_1_92' title='bbox 793 925 913 963; x_wconf 89' lang='lat' dir='ltr'><strong>vestro</strong></span> <span class='ocrx_word' id='word_1_93' title='bbox 933 925 1102 964; x_wconf 87' lang='lat' dir='ltr'><strong>clamore</strong></span> <span class='ocrx_word' id='word_1_94' title='bbox 1121 926 1389 978; x_wconf 91' lang='lat' dir='ltr'><strong>perturbatum</strong></span> <span class='ocrx_word' id='word_1_95' title='bbox 1409 925 1457 963; x_wconf 90' lang='lat' dir='ltr'><strong>iri</strong></span> <span class='ocrx_word' id='word_1_96' title='bbox 1481 925 1740 963; x_wconf 83' lang='lat' dir='ltr'><strong>arbitraretur.</strong></span> 
     </span>
     <span class='ocr_line' id='line_1_12' title="bbox 343 992 1742 1045; baseline -0.001 -15"><span class='ocrx_word' id='word_1_97' title='bbox 343 994 503 1045; x_wconf 82' lang='lat' dir='ltr'><strong>Qanto</strong></span> <span class='ocrx_word' id='word_1_98' title='bbox 517 995 600 1045; x_wconf 90' lang='lat' dir='ltr'><strong>jam</strong></span> <span class='ocrx_word' id='word_1_99' title='bbox 622 993 741 1031; x_wconf 91' lang='lat' dir='ltr'><strong>levior</strong></span> <span class='ocrx_word' id='word_1_100' title='bbox 761 993 812 1030; x_wconf 89' lang='lat' dir='ltr'><strong>est</strong></span> <span class='ocrx_word' id='word_1_101' title='bbox 833 992 1081 1031; x_wconf 87' lang='lat' dir='ltr'><strong>acclamatio!</strong></span> <span class='ocrx_word' id='word_1_102' title='bbox 1106 993 1216 1044; x_wconf 86' lang='lat' dir='ltr'><strong>Qin</strong></span> <span class='ocrx_word' id='word_1_103' title='bbox 1236 993 1442 1031; x_wconf 88' lang='lat' dir='ltr'><strong>continetis</strong></span> <span class='ocrx_word' id='word_1_104' title='bbox 1462 1005 1614 1037; x_wconf 91' lang='lat' dir='ltr'><strong>vocem,</strong></span> <span class='ocrx_word' id='word_1_105' title='bbox 1636 992 1742 1030; x_wconf 83' lang='lat' dir='ltr'><strong>indi-</strong></span> 
     </span>
     <span class='ocr_line' id='line_1_13' title="bbox 343 1059 1202 1112; baseline -0.002 -14"><span class='ocrx_word' id='word_1_106' title='bbox 343 1073 428 1098; x_wconf 89' lang='lat' dir='ltr'><strong>cem</strong></span> <span class='ocrx_word' id='word_1_107' title='bbox 450 1060 619 1099; x_wconf 84' lang='lat' dir='ltr'><strong>stultitiae</strong></span> <span class='ocrx_word' id='word_1_108' title='bbox 640 1060 780 1104; x_wconf 87' lang='lat' dir='ltr'><strong>vestrae,</strong></span> <span class='ocrx_word' id='word_1_109' title='bbox 813 1059 945 1098; x_wconf 90' lang='lat' dir='ltr'><strong>testem</strong></span> <span class='ocrx_word' id='word_1_110' title='bbox 967 1060 1170 1112; x_wconf 86' lang='lat' dir='ltr'><strong>paucitatis</strong></span> <span class='ocrx_word' id='word_1_111' title='bbox 1190 1060 1202 1096; x_wconf 91' lang='lat'>?</span> 
     </span>
    </p>

    <p class='ocr_par' dir='ltr' id='par_1_5' title="bbox 344 1125 1751 1907">
     <span class='ocr_line' id='line_1_14' title="bbox 400 1125 1744 1179; baseline -0.002 -13"><span class='ocrx_word' id='word_1_112' title='bbox 400 1127 602 1172; x_wconf 87' lang='lat' dir='ltr'><strong>Libenter,</strong></span> <span class='ocrx_word' id='word_1_113' title='bbox 634 1127 809 1179; x_wconf 87' lang='lat' dir='ltr'><strong>inquam,</strong></span> <span class='ocrx_word' id='word_1_114' title='bbox 845 1126 1062 1170; x_wconf 88' lang='lat' dir='ltr'><strong>confiterer,</strong></span> <span class='ocrx_word' id='word_1_115' title='bbox 1098 1126 1124 1163; x_wconf 79' lang='lat' dir='ltr'><strong>si</strong></span> <span class='ocrx_word' id='word_1_116' title='bbox 1159 1139 1244 1163; x_wconf 92' lang='lat' dir='ltr'><strong>vere</strong></span> <span class='ocrx_word' id='word_1_117' title='bbox 1277 1125 1437 1178; x_wconf 83' lang='lat' dir='ltr'><strong>poffem,</strong></span> <span class='ocrx_word' id='word_1_118' title='bbox 1473 1134 1539 1164; x_wconf 85' lang='lat' dir='ltr'><strong>aut</strong></span> <span class='ocrx_word' id='word_1_119' title='bbox 1569 1125 1685 1165; x_wconf 90' lang='lat' dir='ltr'><strong>etiam</strong></span> <span class='ocrx_word' id='word_1_120' title='bbox 1717 1125 1744 1163; x_wconf 91' lang='lat' dir='ltr'>fi</span> 
     </span>
     <span class='ocr_line' id='line_1_15' title="bbox 344 1192 1744 1246; baseline -0.001 -14"><span class='ocrx_word' id='word_1_121' title='bbox 344 1192 446 1232; x_wconf 83' lang='lat' dir='ltr'><strong>mihi</strong></span> <span class='ocrx_word' id='word_1_122' title='bbox 466 1194 555 1232; x_wconf 85' lang='lat' dir='ltr'><strong>effet</strong></span> <span class='ocrx_word' id='word_1_123' title='bbox 574 1194 787 1246; x_wconf 85' lang='lat' dir='ltr'><strong>integrum,</strong></span> <span class='ocrx_word' id='word_1_124' title='bbox 819 1193 866 1230; x_wconf 90' lang='lat' dir='ltr'><strong>C.</strong></span> <span class='ocrx_word' id='word_1_125' title='bbox 891 1192 1042 1230; x_wconf 83' lang='lat' dir='ltr'><strong>Rabirii</strong></span> <span class='ocrx_word' id='word_1_126' title='bbox 1062 1206 1181 1230; x_wconf 89' lang='lat' dir='ltr'><strong>manu</strong></span> <span class='ocrx_word' id='word_1_127' title='bbox 1202 1193 1250 1230; x_wconf 89' lang='lat' dir='ltr'><strong>L.</strong></span> <span class='ocrx_word' id='word_1_128' title='bbox 1275 1193 1527 1231; x_wconf 87' lang='lat' dir='ltr'><strong>Saturninum</strong></span> <span class='ocrx_word' id='word_1_129' title='bbox 1546 1192 1618 1230; x_wconf 84' lang='lat' dir='ltr'><strong>effe</strong></span> <span class='ocrx_word' id='word_1_130' title='bbox 1637 1192 1744 1231; x_wconf 87' lang='lat' dir='ltr'><strong>occi-</strong></span> 
     </span>
     <span class='ocr_line' id='line_1_16' title="bbox 344 1257 1746 1311; baseline -0.001 -14"><span class='ocrx_word' id='word_1_131' title='bbox 344 1259 428 1297; x_wconf 91' lang='lat' dir='ltr'><strong>sum</strong></span> <span class='ocrx_word' id='word_1_132' title='bbox 445 1277 457 1304; x_wconf 84' lang='lat'>;</span> <span class='ocrx_word' id='word_1_133' title='bbox 489 1268 527 1297; x_wconf 90' lang='lat' dir='ltr'><strong>et</strong></span> <span class='ocrx_word' id='word_1_134' title='bbox 546 1259 586 1297; x_wconf 93' lang='lat' dir='ltr'><strong>id</strong></span> <span class='ocrx_word' id='word_1_135' title='bbox 606 1257 754 1297; x_wconf 87' lang='lat' dir='ltr'><strong>facinus</strong></span> <span class='ocrx_word' id='word_1_136' title='bbox 776 1257 1089 1311; x_wconf 90' lang='lat' dir='ltr'><strong>pulcherrimum</strong></span> <span class='ocrx_word' id='word_1_137' title='bbox 1110 1257 1182 1296; x_wconf 91' lang='lat' dir='ltr'><strong>esse</strong></span> <span class='ocrx_word' id='word_1_138' title='bbox 1202 1258 1401 1296; x_wconf 87' lang='lat' dir='ltr'><strong>arbitrarer</strong></span> <span class='ocrx_word' id='word_1_139' title='bbox 1420 1273 1428 1297; x_wconf 92' lang='lat'>:</span> <span class='ocrx_word' id='word_1_140' title='bbox 1460 1258 1536 1304; x_wconf 89' lang='lat' dir='ltr'><strong>sed,</strong></span> <span class='ocrx_word' id='word_1_141' title='bbox 1559 1258 1746 1311; x_wconf 88' lang='lat' dir='ltr'><strong>quoniam</strong></span> 
     </span>
     <span class='ocr_line' id='line_1_17' title="bbox 344 1324 1746 1379; baseline -0.001 -16"><span class='ocrx_word' id='word_1_142' title='bbox 344 1325 385 1363; x_wconf 92' lang='lat' dir='ltr'><strong>id</strong></span> <span class='ocrx_word' id='word_1_143' title='bbox 416 1325 541 1367; x_wconf 73' lang='lat' dir='ltr'><strong>face-re</strong></span> <span class='ocrx_word' id='word_1_144' title='bbox 570 1339 648 1365; x_wconf 89' lang='lat' dir='ltr'><strong>non</strong></span> <span class='ocrx_word' id='word_1_145' title='bbox 680 1325 845 1379; x_wconf 72' lang='lat' dir='ltr'><strong>possum,</strong></span> <span class='ocrx_word' id='word_1_146' title='bbox 877 1324 1092 1363; x_wconf 90' lang='lat' dir='ltr'><strong>confitebor</strong></span> <span class='ocrx_word' id='word_1_147' title='bbox 1123 1325 1176 1370; x_wconf 83' lang='lat' dir='ltr'><strong>id,</strong></span> <span class='ocrx_word' id='word_1_148' title='bbox 1213 1325 1318 1378; x_wconf 90' lang='lat' dir='ltr'><strong>quod</strong></span> <span class='ocrx_word' id='word_1_149' title='bbox 1351 1325 1397 1363; x_wconf 91' lang='lat' dir='ltr'><strong>ad</strong></span> <span class='ocrx_word' id='word_1_150' title='bbox 1427 1324 1584 1363; x_wconf 89' lang='lat' dir='ltr'><strong>laudem</strong></span> <span class='ocrx_word' id='word_1_151' title='bbox 1615 1325 1746 1363; x_wconf 84' lang='lat' dir='ltr'><strong>minus</strong></span> 
     </span>
     <span class='ocr_line' id='line_1_18' title="bbox 346 1390 1748 1438; baseline -0.001 -9"><span class='ocrx_word' id='word_1_152' title='bbox 346 1391 504 1438; x_wconf 89' lang='lat' dir='ltr'><strong>valebit,</strong></span> <span class='ocrx_word' id='word_1_153' title='bbox 526 1392 572 1430; x_wconf 92' lang='lat' dir='ltr'><strong>ad</strong></span> <span class='ocrx_word' id='word_1_154' title='bbox 592 1392 741 1430; x_wconf 89' lang='lat' dir='ltr'><strong>crimen</strong></span> <span class='ocrx_word' id='word_1_155' title='bbox 761 1406 838 1430; x_wconf 88' lang='lat' dir='ltr'><strong>non</strong></span> <span class='ocrx_word' id='word_1_156' title='bbox 861 1392 1006 1430; x_wconf 86' lang='lat' dir='ltr'><strong>minus.</strong></span> <span class='ocrx_word' id='word_1_157' title='bbox 1041 1391 1253 1437; x_wconf 87' lang='lat' dir='ltr'><strong>Confiteor,</strong></span> <span class='ocrx_word' id='word_1_158' title='bbox 1275 1391 1533 1430; x_wconf 89' lang='lat' dir='ltr'><strong>interficiendi</strong></span> <span class='ocrx_word' id='word_1_159' title='bbox 1554 1390 1748 1429; x_wconf 86' lang='lat' dir='ltr'><strong>Saturnini</strong></span> 
     </span>
     <span class='ocr_line' id='line_1_19' title="bbox 346 1457 1750 1511; baseline 0 -15"><span class='ocrx_word' id='word_1_160' title='bbox 346 1458 467 1504; x_wconf 85' lang='lat' dir='ltr'><strong>causa,</strong></span> <span class='ocrx_word' id='word_1_161' title='bbox 500 1459 547 1497; x_wconf 90' lang='lat' dir='ltr'><strong>C.</strong></span> <span class='ocrx_word' id='word_1_162' title='bbox 573 1459 780 1497; x_wconf 90' lang='lat' dir='ltr'><strong>Rabirium</strong></span> <span class='ocrx_word' id='word_1_163' title='bbox 799 1471 905 1496; x_wconf 83' lang='lat' dir='ltr'><strong>arma</strong></span> <span class='ocrx_word' id='word_1_164' title='bbox 935 1457 1084 1510; x_wconf 76' lang='lat' dir='ltr'><strong>cepisse.</strong></span> <span class='ocrx_word' id='word_1_165' title='bbox 1118 1458 1227 1510; x_wconf 83' lang='lat' dir='ltr'><strong>Qid</strong></span> <span class='ocrx_word' id='word_1_166' title='bbox 1248 1458 1314 1503; x_wconf 91' lang='lat' dir='ltr'><strong>est,</strong></span> <span class='ocrx_word' id='word_1_167' title='bbox 1346 1458 1550 1497; x_wconf 87' lang='lat' dir='ltr'><strong>Labiene?</strong></span> <span class='ocrx_word' id='word_1_168' title='bbox 1582 1471 1701 1511; x_wconf 89' lang='lat' dir='ltr'><strong>quam</strong></span> <span class='ocrx_word' id='word_1_169' title='bbox 1729 1471 1750 1495; x_wconf 89' lang='lat' dir='ltr'><strong>a</strong></span> 
     </span>
     <span class='ocr_line' id='line_1_20' title="bbox 349 1523 1748 1577; baseline 0.001 -15"><span class='ocrx_word' id='word_1_170' title='bbox 349 1538 413 1562; x_wconf 89' lang='lat' dir='ltr'><strong>me</strong></span> <span class='ocrx_word' id='word_1_171' title='bbox 438 1525 652 1577; x_wconf 85' lang='lat' dir='ltr'><strong>graviorem</strong></span> <span class='ocrx_word' id='word_1_172' title='bbox 680 1523 970 1568; x_wconf 85' lang='lat' dir='ltr'><strong>confeffionem,</strong></span> <span class='ocrx_word' id='word_1_173' title='bbox 1002 1533 1068 1562; x_wconf 88' lang='lat' dir='ltr'><strong>aut</strong></span> <span class='ocrx_word' id='word_1_174' title='bbox 1094 1525 1199 1576; x_wconf 89' lang='lat' dir='ltr'><strong>quod</strong></span> <span class='ocrx_word' id='word_1_175' title='bbox 1228 1524 1268 1562; x_wconf 91' lang='lat' dir='ltr'><strong>in</strong></span> <span class='ocrx_word' id='word_1_176' title='bbox 1294 1523 1401 1563; x_wconf 90' lang='lat' dir='ltr'><strong>hunc</strong></span> <span class='ocrx_word' id='word_1_177' title='bbox 1429 1525 1552 1577; x_wconf 88' lang='lat' dir='ltr'><strong>majus</strong></span> <span class='ocrx_word' id='word_1_178' title='bbox 1584 1525 1748 1570; x_wconf 87' lang='lat' dir='ltr'><strong>crimen,</strong></span> 
     </span>
     <span class='ocr_line' id='line_1_21' title="bbox 350 1590 1749 1644; baseline 0.001 -17"><span class='ocrx_word' id='word_1_179' title='bbox 350 1591 547 1642; x_wconf 63' lang='lat' dir='ltr'><strong>expectas?</strong></span> <span class='ocrx_word' id='word_1_180' title='bbox 571 1591 656 1629; x_wconf 79' lang='lat' dir='ltr'><strong>Nisi</strong></span> <span class='ocrx_word' id='word_1_181' title='bbox 678 1604 766 1628; x_wconf 87' lang='lat' dir='ltr'><strong>vero</strong></span> <span class='ocrx_word' id='word_1_182' title='bbox 788 1590 959 1628; x_wconf 83' lang='lat' dir='ltr'><strong>intereffe</strong></span> <span class='ocrx_word' id='word_1_183' title='bbox 979 1590 1126 1642; x_wconf 86' lang='lat' dir='ltr'><strong>aliquid</strong></span> <span class='ocrx_word' id='word_1_184' title='bbox 1146 1599 1257 1643; x_wconf 87' lang='lat' dir='ltr'><strong>putas</strong></span> <span class='ocrx_word' id='word_1_185' title='bbox 1278 1590 1378 1628; x_wconf 89' lang='lat' dir='ltr'><strong>inter</strong></span> <span class='ocrx_word' id='word_1_186' title='bbox 1397 1604 1503 1635; x_wconf 90' lang='lat' dir='ltr'><strong>eum,</strong></span> <span class='ocrx_word' id='word_1_187' title='bbox 1526 1591 1595 1644; x_wconf 92' lang='lat' dir='ltr'><strong>qui</strong></span> <span class='ocrx_word' id='word_1_188' title='bbox 1614 1590 1749 1630; x_wconf 89' lang='lat' dir='ltr'><strong>homi—</strong></span> 
     </span>
     <span class='ocr_line' id='line_1_22' title="bbox 350 1656 1749 1709; baseline 0 -14"><span class='ocrx_word' id='word_1_189' title='bbox 350 1670 440 1695; x_wconf 86' lang='lat' dir='ltr'><strong>nem</strong></span> <span class='ocrx_word' id='word_1_190' title='bbox 461 1657 620 1702; x_wconf 83' lang='lat' dir='ltr'><strong>occidit,</strong></span> <span class='ocrx_word' id='word_1_191' title='bbox 642 1667 679 1695; x_wconf 92' lang='lat' dir='ltr'><strong>et</strong></span> <span class='ocrx_word' id='word_1_192' title='bbox 699 1670 804 1701; x_wconf 89' lang='lat' dir='ltr'><strong>eum,</strong></span> <span class='ocrx_word' id='word_1_193' title='bbox 827 1657 896 1709; x_wconf 88' lang='lat' dir='ltr'><strong>qui</strong></span> <span class='ocrx_word' id='word_1_194' title='bbox 918 1671 1010 1695; x_wconf 87' lang='lat' dir='ltr'><strong>cum</strong></span> <span class='ocrx_word' id='word_1_195' title='bbox 1032 1657 1108 1695; x_wconf 87' lang='lat' dir='ltr'><strong>telo</strong></span> <span class='ocrx_word' id='word_1_196' title='bbox 1124 1657 1326 1696; x_wconf 89' lang='lat' dir='ltr'><strong>occidendi</strong></span> <span class='ocrx_word' id='word_1_197' title='bbox 1342 1656 1513 1696; x_wconf 89' lang='lat' dir='ltr'><strong>hominis</strong></span> <span class='ocrx_word' id='word_1_198' title='bbox 1530 1658 1638 1696; x_wconf 86' lang='lat' dir='ltr'><strong>causa</strong></span> <span class='ocrx_word' id='word_1_199' title='bbox 1657 1657 1749 1696; x_wconf 92' lang='lat' dir='ltr'><strong>fuit.</strong></span> 
     </span>
     <span class='ocr_line' id='line_1_23' title="bbox 352 1722 1751 1776; baseline 0 -15"><span class='ocrx_word' id='word_1_200' title='bbox 352 1724 390 1761; x_wconf 85' lang='lat' dir='ltr'><strong>Si</strong></span> <span class='ocrx_word' id='word_1_201' title='bbox 424 1723 591 1760; x_wconf 89' lang='lat' dir='ltr'><strong>interfici</strong></span> <span class='ocrx_word' id='word_1_202' title='bbox 627 1724 877 1761; x_wconf 85' lang='lat' dir='ltr'><strong>Saturninum</strong></span> <span class='ocrx_word' id='word_1_203' title='bbox 914 1722 1018 1760; x_wconf 82' lang='lat' dir='ltr'><strong>nefas</strong></span> <span class='ocrx_word' id='word_1_204' title='bbox 1052 1722 1153 1769; x_wconf 81' lang='lat' dir='ltr'><strong>fuit;</strong></span> <span class='ocrx_word' id='word_1_205' title='bbox 1190 1737 1295 1762; x_wconf 88' lang='lat' dir='ltr'><strong>arma</strong></span> <span class='ocrx_word' id='word_1_206' title='bbox 1327 1722 1480 1776; x_wconf 85' lang='lat' dir='ltr'><strong>sumpta</strong></span> <span class='ocrx_word' id='word_1_207' title='bbox 1513 1722 1584 1761; x_wconf 83' lang='lat' dir='ltr'><strong>effe</strong></span> <span class='ocrx_word' id='word_1_208' title='bbox 1616 1732 1751 1762; x_wconf 88' lang='lat' dir='ltr'><strong>contra</strong></span> 
     </span>
     <span class='ocr_line' id='line_1_24' title="bbox 351 1788 1750 1843; baseline 0.001 -17"><span class='ocrx_word' id='word_1_209' title='bbox 351 1789 600 1827; x_wconf 86' lang='lat' dir='ltr'><strong>Saturninum</strong></span> <span class='ocrx_word' id='word_1_210' title='bbox 623 1789 699 1827; x_wconf 82' lang='lat' dir='ltr'><strong>sine</strong></span> <span class='ocrx_word' id='word_1_211' title='bbox 721 1789 857 1827; x_wconf 88' lang='lat' dir='ltr'><strong>scelere</strong></span> <span class='ocrx_word' id='word_1_212' title='bbox 879 1803 955 1827; x_wconf 85' lang='lat' dir='ltr'><strong>non</strong></span> <span class='ocrx_word' id='word_1_213' title='bbox 977 1788 1143 1841; x_wconf 73' lang='lat' dir='ltr'><strong>possunt.</strong></span> <span class='ocrx_word' id='word_1_214' title='bbox 1169 1791 1205 1828; x_wconf 84' lang='lat' dir='ltr'><strong>Si</strong></span> <span class='ocrx_word' id='word_1_215' title='bbox 1222 1790 1423 1842; x_wconf 86' lang='lat' dir='ltr'><strong>armajure</strong></span> <span class='ocrx_word' id='word_1_216' title='bbox 1439 1789 1591 1843; x_wconf 90' lang='lat' dir='ltr'><strong>sumpta</strong></span> <span class='ocrx_word' id='word_1_217' title='bbox 1607 1803 1750 1829; x_wconf 90' lang='lat' dir='ltr'><strong>conce-</strong></span> 
     </span>
     <span class='ocr_line' id='line_1_25' title="bbox 351 1854 1407 1907; baseline 0.002 -14"><span class='ocrx_word' id='word_1_218' title='bbox 351 1856 436 1900; x_wconf 65' lang='lat' dir='ltr'><strong>dis,</strong></span> <span class='ocrx_word' id='word_1_219' title='bbox 469 1854 715 1894; x_wconf 66' lang='lat' dir='ltr'><strong>interfectum</strong></span> <span class='ocrx_word' id='word_1_220' title='bbox 730 1856 818 1907; x_wconf 87' lang='lat' dir='ltr'><strong>jure</strong></span> <span class='ocrx_word' id='word_1_221' title='bbox 838 1855 1023 1894; x_wconf 85' lang='lat' dir='ltr'><strong>concedas</strong></span> <span class='ocrx_word' id='word_1_222' title='bbox 1045 1856 1189 1894; x_wconf 81' lang='lat' dir='ltr'><strong>neceffe</strong></span> <span class='ocrx_word' id='word_1_223' title='bbox 1209 1856 1275 1895; x_wconf 89' lang='lat' dir='ltr'><strong>est.</strong></span> <span class='ocrx_word' id='word_1_224' title='bbox 1298 1858 1322 1882; x_wconf 45' lang='grc' dir='ltr'><strong>ἦε</strong></span> <span class='ocrx_word' id='word_1_225' title='bbox 1341 1858 1364 1883; x_wconf 40' lang='grc' dir='ltr'>ἦ</span> <span class='ocrx_word' id='word_1_226' title='bbox 1383 1858 1407 1882; x_wconf 49' lang='lat'><strong>⁹}</strong></span> 
     </span>
    </p>

    <p class='ocr_par' dir='ltr' id='par_1_6' title="bbox 353 1922 1754 2573">
     <span class='ocr_line' id='line_1_26' title="bbox 407 1922 1750 1969; baseline 0.001 -9"><span class='ocrx_word' id='word_1_227' title='bbox 407 1923 501 1961; x_wconf 88' lang='lat' dir='ltr'><strong>VII.</strong></span> <span class='ocrx_word' id='word_1_228' title='bbox 534 1923 599 1961; x_wconf 87' lang='lat' dir='ltr'><strong>Fit</strong></span> <span class='ocrx_word' id='word_1_229' title='bbox 618 1922 1002 1968; x_wconf 84' lang='lat' dir='ltr'><strong>senatusconsultum,</strong></span> <span class='ocrx_word' id='word_1_230' title='bbox 1026 1932 1070 1961; x_wconf 87' lang='lat' dir='ltr'><strong>ut</strong></span> <span class='ocrx_word' id='word_1_231' title='bbox 1091 1925 1138 1962; x_wconf 93' lang='lat' dir='ltr'><strong>C.</strong></span> <span class='ocrx_word' id='word_1_232' title='bbox 1163 1924 1329 1969; x_wconf 83' lang='lat' dir='ltr'><strong>Marius,</strong></span> <span class='ocrx_word' id='word_1_233' title='bbox 1352 1924 1401 1962; x_wconf 93' lang='lat' dir='ltr'><strong>L.</strong></span> <span class='ocrx_word' id='word_1_234' title='bbox 1424 1923 1617 1969; x_wconf 89' lang='lat' dir='ltr'><strong>Valerius,</strong></span> <span class='ocrx_word' id='word_1_235' title='bbox 1640 1924 1750 1962; x_wconf 88' lang='lat' dir='ltr'><strong>Con-</strong></span> 
     </span>
     <span class='ocr_line' id='line_1_27' title="bbox 353 1988 1750 2043; baseline 0.002 -17"><span class='ocrx_word' id='word_1_236' title='bbox 353 1988 463 2035; x_wconf 90' lang='lat' dir='ltr'><strong>sules,</strong></span> <span class='ocrx_word' id='word_1_237' title='bbox 485 1988 712 2028; x_wconf 88' lang='lat' dir='ltr'><strong>adhiberent</strong></span> <span class='ocrx_word' id='word_1_238' title='bbox 732 1990 909 2028; x_wconf 85' lang='lat' dir='ltr'><strong>tribunos</strong></span> <span class='ocrx_word' id='word_1_239' title='bbox 930 1990 1055 2042; x_wconf 88' lang='lat' dir='ltr'><strong>plebis</strong></span> <span class='ocrx_word' id='word_1_240' title='bbox 1071 1999 1109 2028; x_wconf 93' lang='lat' dir='ltr'><strong>et</strong></span> <span class='ocrx_word' id='word_1_241' title='bbox 1127 2000 1318 2043; x_wconf 76' lang='lat' dir='ltr'><strong>praetores,</strong></span> <span class='ocrx_word' id='word_1_242' title='bbox 1346 2004 1443 2043; x_wconf 87' lang='lat' dir='ltr'><strong>quos</strong></span> <span class='ocrx_word' id='word_1_243' title='bbox 1464 1990 1517 2029; x_wconf 87' lang='lat' dir='ltr'><strong>eis</strong></span> <span class='ocrx_word' id='word_1_244' title='bbox 1538 1991 1730 2029; x_wconf 87' lang='lat' dir='ltr'><strong>videretur</strong></span> <span class='ocrx_word' id='word_1_245' title='bbox 1737 2009 1750 2036; x_wconf 68' lang='grc' dir='ltr'><strong><em>ς</em></strong></span> 
     </span>
     <span class='ocr_line' id='line_1_28' title="bbox 354 2056 1753 2110; baseline 0.001 -17"><span class='ocrx_word' id='word_1_246' title='bbox 354 2069 586 2109; x_wconf 89' lang='lat' dir='ltr'><strong>operamque</strong></span> <span class='ocrx_word' id='word_1_247' title='bbox 619 2057 765 2102; x_wconf 87' lang='lat' dir='ltr'><strong>darent,</strong></span> <span class='ocrx_word' id='word_1_248' title='bbox 804 2066 847 2094; x_wconf 89' lang='lat' dir='ltr'><strong>ut</strong></span> <span class='ocrx_word' id='word_1_249' title='bbox 881 2056 1092 2109; x_wconf 85' lang='lat' dir='ltr'><strong>imperium</strong></span> <span class='ocrx_word' id='word_1_250' title='bbox 1129 2057 1266 2110; x_wconf 88' lang='lat' dir='ltr'><strong>populi</strong></span> <span class='ocrx_word' id='word_1_251' title='bbox 1298 2057 1472 2096; x_wconf 88' lang='lat' dir='ltr'><strong>Romani</strong></span> <span class='ocrx_word' id='word_1_252' title='bbox 1505 2057 1753 2110; x_wconf 88' lang='lat' dir='ltr'><strong>majestasque</strong></span> 
     </span>
     <span class='ocr_line' id='line_1_29' title="bbox 355 2122 1753 2177; baseline 0.001 -18"><span class='ocrx_word' id='word_1_253' title='bbox 355 2122 647 2162; x_wconf 87' lang='lat' dir='ltr'><strong>conservaretur.</strong></span> <span class='ocrx_word' id='word_1_254' title='bbox 680 2122 884 2161; x_wconf 88' lang='lat' dir='ltr'><strong>Adhibent</strong></span> <span class='ocrx_word' id='word_1_255' title='bbox 904 2136 1040 2162; x_wconf 85' lang='lat' dir='ltr'><strong>omnes</strong></span> <span class='ocrx_word' id='word_1_256' title='bbox 1059 2124 1236 2162; x_wconf 89' lang='lat' dir='ltr'><strong>tribunos</strong></span> <span class='ocrx_word' id='word_1_257' title='bbox 1267 2124 1391 2177; x_wconf 89' lang='lat' dir='ltr'><strong>plebis</strong></span> <span class='ocrx_word' id='word_1_258' title='bbox 1421 2132 1557 2177; x_wconf 86' lang='lat' dir='ltr'><strong>praeter</strong></span> <span class='ocrx_word' id='word_1_259' title='bbox 1577 2124 1753 2162; x_wconf 87' lang='lat' dir='ltr'><strong>Saturni·-</strong></span> 
     </span>
     <span class='ocr_line' id='line_1_30' title="bbox 356 2189 1751 2243; baseline 0.001 -18"><span class='ocrx_word' id='word_1_260' title='bbox 356 2201 466 2233; x_wconf 90' lang='lat' dir='ltr'><strong>num,</strong></span> <span class='ocrx_word' id='word_1_261' title='bbox 497 2202 631 2227; x_wconf 89' lang='lat' dir='ltr'><strong>omnes</strong></span> <span class='ocrx_word' id='word_1_262' title='bbox 652 2199 830 2242; x_wconf 87' lang='lat' dir='ltr'><strong>praetores</strong></span> <span class='ocrx_word' id='word_1_263' title='bbox 852 2198 986 2242; x_wconf 87' lang='lat' dir='ltr'><strong>praeter</strong></span> <span class='ocrx_word' id='word_1_264' title='bbox 1007 2190 1216 2228; x_wconf 88' lang='lat' dir='ltr'><strong>Glauciam</strong></span> <span class='ocrx_word' id='word_1_265' title='bbox 1235 2205 1244 2228; x_wconf 92' lang='grc'>;</span> <span class='ocrx_word' id='word_1_266' title='bbox 1277 2191 1346 2242; x_wconf 92' lang='lat' dir='ltr'><strong>qui</strong></span> <span class='ocrx_word' id='word_1_267' title='bbox 1374 2190 1657 2243; x_wconf 90' lang='lat' dir='ltr'><strong>rempublicam</strong></span> <span class='ocrx_word' id='word_1_268' title='bbox 1678 2189 1751 2226; x_wconf 82' lang='lat' dir='ltr'><strong>sal·-</strong></span> 
     </span>
     <span class='ocr_line' id='line_1_31' title="bbox 355 2253 1752 2309; baseline 0.001 -18"><span class='ocrx_word' id='word_1_269' title='bbox 355 2267 443 2292; x_wconf 88' lang='lat' dir='ltr'><strong>vam</strong></span> <span class='ocrx_word' id='word_1_270' title='bbox 463 2253 534 2292; x_wconf 88' lang='lat' dir='ltr'><strong>effe</strong></span> <span class='ocrx_word' id='word_1_271' title='bbox 554 2254 711 2301; x_wconf 88' lang='lat' dir='ltr'><strong>vellent,</strong></span> <span class='ocrx_word' id='word_1_272' title='bbox 733 2269 836 2294; x_wconf 87' lang='lat' dir='ltr'><strong>arma</strong></span> <span class='ocrx_word' id='word_1_273' title='bbox 856 2268 1003 2308; x_wconf 90' lang='lat' dir='ltr'><strong>capere,</strong></span> <span class='ocrx_word' id='word_1_274' title='bbox 1025 2265 1062 2294; x_wconf 92' lang='lat' dir='ltr'><strong>et</strong></span> <span class='ocrx_word' id='word_1_275' title='bbox 1084 2255 1118 2294; x_wconf 92' lang='lat' dir='ltr'><strong>se</strong></span> <span class='ocrx_word' id='word_1_276' title='bbox 1134 2255 1254 2309; x_wconf 89' lang='lat' dir='ltr'><strong>sequi,</strong></span> <span class='ocrx_word' id='word_1_277' title='bbox 1270 2257 1426 2308; x_wconf 91' lang='lat' dir='ltr'><strong>jubent.</strong></span> <span class='ocrx_word' id='word_1_278' title='bbox 1450 2257 1587 2294; x_wconf 89' lang='lat' dir='ltr'><strong>Parent</strong></span> <span class='ocrx_word' id='word_1_279' title='bbox 1602 2267 1752 2293; x_wconf 88' lang='lat' dir='ltr'><strong>omnes.</strong></span> 
     </span>
     <span class='ocr_line' id='line_1_32' title="bbox 358 2319 1751 2375; baseline 0.002 -18"><span class='ocrx_word' id='word_1_280' title='bbox 358 2321 420 2358; x_wconf 87' lang='lat' dir='ltr'><strong>Ex</strong></span> <span class='ocrx_word' id='word_1_281' title='bbox 447 2319 616 2358; x_wconf 79' lang='lat' dir='ltr'><strong>:edificiis</strong></span> <span class='ocrx_word' id='word_1_282' title='bbox 646 2321 1026 2374; x_wconf 89' lang='lat' dir='ltr'><strong>armamentariisque</strong></span> <span class='ocrx_word' id='word_1_283' title='bbox 1051 2322 1221 2375; x_wconf 85' lang='lat' dir='ltr'><strong>publicis</strong></span> <span class='ocrx_word' id='word_1_284' title='bbox 1247 2336 1351 2361; x_wconf 91' lang='lat' dir='ltr'><strong>arma</strong></span> <span class='ocrx_word' id='word_1_285' title='bbox 1377 2322 1524 2375; x_wconf 88' lang='lat' dir='ltr'><strong>populo</strong></span> <span class='ocrx_word' id='word_1_286' title='bbox 1556 2322 1751 2367; x_wconf 90' lang='lat' dir='ltr'><strong>Romano,</strong></span> 
     </span>
     <span class='ocr_line' id='line_1_33' title="bbox 359 2386 1754 2440; baseline 0.001 -14"><span class='ocrx_word' id='word_1_287' title='bbox 359 2388 407 2426; x_wconf 92' lang='lat' dir='ltr'><strong>C.</strong></span> <span class='ocrx_word' id='word_1_288' title='bbox 443 2386 573 2424; x_wconf 87' lang='lat' dir='ltr'><strong>Mario</strong></span> <span class='ocrx_word' id='word_1_289' title='bbox 594 2386 760 2425; x_wconf 92' lang='lat' dir='ltr'><strong>Consule</strong></span> <span class='ocrx_word' id='word_1_290' title='bbox 787 2388 1052 2434; x_wconf 86' lang='lat' dir='ltr'><strong>distribuente,</strong></span> <span class='ocrx_word' id='word_1_291' title='bbox 1083 2388 1236 2428; x_wconf 89' lang='lat' dir='ltr'><strong>dantur.</strong></span> <span class='ocrx_word' id='word_1_292' title='bbox 1269 2390 1350 2427; x_wconf 92' lang='lat' dir='ltr'><strong>Hic</strong></span> <span class='ocrx_word' id='word_1_293' title='bbox 1372 2390 1470 2440; x_wconf 89' lang='lat' dir='ltr'><strong>jam,</strong></span> <span class='ocrx_word' id='word_1_294' title='bbox 1503 2396 1545 2425; x_wconf 92' lang='lat' dir='ltr'><strong>ut</strong></span> <span class='ocrx_word' id='word_1_295' title='bbox 1571 2387 1754 2427; x_wconf 85' lang='lat' dir='ltr'><strong>omittam</strong></span> 
     </span>
     <span class='ocr_line' id='line_1_34' title="bbox 358 2452 1753 2507; baseline 0.001 -15"><span class='ocrx_word' id='word_1_296' title='bbox 358 2462 504 2498; x_wconf 83' lang='lat' dir='ltr'><strong>caetera,</strong></span> <span class='ocrx_word' id='word_1_297' title='bbox 535 2453 581 2490; x_wconf 92' lang='lat' dir='ltr'><strong>de</strong></span> <span class='ocrx_word' id='word_1_298' title='bbox 614 2461 650 2490; x_wconf 88' lang='lat' dir='ltr'><strong>te</strong></span> <span class='ocrx_word' id='word_1_299' title='bbox 682 2452 775 2505; x_wconf 89' lang='lat' dir='ltr'><strong>ipso,</strong></span> <span class='ocrx_word' id='word_1_300' title='bbox 806 2454 990 2498; x_wconf 87' lang='lat' dir='ltr'><strong>Labiene,</strong></span> <span class='ocrx_word' id='word_1_301' title='bbox 1021 2468 1177 2507; x_wconf 84' lang='lat' dir='ltr'><strong>quaero:</strong></span> <span class='ocrx_word' id='word_1_302' title='bbox 1209 2469 1303 2494; x_wconf 92' lang='lat' dir='ltr'><strong>cum</strong></span> <span class='ocrx_word' id='word_1_303' title='bbox 1334 2454 1560 2493; x_wconf 88' lang='lat' dir='ltr'><strong>Saturninus</strong></span> <span class='ocrx_word' id='word_1_304' title='bbox 1591 2454 1753 2507; x_wconf 88' lang='lat' dir='ltr'><strong>Capito-</strong></span> 
     </span>
     <span class='ocr_line' id='line_1_35' title="bbox 360 2518 1168 2573; baseline 0.001 -15"><span class='ocrx_word' id='word_1_305' title='bbox 360 2523 383 2544; x_wconf 66' lang='lat'>*</span> <span class='ocrx_word' id='word_1_306' title='bbox 401 2522 426 2546; x_wconf 67' lang='lat'><em>*</em></span> <span class='ocrx_word' id='word_1_307' title='bbox 443 2522 467 2545; x_wconf 53' lang='lat'><strong>³⁸</strong></span> <span class='ocrx_word' id='word_1_308' title='bbox 499 2519 664 2559; x_wconf 74' lang='lat' dir='ltr'><strong>Paucula</strong></span> <span class='ocrx_word' id='word_1_309' title='bbox 684 2518 843 2573; x_wconf 70' lang='lat' dir='ltr'><strong>quadam</strong></span> <span class='ocrx_word' id='word_1_310' title='bbox 863 2519 962 2573; x_wconf 71' lang='lat' dir='ltr'><strong>decffe</strong></span> <span class='ocrx_word' id='word_1_311' title='bbox 982 2519 1168 2560; x_wconf 75' lang='lat' dir='ltr'><strong>videntur.</strong></span> 
     </span>
    </p>

    <p class='ocr_par' dir='ltr' id='par_1_7' title="bbox 1358 2585 1449 2624">
     <span class='ocr_line' id='line_1_36' title="bbox 1358 2585 1449 2624; baseline 0.022 -2"><span class='ocrx_word' id='word_1_312' title='bbox 1358 2585 1393 2622; x_wconf 75' lang='lat' dir='ltr'>V</span> <span class='ocrx_word' id='word_1_313' title='bbox 1428 2598 1449 2624; x_wconf 86' lang='lat'><strong>2</strong></span> 
     </span>
    </p>
   </div>
  </div>
 </body>
</html>
