2212 2835
530 123 602 159 οξτο
1031 119 1430 156 ORATIO

528 153 546 174 Q

528 224 561 261 se
579 253 588 267 ,
622 223 645 260 fi
668 236 740 274 qua
762 235 816 258 re}
838 220 883 257 ad
908 233 1029 257 unum
1059 218 1260 257 deferenda
1287 219 1358 263 fit,
1390 219 1437 256 ad
1458 221 1533 257 Cn.
1557 219 1789 271 Pompeium
1809 219 1913 257 dela-

525 300 628 327 turos
659 288 921 341 potissimum;
954 286 1015 324 sed
1046 286 1081 324 se
1112 296 1218 324 extra
1248 286 1423 324 ordinem
1456 285 1555 324 nihil
1586 287 1770 338 cuiquam
1800 287 1910 324 dare:

526 370 616 395 cuni
640 355 826 407 Pompeio
847 353 980 390 datum
1002 353 1058 398 fit,
1091 353 1130 390 id
1152 353 1185 389 se
1206 367 1274 405 pro
1295 352 1480 405 dignitate
1506 351 1678 390 hominis
1711 365 1841 390 ornare
1871 365 1913 389 ac

524 423 623 460 tueri
653 421 782 459 solere.
827 421 983 458 Horum
1015 433 1085 472 ego
1112 419 1336 457 sententiam
1359 433 1406 456 ne
1426 419 1593 463 laudem,
1624 419 1815 472 impedior
1836 419 1913 456 Cn.

525 489 703 541 Pompeii
725 485 960 539 triumphis,
995 486 1136 538 quibus
1169 486 1247 531 ille,
1279 500 1370 524 cum
1401 485 1491 524 cffet
1524 495 1630 524 extra
1660 486 1836 524 ordinem
1869 485 1914 522 ad

525 557 686 608 patriam
719 552 998 591 defendendam
1032 562 1211 596 vocatus,
1248 553 1354 590 auxit
1387 565 1529 590 nomen
1561 552 1697 605 populi
1729 551 1914 594 Romani,

522 621 809 673 imperiumque
829 618 1063 656 honestavit:
1096 618 1347 656 constantiam
1369 618 1503 670 probo,
1535 632 1610 670 qua
1637 616 1737 656 mihi
1758 630 1912 670 quoque

524 686 714 724 utendum
734 684 823 729 fuit,
856 698 933 735 quo
953 684 1019 721 ille
1040 686 1190 722 auctore
1210 693 1315 722 extra
1342 685 1516 722 ordinem
1544 684 1693 722 bellum
1714 697 1806 721 cum
1827 683 1913 720 Mi-

524 752 688 790 thridate
708 752 956 802 Tigraneque
977 749 1098 801 geffit.
1142 749 1213 786 Sed
1240 763 1332 787 cum
1354 750 1428 787 illis
1451 760 1578 788 tamen
1599 750 1749 803 poffum
1768 748 1917 801 aliquid

525 819 714 870 disputare
732 833 740 854 :
774 825 838 853 tua
857 829 946 853 vero
966 829 1050 867 quae
1071 824 1176 853 tanta
1201 815 1444 868 impudentia
1462 816 1528 860 est,
1559 826 1603 853 ut
1622 817 1756 854 audeas
1778 816 1915 859 dicere,

524 893 630 923 extra
649 883 825 921 ordinem
846 882 926 920 dari
946 880 1047 920 nihil
1067 880 1252 934 cuiquam
1271 882 1470 934 oportere?
1502 881 1571 933 qui
1590 894 1683 918 cum
1703 881 1788 933 lege
1808 880 1915 919 nefa-

524 952 577 988 ria
598 950 868 994 Ptolemaeum,
890 961 1019 1001 regem
1043 948 1177 1001 Cypri,
1199 947 1357 986 fratrem
1378 948 1475 1000 regis
1495 946 1761 992 Alexandrini,
1783 946 1918 985 eodem

519 1018 607 1069 jure
628 1025 865 1069 regnantem,
888 1015 996 1053 causa
1016 1015 1234 1068 incognita,
1265 1015 1511 1068 publicaffes,
1542 1014 1813 1068 populumque
1833 1014 1918 1051 Ro-

524 1087 687 1121 manum
707 1082 843 1120 scelere
862 1080 1087 1134 obligaffe55
1118 1095 1211 1119 cum
1231 1081 1271 1118 in
1289 1082 1370 1133 ejus
1392 1094 1571 1133 regnum,
1594 1080 1708 1126 bona,
1730 1079 1917 1123 fortunas,

523 1149 784 1203 patrocinium
806 1147 922 1200 hujus
950 1148 1104 1200 imperii
1130 1147 1368 1194 immififfes,
1399 1149 1508 1200 cujus
1538 1161 1630 1186 cum
1660 1155 1790 1200 patre,
1822 1159 1916 1191 avo,

524 1215 761 1268 majoribus,
793 1213 948 1252 societas
984 1214 1094 1252 nobis
1129 1223 1167 1252 et
1202 1214 1375 1252 amleitia
1407 1213 1561 1252 fuiffet:
1597 1212 1714 1266 hujus
1745 1213 1918 1266 pecuniae

525 1281 792 1334 deportandae,
823 1290 885 1325 et,
916 1280 942 1317 fi
963 1280 1050 1333 quis
1078 1280 1190 1318 suum
1215 1282 1280 1332 jus
1312 1279 1557 1325 defenderet,
1589 1280 1693 1318 bello
1723 1279 1917 1333 gerendo,

525 1350 588 1388 M.
613 1349 804 1386 Catonem
835 1345 1049 1399 praefecisti.
1097 1346 1230 1392 Dices,
1263 1348 1394 1397 Qem
1421 1346 1580 1384 virum?
1618 1346 1916 1390 Sanftiffimum,

524 1413 877 1468 prudentissimum,
908 1411 1174 1457 fortissimum,
1205 1412 1480 1451 amiciffimum
1501 1412 1736 1465 reipublicae,
1761 1413 1917 1457 virtute,

525 1480 697 1525 consilio,
729 1480 886 1523 ratione,
916 1478 1007 1522 vita,
1039 1478 1209 1515 mirabili
1236 1478 1282 1515 ad
1313 1478 1481 1524 laudem,
1512 1488 1549 1517 et
1569 1493 1688 1531 prope
1708 1479 1916 1531 singulari:

525 1547 587 1585 sed
608 1546 702 1599 quid
723 1545 769 1583 ad
788 1554 839 1589 te,
861 1544 928 1597 qui
949 1557 1063 1596 negas
1083 1543 1155 1583 effe
1175 1558 1324 1590 verum,
1346 1558 1586 1598 quemquam
1607 1544 1678 1584 ulli
1697 1545 1920 1598 reipublicae

525 1622 632 1652 extra
650 1612 825 1650 ordinem
846 1610 987 1664 praefici
1005 1610 1018 1646 ?

580 1680 652 1717 IX.
686 1680 818 1730 Atque
844 1677 884 1714 in
913 1676 989 1714 hoc
1015 1676 1138 1714 solum
1161 1677 1456 1716 inconstantiam
1477 1678 1663 1731 redarguo
1684 1686 1817 1716 tuam:
1850 1677 1919 1728 qui

524 1746 565 1784 in
585 1745 666 1799 ipso
687 1745 848 1789 Catone,
870 1757 989 1796 quem
1011 1752 1053 1780 tu
1074 1756 1150 1780 non
1170 1757 1240 1795 pro
1260 1743 1364 1781 illius
1385 1744 1571 1795 dignitate
1590 1744 1835 1796 produxeras,
1857 1742 1919 1780 sed

525 1826 595 1864 pro
616 1820 683 1858 tuo
703 1810 840 1848 scelere
861 1809 1091 1847 subduxeras
1107 1827 1119 1854 3
1152 1822 1270 1861 quem
1291 1809 1366 1847 tuis
1389 1810 1526 1861 Sergiis
1541 1839 1552 1854 ‚
1584 1809 1744 1853 Lolliis,
1777 1808 1917 1854 Titiis,

525 1876 743 1928 caeterisque
762 1874 874 1913 caedis
894 1883 932 1912 et
951 1874 1222 1912 incendiorum
1243 1874 1423 1919 ducibus,
1444 1875 1635 1927 objeceras
1651 1893 1663 1920 ς
1696 1888 1814 1927 quem
1833 1888 1917 1914 car-

526 1943 683 1982 nificem
714 1941 875 1986 civium,
912 1954 1030 1993 quem
1061 1941 1374 1979 indemnatorum
1405 1942 1508 1979 necis
1539 1941 1772 1994 principem,
1802 1955 1921 1994 quem

526 2008 761 2047 crudelitatis
782 2008 974 2046 auam-em
992 2036 1004 2052 ,
1034 2006 1145 2045 fuisse
1171 2007 1316 2045 dixeras
1336 2022 1344 2045 :
1375 2007 1422 2046 ad
1449 2006 1556 2046 hunc
1576 2006 1763 2046 honorem
1783 2016 1822 2045 et
1841 2007 1919 2046 im-

527 2075 680 2128 perium
713 2084 817 2113 extra
847 2074 1023 2112 ordinem
1055 2074 1289 2112 nominatim
1320 2074 1517 2127 rogatione
1551 2083 1616 2112 tua
1651 2074 1846 2120 detulisti5
1881 2084 1945 2127 etr

527 2151 632 2181 tanta
650 2141 755 2180 fuisti
775 2141 1069 2194 intemperantia
1085 2171 1096 2186 ,
1128 2150 1170 2180 ut
1191 2141 1295 2180 illius
1319 2142 1377 2179 tui
1405 2141 1553 2180 sceleris
1575 2141 1764 2180 rationem
1783 2141 1918 2180 occul-

527 2219 604 2249 tare
635 2222 713 2247 non
746 2207 879 2261 poffes.
913 2208 1060 2246 Literas
1094 2208 1133 2245 in
1165 2208 1353 2246 concione
1385 2208 1559 2253 recitasti,
1591 2221 1685 2260 quas
1717 2208 1791 2246 tibi
1821 2221 1843 2246 a
1868 2209 1916 2246 C.

529 2276 673 2317 Caesare
694 2274 818 2313 miffas
840 2274 1007 2313 diceres:
1031 2275 1200 2313 CAESAR
1224 2275 1441 2313 PULcuRo
1463 2290 1471 2313 :
1494 2289 1587 2313 cum
1607 2275 1723 2313 etiam
1744 2288 1782 2313 es
1803 2288 1917 2327 argu-

529 2351 737 2387 mentatus,
759 2342 898 2379 amoris
919 2341 990 2379 effe
1009 2341 1084 2379 hoc
1106 2342 1272 2394 fignum,
1300 2355 1391 2380 curn
1412 2342 1638 2380 nominibus
1660 2350 1812 2380 tantum
1833 2350 1918 2379 ute-

529 2418 645 2454 retur,
676 2422 800 2462 neque
820 2407 1060 2454 adscriberet,
1083 2408 1306 2462 Procorfitle,
1335 2417 1414 2454 aut,
1437 2405 1595 2448 ‘Tribuno
1607 2408 1734 2463 plebis.
1767 2405 1919 2447 Deinde
