2212 2835
364 150 413 189 86
858 150 1256 188 ORATIO

361 249 408 287 ab
430 249 640 287 omnibus?
673 248 817 298 Qem‚
847 257 1000 300 propter
1020 247 1139 286 animi
1169 248 1521 301 importunitatem,
1552 262 1667 290 nemo
1687 263 1745 288 re-

360 316 487 367 cipere
508 316 620 358 tedio,
643 326 757 351 nemo
777 314 918 358 audire,
941 327 1056 352 nemo
1077 314 1234 366 alloqui,
1257 328 1372 352 nemo
1393 316 1586 368 respicere,
1604 316 1746 354 vellet?

362 381 492 431 Hujus
514 379 632 430 igitur
652 379 738 416 vitae
758 380 898 417 Avitus
920 380 1115 417 invidebat
1134 381 1146 416 ?
1178 381 1299 418 Hunc
1320 381 1345 418 s1
1377 381 1510 419 acerbe
1539 390 1575 419 et
1595 381 1747 434 penitus

360 445 514 489 oderat5
548 458 625 482 non
657 458 748 482 eum
769 458 885 496 quam
907 445 1116 483 diutiffime
1147 446 1271 483 vivere
1301 446 1398 484 velle
1418 447 1607 484 debebat?
1640 446 1748 485 Huic

360 521 526 549 mortem
549 511 763 549 maturabat
780 511 978 556 inimicus,
997 512 1101 564 quod
1121 512 1178 549 illi
1196 526 1320 550 unum
1336 513 1376 550 in
1397 513 1507 551 malis
1524 512 1747 565 perfugium

359 587 437 615 erat
469 577 726 615 calamitatis?
814 578 864 621 ui,
902 578 927 615 fi
959 578 1053 629 quid
1074 579 1194 616 animi
1225 592 1267 616 ac
1289 579 1439 617 virtutis
1471 578 1673 624 habuisset,
1706 588 1747 616 ut

361 643 478 681 multi
499 642 592 694 saepe
612 641 727 680 fortes
748 642 818 679 viri
838 643 879 680 in
899 643 1085 694 ejusmodi
1106 643 1248 688 dolore,
1280 653 1446 682 mortem
1466 644 1535 682 fibi
1556 644 1633 696 ipse
1653 657 1746 682 con-

360 708 481 747 sciffet
498 727 509 754 ;
541 708 633 746 huic
664 708 918 760 quamobrem
948 709 987 746 id
1018 709 1132 747 vellet
1162 709 1345 748 inimicus
1376 709 1525 755 offerre,
1548 709 1651 762 quod
1672 710 1748 762 ipse

361 775 431 813 fibi
451 783 580 827 optare
611 774 795 812 deberet?
828 775 933 812 Nam
965 788 1070 812 nunc
1090 775 1250 827 quidem
1271 776 1364 828 quid
1396 777 1551 814 tandem
1578 776 1636 814 illi
1657 775 1749 814 mali

361 854 464 878 mors
496 840 658 878 attulit?
689 839 758 878 nifi
789 838 886 878 forte
917 841 1071 893 ineptiis
1099 854 1141 879 ac
1161 840 1302 879 fabulis
1329 841 1522 886 ducimur,
1555 850 1597 879 ut
1617 842 1747 880 existi-

360 920 514 944 memus
536 906 650 943 illum
671 905 772 958 apud
791 905 934 944 inferos
955 906 1168 958 impiorum
1189 907 1374 959 supplicia
1393 907 1570 959 perferre,
1596 920 1638 944 ac
1657 907 1748 959 plu-

361 986 418 1011 res
438 973 521 1010 illic
552 971 745 1010 offendisse
766 972 961 1016 inimicos,
994 985 1111 1023 quam
1142 971 1208 1009 hic
1235 972 1450 1024 reliquiffe;
1483 986 1504 1010 a
1530 973 1672 1018 socrus,
1702 973 1749 1011 ab

362 1051 542 1082 uxorum,
573 1051 593 1074 a
611 1036 752 1082 fratris,
785 1048 805 1074 a
824 1037 1006 1082 liberum,
1037 1038 1162 1090 poenis
1193 1039 1321 1075 acrum
1347 1037 1419 1075 effe
1438 1039 1674 1092 praecipitem
1709 1039 1749 1076 in

361 1104 628 1142 sceleratorum
649 1103 777 1141 sedem
797 1112 910 1155 atque
930 1103 1139 1155 regionem.
1172 1103 1270 1153 Qae
1290 1103 1315 1140 fi
1350 1103 1440 1141 falsa
1461 1104 1561 1149 sunt,
1586 1105 1625 1143 id
1646 1105 1749 1157 quod

361 1184 495 1209 omnes
517 1169 756 1221 intelligunt,
788 1170 883 1221 quid
911 1170 945 1207 ei
973 1170 1126 1208 tandem
1160 1169 1263 1208 aliud
1292 1183 1395 1208 mors
1427 1171 1580 1224 eripuit,
1617 1182 1750 1224 praeter

362 1236 511 1274 sensum
532 1235 673 1273 doloris
692 1236 705 1272 ?

418 1302 549 1340 LXII.
582 1302 667 1353 Age
687 1314 788 1346 vero,
820 1314 1010 1339 venenum
1042 1315 1109 1354 per
1129 1315 1245 1355 quem
1274 1302 1437 1340 datum?
1468 1316 1534 1355 per
1554 1303 1617 1341 M.
1637 1303 1749 1342 Asel-

361 1368 476 1405 lium.
500 1366 608 1419 Qid
629 1365 723 1404 huic
740 1380 832 1404 cum
846 1367 964 1405 Avito
983 1368 995 1405 ?
1027 1367 1125 1405 nihil
1143 1383 1151 1406 :
1184 1376 1297 1420 atque
1317 1368 1423 1413 adeo,
1451 1369 1555 1421 quod
1575 1369 1640 1406 ille
1662 1370 1749 1422 Op-

362 1433 514 1486 pianico
534 1432 823 1471 familiarissime
842 1433 895 1471 est
915 1432 1015 1478 usus,
1045 1434 1174 1486 potius
1194 1434 1310 1472 etiam
1331 1434 1515 1473 fimultas.
1553 1435 1652 1473 Eine
1673 1436 1749 1488 igi-

363 1510 440 1544 tur,
474 1513 590 1551 quem
613 1498 681 1536 fibi
699 1498 952 1543 offeufiorem‚
987 1499 1206 1551 Oppianico
1226 1498 1578 1546 familiariffimum,
1611 1501 1751 1540 sciebat

361 1565 446 1609 effe,
470 1564 709 1617 potiffimum
730 1572 768 1601 et
788 1563 897 1601 suum
920 1563 1055 1608 scelus,
1086 1573 1123 1602 et
1143 1564 1247 1603 illius
1268 1565 1500 1617 periculum,
1522 1566 1749 1605 committe-

363 1631 458 1669 bat?
501 1631 582 1668 Cur
617 1630 752 1668 deinde
785 1639 841 1675 tu,
872 1630 940 1682 qui
960 1630 1102 1682 pietate
1135 1630 1180 1668 ad
1212 1631 1466 1670 accusandum
1487 1632 1675 1671 excitatus
1695 1647 1749 1678 es,

363 1697 467 1735 hunc
489 1696 678 1735 Asellium
699 1695 769 1734 effe
789 1696 961 1734 inultum
982 1696 1131 1734 tamdiu
1151 1697 1266 1735 finis?
1290 1699 1371 1735 Cur
1390 1711 1467 1735 non
1484 1699 1593 1736 Aviti
1614 1712 1749 1737 exem-

364 1764 428 1814 plo
450 1763 534 1800 usus
556 1776 609 1806 es,
633 1772 675 1801 ut
695 1776 761 1815 per
780 1762 909 1806 illum,
932 1762 1000 1814 qui
1020 1762 1201 1801 attuliffet
1221 1776 1427 1808 venenum,
1449 1763 1495 1801 de
1514 1762 1589 1802 hoc
1610 1766 1750 1817 praeju-

364 1829 551 1874 dicaretur
570 1828 582 1863 ?

419 1894 507 1944 Jam
528 1906 616 1930 vero
638 1892 736 1930 illud
757 1906 874 1945 quam
896 1907 972 1931 non
994 1893 1206 1946 probabile,
1236 1907 1351 1945 quam
1374 1894 1611 1940 inufitatum,
1634 1895 1749 1946 Judi-

364 1973 438 2004 ces,
461 1972 578 2011 quam
600 1971 760 2003 novum,
792 1959 831 1996 in
852 1972 947 2011 pane
970 1959 1103 1997 datum
1124 1960 1344 1997 venenum?
1376 1960 1589 1998 Faciliusne
1608 1961 1750 2013 potuit,

363 2039 480 2078 quam
501 2025 540 2062 in
563 2024 725 2077 poculo?
748 2025 926 2062 latentius
944 2027 1085 2077 potuit,
1100 2025 1275 2063 abditum
1297 2026 1424 2078 aliqua
1444 2027 1483 2064 in
1505 2036 1608 2079 parte
1627 2028 1749 2079 panis,

365 2105 483 2144 quam
504 2090 530 2128 fi
552 2099 678 2128 totum
699 2090 1015 2142 colliquefaclum
1037 2092 1076 2129 in
1110 2092 1266 2144 potione
1293 2092 1380 2130 cffet
1400 2093 1413 2130 ?
1445 2093 1604 2131 celerius
1625 2094 1753 2146 potuit

365 2156 594 2200 comestum,
617 2170 733 2208 quam
754 2166 928 2209 epotum,
962 2158 1002 2194 in
1023 2171 1133 2195 venas
1155 2167 1268 2210 atque
1289 2158 1327 2195 in
1348 2171 1481 2196 omnes
1514 2168 1637 2211 partes
1663 2173 1750 2198 cor-

365 2224 467 2275 poris
488 2223 736 2274 permanare?
766 2221 915 2260 facilius
936 2221 1064 2260 fallere
1084 2224 1123 2260 in
1145 2237 1254 2275 pane,
1278 2224 1301 2261 s]
1324 2223 1411 2261 effet
1432 2225 1749 2270 animadversum,

365 2302 482 2341 quam
505 2289 544 2325 in
564 2287 719 2340 poculo,
751 2302 841 2326 cum
864 2288 915 2325 ita
935 2288 1138 2327 confusum
1160 2289 1259 2334 esset,
1284 2298 1325 2327 ut
1346 2290 1485 2328 secerni
1507 2291 1616 2330 nullo
1635 2292 1752 2330 modo

368 2354 484 2408 posset
503 2354 514 2390 ἓ

422 2423 475 2459 At
497 2422 691 2473 repentina
713 2431 835 2460 morte
856 2422 980 2474 periit.
1015 2422 1131 2474 Qod
1154 2422 1176 2461 s]
1199 2422 1287 2462 effet
1308 2424 1360 2462 ita
1380 2422 1540 2469 factum,
1562 2431 1689 2462 tamen
1709 2435 1751 2461 ea
