2212 2835
471 177 556 216 DE
617 173 1091 215 HARUSPICUM
1149 172 1544 212 RESPONSIS.
1629 184 1710 224 429

316 277 441 316 nescio
462 290 579 330 quam
600 275 795 314 fortunam
817 282 945 312 tamen
963 302 973 318 ‚
1005 286 1047 312 ac
1069 282 1223 324 tempus
1239 299 1250 315 ,
1280 272 1509 323 expectant:
1541 269 1609 322 qui
1636 269 1711 308 fine

316 343 568 383 controverfia
601 342 687 395 plus
723 340 889 394 possunt,
921 338 963 377 hi
997 337 1147 377 fortasse
1175 350 1455 389 nonnunquam
1486 336 1640 374 confilia
1669 349 1712 373 ac

316 410 516 448 sententias
537 408 788 446 inimicorum
809 406 964 444 suorum
985 402 1255 442 extimescunt.
1302 403 1484 440 Tollatur
1511 401 1592 440 haec
1613 414 1632 439 e
1653 402 1710 439 ci-
1751 428 1758 431 -

317 477 432 514 vitate
453 475 639 513 discordia
657 488 665 511 :
692 474 774 525 jam
796 484 929 510 omnes
950 470 1031 515 isti,
1063 469 1131 521 qui
1152 467 1461 521 portenduntur,
1493 476 1619 505 metus
1642 481 1710 505 ex-

317 543 577 595 tinguentur,
598 541 681 592 jam
711 539 779 577 ista
809 538 970 590 serpens,
1003 549 1088 588 quae
1119 544 1205 572 tum
1232 532 1298 571 hic
1327 533 1528 578 delitescit,
1560 542 1645 571 tum
1678 534 1712 571 se

316 607 493 659 emergit,
525 615 561 644 et
581 604 704 643 fertur
723 604 833 648 illuc,
864 601 1075 655 compressa
1094 610 1208 653 atque
1228 599 1325 637 illisa
1345 600 1546 637 morietur.

370 672 523 711 XXVI.
557 671 728 709 Monent
747 670 852 708 enim
879 668 998 707 iidem
1017 697 1028 712 ‚
1060 681 1107 706 ne
1127 666 1293 705 occultis
1315 666 1481 704 confiliis
1503 664 1716 718 respublica

314 739 484 778 laedatur.
518 739 616 789 Qae
637 737 723 775 sunt
743 736 967 780 occultiora,
990 747 1109 787 quam
1129 734 1225 786 ejus,
1247 733 1315 785 qui
1336 732 1377 770 in
1398 732 1584 770 concione
1604 731 1713 770 ausus

314 806 367 844 est
387 806 512 843 dicere
529 833 540 848 ‚
566 803 762 855 justitium
784 802 883 840 edici
911 810 1086 854 oportere
1103 829 1114 844 ,
1140 799 1447 852 jurisdictionem
1476 798 1682 836 intermitti
1700 827 1712 843 ,

314 872 442 910 claudi
464 870 637 909 aerarium
654 898 665 914 ,
691 868 839 921 judicia
859 867 945 905 tolli
963 867 976 903 ?
1008 867 1077 904 nisi
1098 865 1195 904 forte
1215 864 1439 903 existimatis
1458 893 1468 910 ,
1500 863 1600 902 hanc
1626 873 1713 902 tan-

317 949 396 977 tam
415 937 678 976 colluvionem
699 936 783 981 illi,
815 944 1040 987 tantamque
1059 933 1291 972 everfionem
1313 932 1477 970 civitatis
1495 960 1506 977 ,
1537 932 1577 969 in
1600 945 1713 969 men-

316 1014 395 1043 tem
416 1004 543 1042 subito
563 1005 602 1041 in
624 1001 771 1041 Rostris
792 1014 863 1039 nec
883 1000 1070 1053 cogitanti
1091 999 1217 1037 venire
1239 997 1414 1051 potuiffe,
1456 997 1523 1036 Est
1551 998 1713 1050 quidem

316 1071 382 1109 ille
402 1070 539 1124 plenus
561 1069 655 1114 vini,
686 1068 820 1121 stupri,
852 1066 990 1111 somni,
1022 1065 1232 1119 plenusque
1260 1063 1645 1102 inconfideratiffimae
1670 1077 1713 1101 ac

314 1135 604 1176 dementiffimae
624 1134 877 1173 temeritatis:
910 1141 1159 1170 veruntamen
1186 1130 1381 1169 nocturniS
1407 1130 1564 1182 vigiliis,
1596 1130 1714 1168 etiam

317 1204 486 1242 coitione
521 1201 747 1245 hominum,
773 1199 969 1253 justitium
1005 1198 1103 1236 illud
1137 1205 1371 1249 conceptum
1406 1210 1448 1233 ac
1483 1196 1714 1234 meditatum

315 1270 380 1308 est.
414 1272 659 1308 Mementote
676 1297 687 1313 ,
720 1269 847 1306 Patres
875 1266 1109 1318 conscripti,
1141 1264 1258 1302 verbo
1284 1264 1352 1301 illo
1380 1262 1524 1301 nefario
1552 1271 1713 1300 tentatas

315 1350 420 1375 aures
449 1336 584 1375 vestras
602 1365 612 1381 ,
644 1344 682 1373 et
709 1332 972 1387 perniciosam
995 1332 1097 1370 viam
1123 1330 1304 1368 audiendi
1335 1329 1610 1368 consuetudine
1642 1328 1718 1368 effe

316 1403 526 1442 munitam.

371 1469 552 1521 Sequitur
571 1466 683 1512 illud,
714 1467 775 1505 Ne
799 1463 1031 1503 deterioribus
1050 1462 1256 1515 repuffisque
1281 1462 1386 1500 honos
1403 1470 1598 1514 augeatur.
1631 1461 1714 1499 Re-

315 1535 443 1588 pulsos
478 1534 701 1572 videamus:
739 1545 843 1575 nam,
874 1529 1077 1568 deteriores
1112 1529 1181 1580 qui
1216 1527 1415 1581 s1nt‚.p0st
1449 1529 1609 1566 docebo.
1643 1527 1715 1566 Sed

315 1610 443 1639 tamen
472 1600 512 1638 in
538 1612 628 1637 eum
655 1598 786 1636 cadere
812 1596 888 1634 hoc
916 1595 1076 1633 verbum
1105 1594 1289 1639 maxime,
1320 1594 1390 1646 qui
1421 1594 1466 1632 fit
1498 1607 1596 1633 unus
1623 1607 1712 1631 om-

314 1668 426 1706 nium
457 1665 684 1705 mortalium
715 1664 790 1702 fine
825 1663 902 1701 ulla
936 1661 1177 1700 dubitatione
1207 1661 1460 1705 deterrimus,
1492 1661 1710 1698 conceden-

315 1733 410 1772 dum
431 1732 498 1771 est.
530 1731 612 1782 Qi
640 1731 728 1769 sunt
755 1730 874 1782 igitur
901 1728 1069 1782 repulfi?
1101 1741 1193 1772 non,
1226 1737 1268 1765 ut
1295 1727 1444 1779 opinor,
1476 1726 1517 1770 ii,
1549 1727 1617 1778 qui
1638 1726 1710 1763 ali-

316 1799 471 1853 quando
505 1797 694 1836 honorem
729 1797 825 1834 vitio
860 1795 1040 1839 civitatis,
1072 1807 1151 1832 non
1183 1793 1263 1838 su0,
1295 1806 1373 1831 non
1408 1792 1494 1830 sunt
1529 1792 1710 1830 assecuti:

316 1880 405 1905 nam
433 1866 473 1903 id
498 1865 659 1917 quidem
686 1863 823 1902 multis
850 1862 944 1914 saepe
969 1861 1130 1914 optimis
1161 1860 1325 1905 civibus,
1357 1868 1470 1911 atque
1498 1858 1712 1897 honestiffi-

316 1933 391 1971 mis
413 1932 503 1970 viris
522 1960 533 1976 ‚
565 1930 718 1969 accidit.
752 1929 910 1982 Repulfi
933 1928 1017 1966 sunt
1038 1928 1094 1972 ii,
1125 1940 1223 1979 quos
1244 1926 1289 1964 ad
1310 1927 1442 1964 omnia
1463 1925 1711 1979 progredIen-

316 2008 372 2036 tes
390 2026 401 2042 ,
432 2010 528 2049 quos
549 2009 708 2034 munera
727 2003 858 2033 contra
877 1994 980 2047 leges
1000 1992 1223 2046 gladiatoria
1248 2001 1419 2045 parantes
1438 2021 1448 2037 ,
1481 2005 1577 2044 quos
1603 2004 1711 2044 aper-

315 2063 455 2101 tiffime
476 2062 677 2114 largientes
692 2090 703 2106 ,
734 2074 813 2099 non
834 2060 958 2098 solum
979 2059 1113 2105 alieni,
1145 2058 1207 2096 sed
1227 2058 1343 2096 etiam
1366 2058 1440 2103 sui,
1472 2057 1610 2101 vicini,
1643 2057 1712 2093 tri-

317 2129 441 2173 bules,
464 2127 612 2171 urbani,
635 2126 777 2171 rustici,
799 2126 1023 2179 repulerunt
1041 2140 1049 2163 :
1081 2124 1124 2162 hi
1145 2138 1192 2162 ne
1213 2123 1357 2162 honore
1377 2132 1598 2176 augeantur,
1622 2135 1710 2159 mo-

318 2208 468 2233 nemur.
503 2193 631 2231 Debet
659 2192 729 2230 effe
762 2201 930 2245 gratum,
961 2191 1066 2244 quod
1095 2191 1336 2243 praedicunt:
1369 2188 1431 2227 sed
1463 2197 1590 2226 tamen
1618 2185 1711 2224 huic

318 2261 420 2300 malo
446 2260 611 2313 populus
636 2259 836 2296 Romanus
863 2258 954 2310 ipse,
986 2258 1096 2296 nullo
1124 2255 1371 2308 haruspicum
1402 2254 1616 2297 admonitu,
1649 2251 1711 2289 sua

318 2328 448 2381 sponte
470 2325 675 2379 prospexit.

374 2393 591 2432 Deteriores
627 2399 782 2429 cavete:
823 2403 990 2442 quorum
1025 2388 1184 2440 quidem
1221 2399 1357 2438 magna
1391 2386 1441 2422 est
1478 2384 1607 2428 natio;
1649 2383 1711 2421 sed

319 2470 444 2500 tamen
465 2471 597 2498 eorum
619 2458 799 2496 omnium
830 2455 894 2494 hic
922 2455 1001 2494 dux
1025 2454 1077 2492 est
1098 2463 1209 2506 :itque
1230 2454 1420 2505 princeps.
1466 2451 1622 2488 Etenim
1642 2479 1652 2494 ‚
1685 2449 1710 2487 ss
