2212 2835
905 156 1132 212 [327]

470 352 804 411 POST
917 351 1575 411 REDITUM

769 579 854 616 An
916 579 1276 631 QU1R1TES

679 785 1086 825 ORATIO
1163 786 1364 827 XXVII.

326 993 358 1032 Ι.
503 991 543 1030 U
562 990 598 1029 Ο
616 991 656 1029 D
691 999 864 1044 precatus
899 1004 919 1029 a
955 991 1052 1042 Jove
1086 990 1252 1044 Optimo
1289 992 1472 1032 Maximo
1505 995 1723 1048 caeterisque

512 1058 600 1096 Diis
621 1058 910 1097 immortalibus
931 1058 1030 1103 sum,
1059 1059 1248 1109 Qirites,
1269 1073 1314 1098 eo
1336 1069 1522 1112 tempore,
1544 1075 1636 1100 cum
1658 1076 1723 1101 me

325 1124 574 1178 fortunasque
607 1138 708 1162 meas
744 1138 813 1177 pro
848 1123 964 1162 vestra
994 1125 1279 1170 incolumitate,
1315 1126 1409 1172 otio,
1441 1129 1724 1182 concordiaque

325 1192 474 1237 devovi,
507 1200 563 1236 ut,
586 1191 611 1229 fi
632 1204 736 1229 meas
757 1191 920 1230 rationes
942 1205 1115 1244 unquam
1136 1191 1263 1231 vestrae
1284 1193 1394 1231 saluti
1416 1195 1721 1247 anteposuiffem‚

323 1257 596 1313 sempiternam
615 1271 771 1311 poenam
793 1257 1038 1304 sustinerem,
1070 1272 1156 1296 mea
1179 1259 1377 1298 voluntate
1397 1259 1608 1314 susceptam
1625 1281 1636 1307 ς
1669 1263 1724 1301 sm

324 1334 363 1364 et
382 1338 450 1371 ea,
476 1339 561 1378 quae
581 1334 669 1363 ante
687 1324 888 1378 gefferam‚
919 1324 1182 1363 conservandae
1202 1326 1368 1365 civitatis
1390 1327 1498 1366 causa
1516 1328 1720 1381 geffiffem,

324 1400 363 1430 et
382 1391 492 1430 illam
512 1390 688 1430 miseram
709 1389 990 1444 profectionem
1009 1390 1136 1429 vestrae
1156 1391 1284 1430 salutis
1305 1394 1425 1445 gratia
1453 1393 1691 1448 suscepissem
1710 1424 1722 1440 ,

324 1466 368 1495 ut
384 1486 396 1502 ,
427 1458 532 1510 quod
553 1457 689 1495 odium
710 1457 879 1495 scelerati
897 1456 1076 1495 homines
1096 1466 1135 1495 et
1156 1457 1314 1495 audaces
1338 1459 1381 1497 in
1407 1462 1692 1513 rempublicam
1710 1491 1722 1507 ‚

324 1531 363 1560 et
391 1523 431 1560 in
459 1536 594 1561 omnes
623 1523 760 1567 bonos,
791 1531 1027 1575 conceptum
1050 1523 1205 1574 jamdiu
1231 1524 1486 1575 continerent,
1518 1527 1558 1564 id
1586 1528 1627 1565 in
1658 1541 1723 1566 me

325 1602 448 1627 unum
480 1589 633 1642 potiuS,
665 1603 782 1641 quam
811 1589 851 1627 in
883 1589 1082 1643 optimum
1114 1603 1336 1643 quemque,
1368 1601 1406 1630 et
1435 1593 1475 1630 in
1508 1595 1723 1632 universam

325 1656 624 1708 rempublicam,
649 1655 882 1701 deflecterem
905 1655 980 1694 hoc
1002 1656 1027 1694 fi
1048 1656 1179 1694 animo
1200 1657 1240 1694 in
1261 1671 1326 1695 vos
1347 1657 1563 1711 liberosque
1583 1660 1721 1699 vestros

326 1721 500 1766 fuiffem,
532 1732 575 1760 ut
596 1722 804 1774 aliquando
823 1736 889 1761 vos
903 1752 915 1767 ,
946 1731 1069 1776 patres
1090 1723 1350 1776 conscriptos,
1381 1726 1609 1778 Italiamque
1630 1728 1719 1765 uni·

324 1789 483 1835 versam,
502 1789 689 1828 memoria
709 1790 801 1835 mei,
823 1789 1095 1836 misericordia,
1118 1790 1425 1845 desideriumque
1446 1802 1615 1832 teneret:
1639 1796 1719 1847 ejus

324 1856 539 1895 devotionis
574 1870 638 1895 me
671 1855 743 1894 effe
773 1858 996 1895 convictum
1026 1858 1178 1910 judicio
1214 1859 1389 1897 Deorum
1421 1860 1719 1906 immortalium,

325 1922 545 1960 testimonio
571 1923 719 1961 senatus
737 1952 748 1968 ‚
779 1922 963 1961 consensu
997 1924 1115 1962 Italiae
1132 1953 1143 1969 ,
1175 1923 1409 1963 confeffione
1438 1926 1688 1966 inimicorum
1708 1959 1718 1973 ,

325 1987 513 2026 beneficio
534 1988 665 2027 divino
685 1989 977 2042 immortalique
998 1989 1119 2028 vestro
1133 2019 1143 2036 ,
1176 1991 1346 2029 maxime
1366 1992 1473 2030 laetor
1486 2022 1497 2038 ‚
1530 1995 1717 2045 Qirites.

326 2055 392 2098 Et,
424 2054 449 2092 fi
470 2052 623 2093 homini
644 2054 743 2093 nihil
763 2056 815 2093 est
835 2056 957 2108 magis
978 2057 1207 2109 optandum,
1238 2071 1355 2110 quam
1378 2059 1566 2111 prospera,
1592 2075 1717 2112 aequa-

327 2120 442 2164 bilis,
474 2130 732 2173 perpetuaque
766 2120 948 2167 fortuna,
979 2122 1144 2161 secundo
1173 2124 1259 2162 vitae
1289 2125 1365 2161 fine
1400 2125 1479 2162 ulla
1512 2126 1718 2181 offensione

326 2185 465 2229 cursu,
499 2195 647 2231 tamen,
679 2187 704 2224 s1
726 2187 826 2225 mihi
849 2188 1057 2240 tranquilla
1077 2199 1114 2226 et
1134 2189 1280 2242 placata
1300 2190 1431 2228 omnia
1450 2190 1623 2235 fuissent,
1655 2193 1715 2228 in-

326 2251 502 2289 credibili
523 2252 687 2303 quadam
702 2282 713 2298 ,
744 2263 781 2291 et
802 2268 897 2306 pene
919 2255 1045 2292 divina
1060 2284 1071 2300 ,
1103 2269 1177 2308 qua
1198 2269 1301 2293 nunc
1318 2285 1331 2301 ‚
1361 2255 1479 2294 vestro
1500 2257 1688 2294 beneficio
1705 2287 1715 2301 ,

327 2318 446 2361 fruor,
478 2316 516 2354 Ia
527 2317 618 2354 titiae
638 2318 833 2370 voluptate
853 2320 1065 2359 caruiss‘em.

382 2383 489 2433 Qid
519 2383 669 2420 dulcius
690 2382 898 2422 hominum
919 2387 1048 2437 generi
1069 2400 1089 2424 a
1110 2396 1241 2424 natura
1261 2386 1392 2423 datum
1414 2386 1465 2423 cst
1480 2416 1489 2430 ‚
1522 2401 1638 2438 quam
1662 2388 1714 2427 sui

325 2450 466 2501 cuique
503 2449 642 2487 liberi?
677 2448 775 2488 mihi
811 2464 898 2489 vcro
931 2460 968 2488 et
1004 2461 1158 2504 propter
1188 2451 1470 2504 indulgentiam
1502 2467 1647 2500 meam,
1679 2466 1717 2493 et
