2212 2835
486 235 562 288 356
978 235 1380 274 ORATIO

485 347 558 386 ego
588 347 665 372 non
692 332 796 371 idem
823 332 1031 372 senserim?
1062 347 1156 380 cur,
1187 348 1279 372 cum
1307 347 1379 386 ego
1405 346 1468 371 me
1494 331 1760 371 existimassem
1787 340 1873 370 tuto

485 400 648 438 omnino
675 401 715 438 in
744 400 898 438 civitate
926 400 997 439 effe
1022 414 1100 439 non
1128 400 1229 453 poffe
1246 429 1259 447 ‚
1290 400 1385 438 illuc
1407 399 1533 438 irem?
1564 403 1628 438 An
1649 399 1732 437 aliis
1753 399 1844 436 licet
1861 427 1872 443 ,

485 475 523 503 et
543 468 642 503 recte
662 465 753 503 licet
769 494 781 510 ,
812 466 853 504 in
878 478 967 504 meo
991 475 1099 504 metu
1120 466 1189 504 fibi
1209 464 1309 504 nihil
1330 466 1492 504 timere:
1525 464 1626 504 mihi
1646 464 1713 503 uni
1734 463 1876 502 necesse

482 531 555 569 erit
574 541 612 570 et
632 544 773 577 meam,
803 541 842 569 et
861 532 1040 577 aliorum,
1071 532 1197 570 vicem
1217 532 1482 584 pertimescere
1501 533 1514 568 ?

537 599 617 644 An,
649 599 740 650 quia
758 611 836 636 non
856 598 1111 636 condemnavi
1132 598 1317 636 sententia
1343 611 1427 636 mea
1454 598 1531 636 duo
1557 597 1728 636 consules
1746 625 1757 641 ‚
1789 595 1874 634 sum

482 664 846 717 reprehendendus?
883 666 960 702 Eos
992 665 1111 717 igitur
1141 679 1213 718 ego
1242 665 1485 718 potiffimum
1517 665 1696 702 damnare
1726 662 1872 707 debui,

481 744 648 782 quorum
670 730 753 782 lege
772 729 987 782 perfectum
1014 729 1066 767 est
1082 758 1094 774 ,
1126 744 1174 767 ne
1200 744 1271 782 ego
1291 730 1535 768 indemnatus
1552 761 1563 776 ‚
1593 740 1707 783 atque
1726 729 1875 782 optime

481 797 527 834 de
546 796 743 848 republica
765 795 938 840 meritus,
960 794 1231 833 damnatorum
1250 809 1381 848 poenas
1402 796 1623 834 sustinerem
1645 796 1657 832 ?
1689 797 1872 847 Qorum

479 862 598 900 etiam
618 861 755 899 delicta
770 890 782 906 ,
812 870 970 914 propter
995 874 1130 899 eorum
1155 861 1346 914 egregiam
1375 861 1416 899 in
1444 875 1508 900 me
1528 861 1783 900 conservando
1802 874 1872 899 vo·-

478 928 668 966 luntatem
686 956 697 972 ‚
728 941 807 965 non
836 927 955 965 modo
981 940 1045 965 me
1061 955 1074 973 ,
1104 927 1167 965 sed
1194 940 1328 966 omnes
1354 927 1476 966 bonos
1492 956 1504 973 ‚
1535 926 1633 965 ferre
1651 934 1872 980 oporteret,

477 1007 613 1033 eorum
644 994 842 1047 optimum
873 993 1078 1032 confilium
1105 1007 1177 1046 ego
1204 993 1461 1046 potissimum,
1492 1008 1559 1048 per
1585 1007 1648 1032 eos
1676 993 1717 1031 in
1743 1006 1873 1031 meam

476 1060 675 1113 pristinam
707 1060 937 1113 dIgnitatem
968 1060 1178 1106 restitutus,
1209 1060 1367 1099 confilio
1398 1061 1638 1114 repudiarem
1664 1060 1785 1098 meo2?
1816 1060 1875 1097 At

476 1141 595 1179 quam
619 1127 845 1165 sententiam
871 1127 986 1165 dixi?
1018 1127 1199 1166 Primum
1226 1141 1310 1165 eam
1328 1156 1339 1172 ,
1371 1141 1490 1179 quam
1517 1126 1654 1180 populi
1680 1126 1803 1164 sermo
1829 1125 1874 1164 in

475 1193 614 1231 animis
635 1193 768 1231 nostris
784 1193 867 1245 jam
887 1202 973 1231 ante
993 1193 1198 1239 defixerat3
1221 1193 1360 1232 deinde
1379 1207 1477 1238 eam,
1498 1208 1584 1246 quae
1602 1202 1681 1231 erat
1700 1192 1871 1245 superio-

476 1260 580 1297 ribus
602 1259 735 1297 diebus
757 1259 897 1311 agitata
916 1260 956 1296 in
976 1259 1132 1305 senatu;
1165 1260 1302 1298 deinde
1322 1273 1405 1298 eam
1424 1289 1435 1305 ,
1467 1273 1585 1312 quam
1613 1259 1760 1297 senatus
1788 1257 1868 1296 fre-

475 1339 596 1377 quens
629 1334 728 1369 tum,
760 1339 852 1362 cum
883 1325 984 1363 mihi
1014 1325 1067 1363 est
1092 1325 1266 1370 affensus,
1298 1326 1449 1363 secutus
1476 1326 1554 1363 est:
1588 1334 1630 1363 ut
1656 1337 1781 1376 neque
1809 1323 1867 1361 al·-

474 1392 548 1429 lata
566 1391 610 1429 fit
631 1405 650 1429 a
677 1405 739 1429 me
767 1405 822 1429 res
850 1391 1047 1444 inopinata
1072 1405 1114 1430 ac
1139 1405 1298 1436 recens;
1331 1405 1401 1429 nec
1420 1421 1431 1437 ,
1462 1392 1489 1430 fi
1515 1391 1620 1444 quod
1647 1391 1687 1428 in
1714 1390 1866 1428 senten-

474 1458 527 1496 tia
546 1458 687 1495 vitium
708 1457 781 1502 est,
814 1458 934 1509 magis
955 1457 999 1495 fit
1019 1459 1120 1509 ejus,
1152 1458 1220 1510 qui
1241 1458 1400 1502 dixerit,
1428 1472 1546 1510 quam
1567 1458 1766 1501 omnium,
1799 1456 1868 1509 qui

473 1524 684 1576 probarint.
718 1525 773 1561 At
792 1524 899 1561 enim
926 1523 1095 1562 liberum
1119 1523 1265 1562 senatus
1281 1524 1492 1576 judicium,
1524 1532 1680 1577 propter
1699 1532 1866 1568 metum,

474 1605 551 1629 non
572 1590 662 1629 fuit.
695 1591 733 1628 Si
755 1589 920 1628 timuisse
940 1604 1002 1628 eos
1023 1589 1117 1629 facis
1131 1620 1142 1636 ‚
1174 1591 1241 1644 qui
1262 1590 1531 1636 discefferunt;
1563 1590 1731 1629 concede
1745 1619 1756 1635 ,
1787 1603 1870 1628 non

473 1650 641 1696 timuiffe
673 1671 764 1702 eos,
795 1658 864 1709 qui
898 1657 1172 1696 remanserunt.
1205 1658 1270 1696 Sin
1304 1666 1433 1696 autem
1467 1658 1544 1696 fine
1577 1658 1649 1702 iis,
1680 1658 1748 1710 qui
1781 1666 1867 1695 tum

472 1722 696 1769 abfuerunt,
730 1722 832 1761 nihil
862 1723 1016 1761 decerni
1047 1723 1165 1760 libere
1197 1723 1353 1775 potuit;
1386 1736 1479 1761 cum
1511 1736 1645 1761 omnes
1679 1722 1863 1766 adessent,

471 1799 647 1842 coeptum
667 1789 719 1827 est
740 1788 870 1826 referri
890 1789 936 1826 de
960 1787 1179 1826 inducendo
1205 1787 1567 1827 senatus-consulto,
1599 1788 1664 1826 Ab
1691 1787 1865 1826 universo

471 1854 873 1892 senatu'reclamatum
894 1855 960 1893 est.

529 1921 577 1958 V.
611 1921 683 1959 Sed
703 1934 851 1973 quaer0‚
883 1922 923 1959 in
945 1922 1026 1974 ipsa.
1043 1921 1250 1968 sententia,
1281 1923 1467 1976 quoniam
1487 1922 1665 1976 princeps
1686 1934 1756 1974 ego
1776 1921 1875 1959 sum⁴

470 1989 550 2040 ejus
578 1996 693 2039 atque
722 1989 852 2025 auitor
869 2017 879 2032 ,
911 1989 1005 2040 quid
1033 1988 1345 2041 reprehendatur.
1378 1991 1525 2028 Utrum
1551 1988 1659 2027 causa
1685 1988 1862 2042 capiendi

470 2053 561 2091 novi
582 2053 729 2091 confilii
750 2067 827 2091 non
850 2053 925 2091 fuit
944 2054 956 2091 ?
989 2068 1035 2092 an
1057 2068 1149 2093 meae
1171 2064 1294 2108 partes
1315 2055 1355 2093 in
1375 2069 1417 2093 ea
1437 2055 1545 2093 causa
1563 2069 1641 2093 non
1662 2054 1862 2108 praecipuae

468 2118 658 2157 fuerunt?
690 2132 736 2156 an
772 2119 846 2157 alio
881 2120 1010 2172 potius
1045 2120 1352 2174 confugiendum
1386 2121 1493 2160 fuit?
1530 2122 1628 2173 Qae
1662 2121 1745 2165 vis,
1777 2134 1861 2173 quae

467 2186 575 2224 causa
591 2215 603 2231 ,
634 2187 756 2238 major
775 2186 846 2224 effe
860 2216 872 2232 ,
903 2201 1020 2239 quam
1042 2187 1162 2226 fames
1180 2218 1190 2233 ,
1222 2189 1350 2241 potuit
1368 2190 1381 2226 ?
1412 2202 1530 2241 quarn
1548 2188 1710 2227 seditio?
1742 2201 1862 2240 quam

467 2253 623 2291 consilia
644 2262 720 2298 tua,
754 2262 987 2306 tuorumque
1007 2255 1019 2291 ?
1051 2255 1132 2310 qui,
1163 2254 1346 2294 facultate
1366 2256 1494 2294 oblata
1513 2255 1559 2293 ad
1586 2255 1859 2308 imperitorum

466 2320 614 2358 animos
647 2320 887 2364 incitandos,
920 2330 1192 2360 renovaturum
1224 2330 1261 2360 te
1293 2332 1357 2360 tua
1388 2322 1453 2360 illa
1483 2322 1631 2361 funesta
1661 2320 1860 2360 latrocinia

465 2387 514 2424 ob
536 2400 695 2424 annonae
715 2386 865 2424 causam
887 2395 1084 2439 putarunt.
1119 2389 1379 2427 Frumentum
1407 2389 1613 2442 provinciae
1641 2388 1857 2426 frumenta-

466 2453 527 2489 riae
549 2453 687 2504 partim
710 2466 787 2490 non
809 2452 1029 2499 habebant3
1062 2455 1203 2506 partim
1224 2456 1263 2493 in
1285 2456 1373 2494 alias
1396 2465 1508 2494 terras
1527 2485 1537 2500 ,
1569 2455 1708 2499 credo,
1738 2467 1855 2506 prop-

467 2528 520 2554 ter
542 2518 757 2557 varietatem
780 2519 1022 2558 venditorum
1051 2520 1257 2567 miserant5
1291 2523 1461 2574 partim,
1492 2535 1570 2573 quo
1597 2520 1740 2573 gratius
1766 2517 1856 2556 esset
