2212 2835
478 201 555 241 324
987 181 1390 221 ORATIO

475 287 599 325 malus
636 292 748 337 poeta
782 282 828 320 de
861 281 1009 335 populo
1040 279 1268 334 subjecisset,
1300 279 1405 333 quod
1435 279 1676 332 epigramma
1709 280 1750 318 in
1783 293 1873 319 eum

474 352 618 390 fecisset
640 349 914 389 tantummodo
934 349 1088 387 alternis
1108 347 1276 387 versibus
1294 346 1547 400 longiusculis
1562 376 1574 391 ,
1605 347 1733 385 statim
1762 359 1808 385 ex
1829 348 1876 386 iis

474 418 603 465 rebus,
635 430 728 470 quas
761 425 856 454 tunc
887 415 1089 460 vendebat,
1117 414 1252 468 jubere
1283 414 1318 452 ei
1347 413 1555 466 praemium
1587 413 1708 451 tribui
1738 412 1808 451 sub
1834 426 1878 451 ea

473 485 699 523 conditione
717 513 729 529 ,
759 498 802 521 ne
828 481 1243 536 quidposteczstriberet.
1277 481 1359 531 Qi
1379 480 1621 518 sedulitatem
1643 480 1736 518 mali
1758 488 1879 533 poetae

419 565 421 567 ’
475 551 628 590 duxerit
647 551 778 602 aliq-uo
799 559 929 588 tamen
949 548 1109 602 praemio
1128 548 1300 600 dignam,
1332 546 1448 599 hujus
1469 547 1674 600 ingenium
1694 556 1733 585 et
1751 547 1878 585 virtu-

476 629 556 658 tem
577 619 616 656 in
638 617 852 661 scribendo,
884 625 921 654 et
942 616 1108 668 copiam,
1141 628 1218 653 non
1239 613 1434 667 expetisset
1453 615 1465 651 ?
1499 614 1608 665 Qid
1626 614 1638 651 ?
1669 628 1690 652 a
1711 614 1878 667 QMe-

475 685 569 723 tello
591 685 674 728 Pio,
706 682 1000 720 familiariffimo
1021 682 1100 726 suo,
1132 682 1200 733 qui
1220 681 1374 719 civitate
1396 680 1539 719 multos
1562 681 1731 727 donavit,
1753 694 1882 733 neque

476 765 543 804 per
563 750 611 793 se,
643 762 769 800 neque
788 761 856 801 per
876 747 1080 791 Lucullos,
1103 745 1376 798 impetravisset
1395 746 1407 781 ?
1440 747 1509 798 qui
1529 746 1737 799 praesertim
1758 746 1878 799 usque

476 832 522 857 eo
542 817 588 855 de
609 815 682 854 suis
705 815 817 853 rebus
839 813 954 852 scribi
974 822 1131 866 cuperet
1148 841 1159 858 ,
1191 821 1235 850 ut
1255 813 1372 850 etiam
1394 813 1587 851 Cordubae
1607 814 1705 852 natis
1726 815 1849 867 poetis
1865 842 1878 859 ,

475 884 620 937 pingue
639 881 827 935 quiddam
848 879 1071 919 sonantibus
1092 888 1207 931 atque
1227 879 1490 932 peregrinum,
1516 887 1647 917 tamen
1667 892 1774 918 aures
1796 879 1878 917 suas

478 949 645 987 dederet.

530 1017 605 1054 XI.
638 1015 780 1067 Neque
799 1014 905 1052 enim
927 1012 979 1051 est
1000 1011 1075 1051 hoc
1095 1011 1429 1057 diffimulandum‚
1461 1012 1566 1064 quod
1586 1011 1780 1051 obscurari
1800 1025 1882 1050 non

474 1083 611 1138 potest,
642 1081 705 1121 sed
726 1095 803 1136 prae
823 1081 935 1120 nobis
956 1079 1183 1118 ferendum:
1216 1077 1409 1117 trahimur
1428 1093 1562 1118 omnes
1583 1079 1707 1118 laudis
1729 1079 1878 1124 studi0;

475 1160 514 1190 et
532 1150 708 1204 optimus
729 1148 891 1202 quisque
910 1147 1082 1186 maxime
1099 1147 1222 1200 gloria
1241 1147 1410 1186 ducitur.
1443 1147 1517 1200 Ipfi
1545 1147 1604 1185 illi
1630 1146 1852 1200 philosophi
1868 1175 1880 1192 ,

477 1217 595 1256 etiam
627 1216 704 1254 illis
735 1215 894 1260 libellis,
925 1227 1022 1267 quos
1055 1214 1101 1252 de
1128 1212 1411 1252 contemnenda
1436 1213 1561 1266 gloria
1585 1213 1773 1259 scribunt,
1804 1227 1878 1252 no-

477 1298 568 1324 men
590 1283 702 1322 suum
722 1282 938 1321 inscribunt
957 1296 966 1320 :
999 1281 1039 1319 in
1060 1295 1105 1319 eo
1126 1281 1207 1334 ipso
1222 1310 1233 1326 ‚
1264 1281 1305 1319 in
1325 1294 1404 1333 quo
1425 1281 1740 1334 praedicationem
1760 1281 1878 1319 nobi-

477 1352 706 1403 litatemque
725 1349 940 1402 despiciunt
958 1377 969 1393 ‚
1000 1347 1196 1401 praedicari
1213 1347 1261 1385 de
1281 1346 1315 1385 se
1335 1360 1378 1385 ac
1399 1347 1591 1385 nomInari
1611 1347 1760 1386 volunt.
1794 1348 1878 1385 De-

477 1419 605 1457 cimus
638 1416 798 1470 quidem
833 1417 990 1459 Brutus,
1022 1415 1197 1452 summus
1233 1414 1299 1451 ille
1330 1414 1388 1452 vir
1420 1423 1458 1452 et
1492 1414 1716 1467 imperator,
1748 1414 1877 1458 Accii,

477 1483 699 1524 amiciffimi
718 1483 775 1520 sui
792 1511 803 1527 ‚
834 1480 1072 1519 carminibus
1101 1480 1340 1532 templorum
1362 1494 1404 1518 ac
1426 1490 1773 1519 monumentorum
1795 1481 1878 1519 adi-

477 1561 539 1590 tus
560 1549 759 1590 exornavit
780 1548 949 1587 suorum.
981 1548 1070 1599 Jam
1092 1561 1181 1586 vero
1200 1547 1268 1585 ille
1284 1577 1295 1593 ‚
1327 1547 1395 1600 qui
1422 1561 1515 1586 cum
1545 1547 1686 1586 AEtolis
1704 1576 1715 1593 ,
1747 1547 1880 1586 Ennio

477 1618 634 1663 comite,
664 1616 836 1660 bellavit,
858 1614 1037 1659 Fulvius,
1060 1628 1137 1652 non
1157 1614 1350 1652 dubitavit
1370 1614 1512 1652 Martis
1533 1615 1734 1653 manubias
1755 1614 1881 1653 Mufis

478 1685 708 1725 consecrare.
742 1684 872 1735 Qare
888 1711 899 1727 ,
930 1682 971 1719 in
998 1694 1074 1734 qua
1101 1680 1195 1718 urbe
1215 1681 1465 1734 imperatores
1486 1694 1606 1734 prope
1626 1681 1762 1720 armati
1782 1694 1877 1734 poe-

477 1761 604 1790 tarum
625 1763 769 1789 nomen
784 1778 795 1795 ‚
828 1757 867 1786 et
887 1747 1092 1786 Musarum
1113 1746 1272 1784 delubra
1285 1775 1296 1791 ‚
1328 1746 1532 1784 coluerunt
1546 1775 1557 1791 ,
1588 1747 1628 1784 in
1649 1760 1691 1784 ea
1711 1760 1789 1785 non
1809 1746 1878 1784 de-

478 1819 571 1856 bent
603 1816 723 1869 togati
748 1815 901 1867 judices
929 1826 950 1851 a
975 1812 1181 1852 Musarum
1207 1811 1368 1857 honore,
1400 1821 1437 1851 et
1464 1826 1484 1851 a
1511 1821 1711 1866 poetarum
1743 1812 1876 1858 salute,

480 1883 699 1922 abhorrere.

533 1952 686 2002 Atque,
719 1957 761 1987 ut
782 1947 822 1986 id
846 1947 1031 1986 libentius
1052 1945 1220 1991 faciatis,
1247 1947 1330 1998 jam
1352 1960 1415 1984 me
1435 1946 1544 1985 vobis
1559 1975 1570 1991 ‚
1600 1946 1758 1998 Judices
1773 1975 1784 1991 ,
1815 1946 1878 1984 in-

478 2017 640 2062 dicabo,
672 2025 709 2054 et
736 2015 782 2053 de
811 2028 899 2053 meo
925 2014 1096 2067 quodam
1123 2027 1253 2052 amore
1278 2013 1435 2066 gloriae‚
1467 2014 1585 2052 nimis
1606 2014 1681 2052 acri
1701 2012 1852 2052 fortasse
1868 2044 1879 2059 ,

479 2093 729 2123 veruntamen
760 2081 934 2127 honesto,
966 2082 1076 2119 vobis
1107 2080 1334 2119 confitebor.
1373 2081 1495 2126 Nam,
1526 2094 1618 2133 quas
1651 2094 1707 2118 res
1739 2094 1808 2119 nos
1838 2080 1880 2118 in
1942 2123 1946 2125 Δ

480 2151 680 2190 consulatu
713 2149 839 2188 nostro
866 2148 1065 2187 vobiscum
1092 2148 1205 2187 fimul
1236 2162 1304 2201 pro
1330 2147 1449 2186 salute
1480 2146 1596 2200 hujus
1628 2147 1734 2185 urbis
1765 2157 1880 2200 atque

480 2217 633 2271 imperii
651 2246 661 2262 ,
693 2226 730 2254 et
751 2230 820 2269 pro
841 2215 917 2255 vita
937 2215 1083 2253 civium
1101 2244 1111 2259 ‚
1144 2228 1291 2268 proque
1311 2214 1482 2252 universa
1510 2214 1708 2267 republica
1723 2243 1735 2259 ,
1766 2213 1877 2266 geffi-

482 2298 582 2329 nius,
614 2283 742 2335 attigit
763 2281 828 2320 hic
850 2282 1030 2327 verfibus,
1053 2292 1168 2334 atque
1189 2279 1408 2319 inchoavit:
1432 2281 1575 2333 quibus
1597 2280 1751 2325 auditis,
1773 2280 1879 2333 quod

482 2351 581 2389 mihi
613 2362 751 2403 magna
786 2362 843 2387 res
878 2358 915 2386 et
949 2349 1123 2400 jucunda
1157 2348 1232 2386 visa
1269 2348 1346 2393 est,
1376 2347 1482 2386 hunc
1516 2347 1563 2386 ad
1597 2346 1878 2401 perficiendum

482 2417 653 2455 'nortatus
686 2417 784 2454 sum.
818 2415 984 2454 Nullam
1018 2416 1122 2454 enim
1155 2415 1275 2454 virtus
1308 2415 1423 2452 aliam
1455 2414 1672 2453 mercedem
1701 2414 1878 2452 laborum

483 2483 821 2535 pericv.1lorumque
853 2481 1059 2526 deiiderat,
1092 2491 1225 2534 practer
1260 2479 1360 2520 hanc
1391 2480 1513 2519 laudis
1545 2489 1583 2519 et
1614 2479 1770 2533 gloriae:
1803 2490 1880 2531 qua
