2212 2835
455 207 531 246 252
960 188 1358 227 ORATIO

452 291 648 342 scriptura,
679 288 863 331 decumae,
895 285 1124 339 portorium,
1147 284 1261 323 morti
1278 302 1290 329 3
1309 284 1474 322 libenter
1492 283 1654 337 arripere
1673 283 1837 322 faculta-

452 365 531 394 tem
553 354 728 399 laedendi,
760 365 999 406 quaecunque
1020 351 1143 389 detur.
1175 351 1421 389 Mementote
1440 350 1572 403 igitur,
1594 363 1686 388 cum
1706 350 1837 387 audie-

452 422 500 460 tis
522 420 788 474 psephismata,
819 433 896 457 non
914 418 1042 456 audire
1061 431 1127 455 vos
1149 417 1392 462 testimonia3
1424 417 1554 455 audire
1581 416 1837 454 temeritatem

451 487 573 539 vulgi,
603 487 731 524 audire
751 499 886 524 vocem
906 483 1082 522 leviffimi
1102 482 1299 535 cujusque,
1331 483 1459 520 audire
1483 483 1684 535 strepitum
1712 482 1838 535 impe-

452 555 630 598 ritorum,
660 552 787 590 audire
812 552 1042 589 concionem
1067 550 1299 588 concitatam
1326 549 1518 588 leviffimae
1545 549 1725 588 nationis.
1758 549 1838 586 lta-

452 634 528 672 que
567 618 855 672 perscrutamini
894 617 1045 669 penitus
1082 625 1258 654 naturam
1296 616 1561 668 rationemque
1596 615 1807 653 criminum
1826 629 1835 652 2

448 687 531 738 jam
564 684 661 723 nihil
694 693 826 737 praeter
857 682 977 735 spem,
1018 680 1116 719 nihil
1148 690 1281 734 praeter
1316 691 1497 719 terrorem
1532 695 1573 719 ac
1605 681 1744 726 minas,
1778 693 1838 718 re-

454 752 623 805 perietis.
645 752 668 775 ᾖ
741 752 764 774 ²³

509 819 580 855 IX.
614 817 658 854 In
690 815 817 853 aerario
852 813 951 852 nihil
980 813 1121 852 habent
1150 813 1336 857 civitates,
1368 812 1467 850 nihil
1500 813 1541 851 in
1575 813 1837 866 vectigalibus.

454 884 552 921 Duae
573 882 734 919 rationes
756 879 1002 917 conficiendae
1023 879 1208 931 pecuniae,
1230 887 1295 915 aut
1315 878 1476 922 versura,
1497 887 1561 916 aut
1582 878 1748 916 tributo:
1771 891 1840 915 nec

455 949 593 986 tabulae
613 947 809 985 creditoris
833 944 1091 998 proferuntur,
1123 958 1192 981 nec
1219 944 1355 981 tributi
1382 942 1575 982 confectio
1602 943 1679 981 ulla
1704 943 1840 981 recita-

456 1025 530 1052 tur.
555 1015 685 1065 Qum
706 1025 792 1050 vero
813 1011 924 1048 facile
944 1010 1050 1048 falsas
1072 1010 1233 1047 rationes
1255 1008 1406 1053 inferre,
1428 1019 1465 1047 et
1485 1010 1524 1047 in
1546 1009 1692 1047 tabulas
1714 1009 1840 1062 quod-

454 1093 608 1132 cunque
628 1078 881 1117 commodum
904 1077 955 1114 est
975 1075 1125 1120 referre,
1156 1075 1311 1120 soleant,
1343 1089 1389 1113 ex
1419 1076 1494 1113 Cn.
1518 1076 1695 1128 Pompeii
1724 1075 1843 1114 literis

454 1148 499 1186 ad
521 1146 749 1199 Hypsaeum,
779 1154 816 1182 et
837 1143 995 1196 Hypsaei
1015 1143 1060 1180 ad
1085 1143 1333 1194 Pompeium,
1364 1142 1496 1186 miffis,
1528 1142 1654 1193 quaeso
1680 1142 1841 1195 cognos-

454 1214 544 1251 cite.
577 1214 774 1251 LITERAE
808 1211 1015 1253 ΡΘΜΡΕΙΙ,
1046 1217 1082 1245 et
1110 1209 1317 1246 HYszm.
1350 1207 1492 1245 Satisne
1512 1208 1620 1246 vobis
1641 1221 1843 1261 coarguere

454 1279 516 1318 his
537 1277 752 1316 auctoribus
774 1274 992 1313 dissolutam
1014 1275 1238 1312 Graecorum
1259 1272 1590 1317 consuetudinem,
1622 1274 1842 1312 licentiam-

456 1359 531 1398 que
552 1343 834 1395 impudentem‚
866 1340 1041 1378 videmur
1059 1340 1071 1377 ?
1103 1340 1170 1377 nifi
1190 1338 1303 1383 forte,
1326 1339 1394 1391 qui
1416 1340 1490 1377 Cn.
1507 1340 1754 1392 Pompeium,
1775 1340 1844 1392 qui

456 1410 691 1463 praesentem,
722 1407 790 1459 qui
812 1406 920 1444 nullo
941 1405 1176 1458 impellente,
1208 1403 1404 1449 fallebant,
1429 1418 1507 1450 eos,
1530 1414 1687 1458 urgente
1707 1406 1842 1450 Laelio,

456 1478 497 1515 in
516 1476 724 1519 absentem,
756 1482 792 1511 et
813 1473 851 1510 in
872 1473 920 1511 L.
944 1471 1143 1517 Flaccum,
1174 1480 1239 1509 aut
1259 1471 1415 1510 timidos
1436 1470 1545 1511 fuiffe
1564 1481 1629 1510 aut
1649 1472 1843 1524 religiosos

485 1552 651 1580 utamus.

455 1557 481 1597 p
512 1603 584 1642 Sed
610 1601 752 1640 fuerInt
780 1600 1010 1652 incorruptae
1029 1598 1147 1637 literae
1167 1598 1275 1636 domi
1293 1612 1301 1636 :
1334 1611 1438 1636 nunc
1462 1611 1550 1637 vero
1570 1612 1686 1651 quam
1707 1597 1846 1636 habere

457 1669 735 1713 auctoritatem,
766 1675 831 1705 aut
851 1679 968 1718 quam
989 1664 1121 1709 fidem,
1153 1663 1336 1716 possunt?
1369 1665 1520 1702 Triduo
1546 1665 1608 1703 lex
1636 1665 1681 1703 ad
1705 1674 1843 1717 praeto-

457 1749 537 1774 rem
558 1734 709 1778 deferri,
735 1732 917 1785 judicum
938 1731 1050 1783 fignis
1071 1729 1274 1782 obfignari,
1300 1730 1440 1780 jubet:
1473 1730 1664 1768 tricesimo
1691 1731 1752 1767 die
1778 1729 1844 1767 vix

457 1801 693 1840 deferuntur.
712 1799 776 1836 Ne
796 1797 992 1849 corrumpi
1014 1795 1151 1834 tabulae
1169 1794 1281 1832 facile
1301 1795 1452 1847 poffint,
1471 1795 1615 1833 idcirco
1634 1795 1695 1833 lex
1715 1795 1842 1847 obsig-

457 1877 560 1905 natas
591 1860 632 1903 in
663 1864 822 1917 publico
851 1863 944 1915 poni
977 1861 1127 1900 voluit:
1160 1869 1196 1898 at
1227 1860 1473 1913 obsignantur
1499 1871 1700 1913 corruptae.
1737 1861 1844 1911 Qid

459 1931 571 1971 refert
598 1931 730 1983 igitur,
762 1938 868 1967 tanto
896 1928 978 1980 post
1005 1928 1050 1965 ad
1072 1927 1221 1979 judices
1249 1926 1480 1972 deferantur,
1512 1941 1558 1965 an
1584 1928 1746 1965 omnino
1765 1940 1844 1964 non

458 1995 704 2036 deferantur?
738 1994 861 2044 Qid,
892 1994 916 2031 si
945 1993 1097 2031 testium
1118 1993 1286 2030 studium
1308 2006 1397 2031 cum
1420 1993 1632 2031 accusatore
1659 1993 1844 2031 sociatum

458 2059 510 2098 est
528 2059 540 2095 ?
573 2067 751 2095 tamenne
770 2055 829 2093 isti
852 2054 958 2093 testes
979 2053 1224 2092 habebuntur
1241 2053 1254 2090 ?

513 2126 564 2164 X.
598 2123 679 2162 Ubi
699 2121 751 2160 est
772 2122 890 2174 igitur
909 2120 973 2158 illa
994 2121 1219 2174 expectatio,
1240 2134 1324 2172 quae
1345 2120 1476 2159 versari
1497 2121 1535 2158 in
1551 2120 1709 2172 judiciis
1726 2120 1844 2158 solet?

459 2191 565 2229 Nam
589 2198 707 2233 antea,
738 2201 829 2225 cum
851 2187 994 2224 dixerat
1015 2185 1207 2224 accusator
1228 2187 1361 2224 acriter
1381 2195 1417 2223 et
1439 2185 1700 2231 vehementer,
1730 2199 1843 2224 cum-

460 2271 533 2309 que
551 2254 721 2294 defensor
741 2253 962 2306 suppliciter
982 2252 1213 2305 demisseque
1238 2252 1498 2305 responderat;
1532 2253 1662 2291 tertius
1685 2253 1748 2290 ille
1768 2262 1846 2290 erat

459 2323 676 2374 expectatus
704 2319 811 2357 locus
839 2318 1006 2363 testium,
1037 2319 1104 2370 qui
1131 2327 1194 2356 aut
1222 2318 1296 2355 fine
1318 2319 1396 2356 ullo
1417 2318 1539 2356 studio
1560 2317 1750 2362 dicebant,
1782 2326 1845 2354 aut

460 2401 550 2426 cum
572 2385 866 2424 diffimulatione
887 2383 1013 2436 aliqua
1032 2384 1266 2436 cupiditatis.
1301 2384 1389 2423 Hoc
1412 2397 1499 2422 vero
1521 2384 1617 2437 quid
1643 2383 1725 2422 est?
1758 2384 1846 2420 Una

465 2465 486 2486 ‘²‘
513 2464 533 2485 ³
561 2464 583 2485 ³·
616 2460 737 2515 Deff
756 2460 927 2499 videntur
947 2460 1126 2498 nonnulla.
