2212 2835
466 225 542 263 230
969 199 1370 239 ORATIO

464 309 609 358 Magna
639 303 690 340 est
721 311 849 339 autem
880 299 1050 338 comitiis
1082 296 1344 336 consularibus
1375 294 1574 348 repentina
1606 294 1853 334 voluntatum

462 370 676 414 inclinatio,
708 366 914 421 pracsertim
934 379 1026 404 cum
1048 364 1229 403 incubuit
1249 363 1295 401 ad
1319 363 1445 400 virum
1466 362 1629 407 bonum,
1659 369 1698 399 et
1717 361 1853 400 multis

463 439 544 475 aliis
565 434 797 489 adjumentis
817 433 1015 487 petitionis
1035 440 1228 470 ornatum.
1248 430 1331 481 Qi
1345 443 1438 468 cum
1453 428 1713 467 honestiffimo
1733 437 1854 482 patre,

463 514 577 556 atque
599 501 823 554 majoribus,
854 498 1124 538 modestiffima
1143 496 1406 542 adolescentia,
1429 495 1629 534 clariffima
1648 494 1854 548 legatione,

463 581 625 626 praetura
651 569 807 622 probata
835 568 875 606 in
898 568 998 619 jure,
1029 575 1134 619 grata
1158 566 1199 603 in
1227 578 1398 610 munere,
1429 573 1560 602 ornata
1582 564 1623 601 in
1641 563 1854 617 provincia,

464 637 612 691 petiffet
632 636 849 688 diligenter,
880 642 917 671 et
938 634 991 671 ita
1009 631 1170 685 petisset,
1200 640 1244 669 ut
1263 644 1386 683 neque
1407 630 1573 669 minanti
1592 630 1754 674 cederet,
1784 641 1855 666 ne-

464 718 539 757 que
561 704 742 754 cuiquam
764 701 1000 744 minaretur,
1032 697 1125 736 huic
1145 697 1367 736 mirandum
1386 697 1437 735 est
1462 709 1604 750 magno
1631 696 1856 749 adjumento

465 770 641 810 Catilinae
664 767 828 805 subitam
849 765 955 819 spem
975 764 1193 802 consulatus
1214 763 1448 815 adipiscendi
1466 762 1576 801 fuiffe
1595 764 1608 800 ?

518 836 640 874 Nunc
661 832 762 872 mihi
782 832 916 870 tertius
938 830 1003 868 ille
1023 830 1130 868 locus
1151 829 1203 867 est
1222 829 1403 867 orationis
1425 829 1471 866 de
1488 828 1657 866 ambitus
1677 827 1855 866 crimini-

464 904 550 947 bus,
581 908 832 954 perpurgatus
853 898 900 936 ab
921 897 982 942 iis,
1013 896 1082 949 qui
1102 904 1188 933 ante
1210 909 1272 933 me
1292 895 1498 939 dixerunt;
1530 907 1550 931 a
1570 905 1647 939 me,
1669 894 1856 946 quoniam

464 970 517 1006 ita
537 969 703 1005 Murena
724 965 859 1009 voluit,
891 962 1174 1002 retraetandus:
1207 975 1286 1013 quo
1313 961 1353 998 in
1380 960 1467 998 loco
1493 959 1708 1004 Postumio,
1737 957 1855 997 fami-

463 1037 547 1074 liari
568 1048 669 1078 meo,
698 1031 934 1071 ornatiffimo
951 1031 1047 1075 viro,
1078 1029 1125 1067 de
1151 1028 1360 1067 divisorum
1387 1028 1556 1073 indiciis,
1586 1036 1625 1067 et
1650 1027 1697 1066 de
1719 1027 1857 1080 depre-

463 1102 586 1141 hensis
608 1101 781 1154 pecuniis
800 1119 812 1145 ;
845 1097 1073 1137 adolescenti
1092 1096 1289 1150 ingenioso
1308 1105 1346 1133 et
1364 1096 1480 1140 bono,
1503 1098 1580 1134 Ser.
1602 1094 1787 1148 Sulpicio,
1808 1092 1857 1131 de

462 1170 641 1221 equitum
662 1166 873 1208 centuriis;
907 1164 969 1201 M.
993 1163 1149 1206 Catoni,
1179 1161 1333 1199 homini
1353 1162 1393 1199 in
1419 1161 1529 1199 omni
1556 1161 1698 1198 virtute
1726 1159 1859 1198 excel-

463 1235 571 1279 lenti,
607 1234 654 1271 de
684 1233 798 1285 ipsius
829 1229 1079 1274 accusatione,
1113 1229 1161 1267 de
1193 1226 1531 1272 senatusconsulto,
1566 1226 1613 1264 de
1643 1226 1857 1279 republica,

464 1299 711 1354 respondebo.
831 1345 834 1348 ,

519 1366 692 1405 XXVII.
725 1364 797 1404 Sed
817 1376 950 1417 pauca,
981 1375 1067 1415 quae
1094 1374 1228 1400 meum
1255 1361 1430 1399 animum
1458 1368 1612 1414 repente
1635 1366 1857 1404 moverunt,

464 1435 570 1487 prius
592 1433 638 1471 de
660 1433 708 1471 L.
730 1432 908 1470 Murenae
929 1429 1084 1468 fortuna
1102 1441 1328 1481 conquerar.
1360 1428 1482 1472 Nam,
1503 1441 1597 1466 cum
1618 1426 1712 1480 saepe
1731 1434 1856 1470 antea,

464 1500 634 1552 Judices,
665 1506 703 1536 et
728 1511 776 1536 ex
802 1497 967 1534 aliorum
994 1494 1170 1539 miseriis,
1200 1502 1238 1532 et
1263 1507 1311 1532 ex
1339 1494 1436 1532 meis
1456 1494 1557 1532 curis
1586 1491 1860 1544 laboribusque

465 1565 714 1619 quotidianis,
743 1562 959 1602 fortunatos
990 1574 1053 1600 eos
1083 1560 1263 1600 homines
1287 1560 1519 1612 judicarem,
1554 1560 1638 1613 qui,
1668 1557 1809 1597 remoti
1836 1570 1860 1596 a

464 1633 596 1671 studiis
629 1630 865 1675 ambitionis,
896 1630 1022 1668 otium
1053 1641 1096 1666 ac
1126 1627 1446 1680 tranquillitatem
1477 1627 1564 1666 vitae
1594 1625 1714 1665 secuti
1743 1624 1859 1670 sunt3

464 1710 550 1738 tum
577 1713 663 1738 vero
689 1699 730 1737 in
757 1696 818 1736 his
847 1698 896 1736 L.
926 1695 1102 1734 Murenae
1128 1695 1244 1732 tantis
1264 1703 1422 1746 tamque
1441 1693 1657 1746 improvisis
1676 1691 1857 1744 periculis

465 1768 517 1805 ita
537 1767 620 1804 sum
640 1766 771 1804 animo
791 1763 962 1807 affectus,
994 1770 1038 1799 ut
1066 1774 1144 1799 non
1171 1774 1311 1812 queam
1339 1760 1424 1798 satis
1450 1772 1576 1812 neque
1601 1770 1858 1796 communem

465 1833 644 1871 omnium
668 1830 839 1869 nostrum
859 1828 1138 1872 conditionem,
1158 1839 1282 1879 neque
1302 1824 1416 1878 hujus
1434 1833 1616 1863 eventum
1636 1823 1857 1863 fortunam-

465 1912 556 1951 que,
587 1897 778 1935 miserari:
810 1895 878 1948 qui
898 1894 1086 1947 primum,
1109 1893 1204 1931 dum
1224 1907 1271 1931 ex
1290 1892 1501 1930 honoribus
1523 1891 1717 1929 continuis
1738 1889 1856 1928 fami-

466 1966 539 2009 liae,
572 1964 841 2015 majorumque
872 1961 1042 2006 suorum,
1080 1973 1204 1998 unum
1235 1959 1432 1997 ascendere
1463 1957 1626 2011 gradum
1657 1956 1857 2009 dignitatis

466 2040 625 2070 conatus
645 2030 711 2074 est,
742 2029 848 2067 venit
867 2028 907 2066 in
927 2027 1160 2081 periculum,
1192 2040 1239 2065 ne
1259 2035 1296 2064 et
1325 2039 1380 2071 ea,
1411 2039 1496 2078 quae
1522 2024 1663 2069 relicta,
1694 2032 1732 2062 et
1758 2022 1855 2069 haec,

466 2114 551 2152 quae
572 2099 618 2137 ab
639 2097 718 2151 ipso
739 2105 842 2150 parta
869 2096 970 2141 sunt,
991 2095 1171 2139 amittat;
1202 2093 1351 2139 deinde,
1384 2102 1539 2147 propter
1559 2091 1729 2130 studium
1750 2104 1856 2130 novae
1913 2106 1916 2108 ·

465 2165 603 2210 laudis,
635 2164 752 2202 etiam
772 2164 813 2201 in
834 2163 968 2201 veteris
989 2161 1153 2200 fortunae
1174 2160 1378 2198 discrimen
1399 2159 1615 2198 adducitur.

522 2232 620 2282 Qae
647 2244 739 2268 cum
767 2229 853 2268 sunt
881 2230 1020 2282 gravia,
1052 2227 1222 2279 Judices,
1254 2236 1339 2265 tum
1367 2226 1464 2264 illud
1483 2223 1768 2264 acerbiffimum
1787 2223 1854 2268 est,

467 2298 572 2351 quod
592 2297 708 2335 habet
728 2309 792 2334 eos
812 2296 1058 2340 accusatores,
1089 2308 1166 2333 non
1195 2294 1263 2346 qui
1289 2293 1378 2332 odio
1402 2292 1699 2331 inimicitiarum
1725 2290 1771 2328 ad
1790 2302 1855 2327 ac-

466 2364 692 2408 cusandum,
720 2362 781 2401 sed
801 2362 869 2414 qui
890 2361 1012 2400 studio
1032 2360 1230 2399 accusandi
1250 2360 1294 2397 ad
1316 2359 1553 2404 inimicitias,
1575 2357 1854 2396 descenderent.

470 2431 589 2474 Nam,
622 2439 664 2468 ut
684 2430 865 2468 omittam
887 2428 1060 2467 Servium
1082 2427 1314 2480 Sulpicium,
1346 2439 1461 2479 quem
1483 2425 1660 2477 intelligo
1686 2435 1764 2461 non
1790 2421 1856 2459 in·-

462 2498 563 2551 juria
584 2499 631 2538 L.
654 2499 844 2543 Murenae,
874 2497 937 2536 sed
956 2495 1114 2536 honoris
1135 2495 1396 2541 contentione,
1427 2502 1649 2547 permotum
1665 2509 1678 2538 5
1709 2487 1857 2528 accusat
