2212 2835
679 159 819 199 PRO
880 156 986 196 CN.
1048 151 1397 194 PLANCIO,
1656 160 1734 201 435

341 267 438 305 cedo
460 266 563 304 illius
584 262 819 303 ornamentis
838 290 848 305 ,
879 272 964 311 qua¹
991 256 1114 295 multa
1141 264 1179 293 et
1207 267 1345 306 magna
1371 252 1483 295 sunt,
1515 262 1593 288 non
1614 248 1738 287 solum

343 334 460 385 hujus
483 330 678 384 dignitatis
697 330 842 381 jactura
867 323 1039 363 facienda
1059 322 1110 360 est
1127 351 1138 367 ‚
1170 320 1229 358 sed
1256 320 1371 357 etiam
1398 316 1612 370 largitionis
1640 315 1737 353 reci-

343 399 482 451 pienda
512 397 674 449 suspicio
701 394 780 432 est:
813 393 866 431 fin
894 390 999 429 hune
1026 388 1083 426 illi
1109 396 1330 439 antepono;
1362 382 1639 422 contumeliosa
1668 380 1737 419 ha-

345 465 469 503 benda
501 463 553 501 est
585 462 719 505 oratio,
751 468 788 497 et
822 457 1032 496 dicendum
1065 453 1118 491 est
1151 453 1204 496 id,
1243 451 1347 503 quod
1381 450 1447 488 ille
1481 462 1545 486 me
1578 448 1738 500 flagitat,

347 529 590 569 Laterensem
611 541 630 564 a
652 526 810 564 Plancio
830 522 1017 575 dignitate
1044 518 1116 556 effe
1145 517 1379 569 superatum.
1411 515 1470 553 Ita
1495 522 1560 551 aut
1587 514 1741 552 amicis-

346 597 432 635 fimi
462 594 634 633 hominis
669 590 899 630 existimatio
932 584 1161 625 offendenda
1191 583 1257 627 est,
1296 582 1321 620 fi
1353 581 1461 620 illam
1495 579 1742 618 accusationis

345 660 608 701 conditionem
632 658 776 709 sequar,
798 663 863 693 aut
880 653 1029 706 optime
1048 651 1094 689 de
1110 663 1173 688 me
1189 648 1318 687 meriti
1339 647 1434 686 salus
1456 645 1656 685 deserenda
1676 645 1741 682 est.

349 760 352 762 .
402 727 476 765 III.
509 724 580 764 Sed
601 737 686 776 eg0‚
706 721 931 764 Laterensis,
947 731 1095 757 caecum
1112 730 1175 754 me
1192 724 1230 753 et
1250 713 1486 767 praecipitem
1508 711 1598 750 ferri
1618 710 1742 750 confi·-

349 804 428 833 tear
448 782 487 831 in
505 791 628 835 causa,
660 790 685 827 s1
715 799 750 827 te
770 797 835 825 aut
855 801 875 824 a
896 786 1068 829 Plancio,
1099 792 1164 821 aut
1184 781 1230 819 ab
1252 780 1347 825 ullo,
1378 780 1564 832 dignitate
1584 776 1746 831 potuisse

350 859 515 913 superari
536 858 694 895 dixero:
726 855 857 905 itaque
884 850 1076 890 discedam
1103 848 1149 888 ab
1175 861 1218 885 ea
1244 846 1493 885 contentione
1511 874 1522 890 ‚
1553 843 1598 882 ad
1626 855 1746 896 quam

351 936 394 966 tu
415 939 479 964 me
500 936 624 969 vocas,
641 932 680 961 et
695 921 845 960 veniam
861 919 907 958 ad
922 919 1045 962 illam,
1062 916 1108 954 ad
1125 928 1242 968 quam
1263 927 1326 952 me
1347 913 1454 951 causa
1474 912 1553 965 ipsa
1572 910 1745 949 deducit.

353 993 463 1045 Qid
482 994 494 1030 ?
526 1001 570 1030 tu
598 1004 675 1029 non
697 987 894 1042 dignitatis
910 985 1084 1038 judicem
1105 993 1214 1037 putas
1235 980 1305 1020 effe
1324 980 1517 1034 populum
1536 981 1548 1016 ?
1582 977 1747 1017 Fortasse

352 1072 635 1112 nonnunquam
655 1056 721 1095 est.
753 1055 917 1094 Utinam
939 1065 1026 1091 vero
1046 1051 1192 1104 semper
1211 1047 1322 1086 esset!
1346 1047 1409 1085 sed
1428 1046 1480 1085 est
1502 1058 1673 1100 perraro:
1696 1052 1748 1088 et,

354 1128 382 1166 fi
402 1126 556 1180 quando
576 1125 643 1169 est,
665 1124 704 1161 in
725 1123 771 1161 iis
792 1119 1072 1172 magistratibus
1092 1117 1145 1156 est
1165 1113 1404 1158 mandandis,
1427 1113 1569 1166 quibus
1591 1112 1750 1150 salutem

355 1194 462 1233 suam
482 1191 679 1231 committi
700 1197 836 1243 putat:
869 1186 929 1225 his
950 1184 1157 1224 levioribus
1178 1181 1364 1226 comitiis,
1386 1180 1588 1233 diligentia
1606 1187 1644 1216 et
1663 1191 1748 1231 gra-

356 1262 410 1299 tia
430 1261 642 1313 petitorum
662 1256 784 1296 honos
806 1253 950 1308 paritur
965 1282 975 1298 ‚
1004 1265 1081 1290 non
1101 1251 1147 1288 iis
1168 1247 1404 1287 ornamentis
1419 1276 1430 1292 ‚
1461 1259 1546 1298 quae
1566 1244 1636 1283 effe
1656 1245 1696 1282 in
1717 1253 1753 1282 te

357 1326 548 1365 videmus.
591 1323 698 1362 Nam
717 1351 728 1367 ‚
759 1320 864 1375 quod
885 1318 931 1357 ad
951 1317 1144 1371 populum
1166 1314 1331 1368 pertinet
1347 1342 1358 1358 ,
1390 1312 1536 1364 semper
1557 1310 1753 1364 dignitatis

358 1394 518 1446 iniquus
533 1390 654 1444 judex
674 1389 740 1434 est,
771 1387 840 1440 qui
861 1394 926 1424 aut
947 1384 1107 1428 invidet,
1139 1391 1204 1420 aut
1223 1380 1338 1419 favet.

417 1460 653 1510 Qanquam
675 1453 774 1493 nihil
796 1461 901 1506 potes
927 1451 966 1488 in
996 1458 1032 1487 te
1050 1477 1061 1494 ‚
1093 1446 1304 1486 Laterensis
1322 1473 1334 1490 ,
1365 1444 1593 1483 constituere
1610 1471 1621 1488 ,
1653 1442 1757 1495 quod

362 1525 408 1563 sit
436 1524 636 1577 proprium
667 1520 789 1560 laudis
822 1527 895 1556 tuae
913 1546 924 1561 ‚
955 1515 1050 1568 quin
1077 1513 1117 1552 id
1138 1512 1210 1551 tibi
1231 1511 1273 1550 fit
1294 1523 1505 1549 commune
1525 1522 1617 1548 cum
1639 1509 1755 1548 Plan-

363 1592 438 1629 cio.
472 1589 544 1628 Sed
569 1587 644 1627 hoc
671 1595 800 1625 totum
828 1593 960 1637 agetur
987 1581 1061 1619 alio
1090 1580 1206 1618 loco:
1240 1591 1344 1616 nunc
1368 1585 1521 1615 tantum
1541 1574 1693 1628 disputo
1713 1575 1760 1612 de

359 1659 447 1710 jure
467 1655 601 1710 populi
619 1683 630 1698 ,
662 1653 731 1706 qui
751 1661 789 1690 et
809 1649 929 1704 potest
947 1678 957 1694 ‚
990 1658 1027 1685 et
1048 1646 1139 1684 solet
1158 1675 1168 1690 ,
1201 1656 1481 1696 nonnunquam
1503 1642 1639 1694 dignos
1661 1654 1757 1694 prae·

367 1723 504 1762 terire:
537 1734 620 1766 nec,
652 1720 678 1758 fi
709 1732 729 1756 a
759 1717 905 1772 populo
933 1713 1144 1768 praeteritus
1174 1712 1240 1755 est,
1272 1723 1389 1763 quem
1416 1722 1493 1747 non
1523 1706 1709 1761 oportuit,
1741 1719 1762 1744 a

361 1789 561 1844 judicibus
583 1783 897 1825 condemnandus
918 1782 984 1826 est,
1006 1780 1074 1833 qui
1096 1778 1305 1832 praeteritus
1329 1789 1405 1814 non
1428 1775 1491 1813 est.
1520 1774 1641 1817 Nam,
1664 1772 1687 1810 fi
1710 1772 1763 1810 ita

368 1856 457 1895 effet
474 1884 485 1901 ‚
517 1854 621 1907 quod
648 1862 771 1905 patres
799 1850 901 1904 apud
932 1849 1092 1900 majores
1114 1844 1257 1883 nostros
1280 1853 1406 1880 tencre
1429 1855 1502 1879 non
1527 1847 1733 1893 potuerunt
1751 1868 1762 1884 ‚

371 1932 413 1960 ut
449 1918 730 1973 reprehensores
765 1916 881 1955 efl'ent
912 1914 1180 1955 comitiorum,
1213 1910 1249 1948 id
1285 1909 1467 1947 haberent
1495 1907 1672 1959 jndices;
1705 1906 1763 1943 vel

371 1988 475 2042 quod
497 1986 624 2025 multo
643 1985 761 2023 etiam
781 1983 911 2022 minus
931 1981 983 2020 est
1003 1980 1219 2019 ferendum.
1242 1978 1351 2015 Tum
1374 1976 1478 2013 enim
1502 1973 1765 2027 magistratum

373 2068 451 2093 non
471 2052 626 2105 gerebat
644 2051 675 2089 is
694 2080 705 2096 ,
737 2050 805 2103 qui
825 2056 1001 2102 ceperat,
1033 2047 1060 2085 fi
1087 2054 1209 2098 patres
1234 2044 1403 2081 auftores
1425 2054 1499 2079 non
1520 2048 1625 2077 erant
1645 2037 1733 2076 faeti
1754 2052 1762 2075 :

375 2132 477 2159 nunc
499 2117 710 2171 postulatur
729 2129 749 2154 a
769 2115 876 2153 vobis
894 2143 905 2159 ‚
938 2122 981 2151 ut
1007 2113 1086 2165 ejus
1114 2111 1231 2149 exilio
1248 2140 1258 2154 ‚
1291 2109 1358 2160 qui
1386 2115 1531 2145 creatus
1559 2105 1602 2143 sit
1620 2133 1630 2148 ‚
1657 2102 1763 2154 judi-

374 2186 482 2223 cium
518 2183 654 2236 populi
692 2181 862 2220 Romani
899 2177 1196 2232 reprehendatis.
1238 2176 1370 2225 Itaque
1405 2183 1624 2224 quanquam
1641 2198 1651 2213 ,
1691 2181 1766 2220 qua

378 2252 499 2295 nolui,
514 2251 630 2302 janua
651 2248 720 2286 sim
741 2246 922 2301 ingressus
939 2246 978 2284 in
995 2245 1158 2287 causam,
1178 2243 1319 2293 sperare
1336 2239 1464 2276 videor
1480 2246 1629 2275 tantum
1652 2232 1764 2271 abfu-

379 2330 504 2356 turam
525 2316 595 2354 esse
615 2315 827 2353 orationem
845 2327 970 2352 meam
991 2326 1012 2350 a
1031 2311 1196 2350 minima
1216 2307 1425 2359 suspicione
1441 2302 1656 2341 offensionis
1680 2310 1766 2345 ωε,

379 2397 415 2424 te
439 2394 479 2422 ut
500 2383 629 2436 potius
650 2382 868 2434 objurgem,
891 2380 995 2432 quod
1016 2380 1198 2430 iniquum
1220 2376 1259 2412 in
1282 2373 1482 2410 discrimen
1502 2369 1663 2406 adducas
1681 2368 1768 2420 dig-

379 2453 542 2490 nitatem
564 2458 686 2493 tuam,
704 2460 820 2500 quam
839 2456 880 2485 ut
900 2459 971 2497 ego
990 2458 1074 2482 eam
1097 2443 1174 2480 ulla
1190 2437 1423 2479 contumelia
1444 2448 1557 2473 coner
1573 2434 1768 2486 attingere.

1317 2505 1332 2541 1
1365 2504 1375 2540 i
1407 2503 1417 2539 i
1451 2515 1470 2540 2
