2212 2835
491 190 570 227 420
989 171 1394 212 ORATIO

542 276 656 315 XVI.
689 273 853 325 Sedjam
870 271 1119 325 haruspicum
1138 271 1285 324 reliqua
1300 269 1472 324 responsa
1486 269 1701 311 videamus.
1717 272 1892 310 Oratores

489 351 616 381 contra
625 341 689 393 jus
695 341 830 393 fsffqzce
849 339 1067 391 z'ntetsfhcJos.
1101 337 1210 388 Qid
1237 337 1288 375 est
1315 335 1391 374 hoc
1411 337 1423 373 ?
1455 336 1503 375 de
1530 337 1802 376 Alexandrinis
1823 336 1894 374 effe

490 409 599 446 video
626 408 872 450 sermonem3
905 419 1022 457 quem
1047 418 1118 457 ego
1145 418 1222 442 non
1250 403 1403 442 refuto:
1436 403 1486 442 fic
1513 404 1620 441 enim
1652 403 1772 442 sentio
1791 432 1802 449 ,
1828 404 1895 456 jus

489 475 722 528 legatorum,
746 486 838 511 cum
859 470 1069 509 hominum
1091 470 1263 523 praefidio
1284 470 1485 508 munitum
1506 470 1564 515 fit,
1587 478 1673 508 tum
1693 470 1809 508 etiam
1830 469 1892 507 di-

489 542 580 579 vino
605 542 692 593 jure
721 539 792 577 effe
824 538 1022 576 vallatum.
1055 537 1128 575 Sed
1158 551 1286 589 quaero
1317 537 1364 574 ab
1399 536 1481 582 illo,
1514 538 1583 589 qui
1616 549 1752 575 omnes
1781 536 1892 589 judi-

490 622 551 646 ces
574 607 753 646 tribunus
775 619 794 643 e
815 618 961 643 carcere
982 605 1021 643 in
1043 603 1174 642 forum
1196 603 1334 641 effudit
1352 632 1362 648 ,
1393 604 1503 655 cujus
1525 604 1682 642 arbitrio
1702 604 1783 641 ficae
1803 616 1892 640 om-

490 688 556 713 nes
582 687 686 712 nunc
713 683 828 724 atque
854 672 985 709 onmia
1016 684 1161 708 venena
1191 673 1411 716 tractantur,
1443 671 1511 723 qui
1541 684 1634 709 curn
1667 669 1896 708 Hermacho

492 741 595 779 Chio
617 737 845 791 syngraphas
873 736 995 780 secit3
1027 736 1169 787 ecquid
1196 736 1287 773 sciat
1306 764 1316 781 ,
1348 749 1472 774 unum
1499 737 1730 774 acerrimum
1758 735 1890 774 adver-

492 809 630 846 sarium
661 802 894 848 Hermachi,
926 802 1209 847 Theodosium,
1241 802 1413 855 legatum
1441 803 1487 840 ad
1507 803 1680 841 senatum
1700 817 1721 840 a
1740 803 1897 841 civitate

490 874 611 912 libera
644 872 827 917 miffum,
859 871 931 908 fica
965 869 1216 923 percuffum?
1249 869 1355 921 quod
1390 881 1468 906 non
1504 869 1662 914 minus,
1693 882 1812 921 quam
1846 869 1894 906 de

490 940 780 984 Alexandrinis,
798 939 1005 991 indignum
1023 938 1112 975 Diis
1129 936 1416 974 immortalibus
1433 935 1504 973 effe
1522 935 1660 981 visum,
1681 945 1786 974 certo
1802 934 1896 974 scio.

546 1007 635 1045 Nec
662 1005 820 1045 confero
847 1018 952 1043 nunc
980 1005 1019 1042 in
1049 1014 1085 1042 te
1117 1018 1240 1042 unum
1272 1003 1416 1041 omnia.
1450 1004 1541 1056 Spes
1569 1003 1692 1055 major
1721 1002 1810 1040 effet
1835 1002 1894 1039 sa-

493 1074 602 1119 lutis,
632 1073 673 1118 fi,
705 1081 839 1126 praeter
872 1080 921 1116 te,
954 1084 1070 1109 nemo
1099 1070 1187 1108 ess'et
1214 1070 1421 1122 impurus:
1455 1069 1582 1122 plures
1609 1068 1722 1108 sunt:
1755 1067 1831 1106 hoc
1857 1074 1899 1106 et

490 1150 533 1180 tu
555 1140 627 1179 tibi
647 1139 810 1178 confidis
832 1139 955 1191 magis
973 1167 983 1183 ,
1015 1146 1053 1175 et
1080 1151 1148 1176 nos
1176 1150 1295 1190 prope
1310 1137 1399 1189 jure
1418 1136 1649 1175 diffidimus.
1682 1136 1783 1186 Qis
1805 1134 1897 1173 Pla-

491 1217 616 1246 torem
648 1220 696 1244 ex
729 1204 915 1250 Orestide,
948 1218 1032 1257 quae
1064 1217 1147 1257 pars
1180 1203 1423 1242 Macedoniae
1454 1203 1587 1248 libera,
1618 1201 1824 1241 hominem
1852 1201 1894 1239 in

491 1275 569 1312 illis
590 1273 687 1311 locis
707 1272 856 1310 clarum
885 1285 928 1309 ac
956 1271 1131 1309 nobilem
1152 1299 1162 1315 ,
1194 1271 1366 1322 legatum
1393 1268 1706 1307 Thessalonicam
1734 1269 1780 1307 ad
1804 1268 1894 1306 nos-

491 1351 595 1379 trum
614 1368 626 1384 ,
658 1348 700 1377 ut
722 1338 756 1376 se
777 1337 853 1390 ipse
873 1336 1105 1390 appellavit,
1136 1336 1409 1388 imperatorem
1430 1335 1569 1373 veniffe
1590 1336 1710 1374 nescit
1729 1335 1742 1372 ?
1774 1348 1894 1388 quem

491 1407 558 1445 ille
578 1414 735 1459 propter
757 1404 962 1457 pecuniam
980 1432 992 1448 ‚
1024 1417 1142 1455 quam
1163 1403 1211 1440 ab
1234 1416 1278 1440 eo
1300 1411 1528 1454 extorquere
1548 1416 1625 1440 non
1646 1411 1794 1455 poterat
1810 1430 1821 1447 ,
1853 1401 1895 1439 in

490 1474 645 1513 vincula
665 1471 845 1524 conjecit,
867 1480 905 1508 et
925 1470 1124 1508 medicum
1145 1469 1353 1507 intromisit
1374 1469 1502 1514 suum,
1524 1469 1592 1521 qui
1614 1469 1754 1521 legato,
1775 1468 1894 1512 socio,

490 1540 631 1584 amico,
662 1538 799 1582 libero,
820 1535 1026 1575 foediffime
1045 1545 1083 1573 et
1103 1534 1361 1573 crudeliffime
1381 1547 1493 1573 venas
1514 1535 1714 1574 incideret.
1738 1536 1895 1574 Secures

490 1606 572 1645 suas
603 1604 795 1644 cruentari
825 1603 961 1642 scelere
992 1602 1146 1646 noluit,:
1183 1615 1325 1640 nomen
1357 1601 1519 1654 quidem
1552 1602 1689 1655 populi
1723 1602 1895 1640 Romani

492 1682 601 1712 tanto
622 1672 761 1711 scelere
780 1669 1074 1714 contaminavit,
1106 1677 1149 1706 ut
1175 1668 1214 1706 id
1235 1668 1342 1707 nulla
1361 1681 1400 1706 re
1419 1667 1546 1721 possit,
1577 1668 1646 1707 nifi
1666 1668 1781 1721 ipfius
1802 1669 1896 1721 sup-

491 1739 624 1792 plicio,
642 1737 799 1791 expiari.
816 1736 960 1788 Qales
978 1734 1084 1773 hunc
1100 1734 1295 1772 carnifices
1312 1742 1496 1786 putamus
1512 1733 1666 1779 habere,
1689 1734 1757 1786 qui
1776 1734 1893 1772 etiam

491 1806 652 1844 medicis
674 1804 747 1842 suis
770 1816 846 1840 non
868 1803 913 1840 ad
934 1801 1110 1845 salutem,
1143 1800 1204 1838 sed
1224 1800 1269 1838 ad
1291 1813 1442 1844 necem,
1472 1800 1630 1837 utatur?

547 1862 681 1908 XVII.
715 1869 787 1907 Sed
818 1868 1038 1912 recitemus,
1070 1866 1166 1919 quid
1197 1865 1388 1918 sequatur.
1419 1864 1545 1905 Fidem
1578 1874 1613 1904 et
1631 1864 1893 1917 jusjurandum

492 1938 699 1990 neglefflum.
723 1935 814 1973 Hoc
835 1933 930 1986 quid
950 1932 1008 1979 sit,
1032 1946 1097 1986 per
1117 1931 1153 1970 se
1173 1931 1300 1985 ipsum
1321 1945 1398 1970 non
1420 1930 1534 1969 facile
1554 1931 1784 1985 interpretor
1797 1951 1808 1978 ς
1831 1932 1892 1972 sed

493 2017 539 2042 ex
570 2016 629 2047 eo,
661 2000 766 2054 quod
800 2000 986 2053 sequitur,
1018 1999 1186 2053 suspicor
1217 1998 1263 2037 de
1294 2008 1451 2036 tuorum
1478 1998 1659 2051 judicum
1691 1998 1896 2038 manifesto

493 2069 661 2123 perjurio
691 2066 794 2105 dici:
826 2066 971 2119 quibus
1002 2066 1099 2103 olim
1129 2065 1249 2118 erepti
1276 2064 1392 2103 effent
1418 2064 1588 2110 nummi,
1619 2064 1688 2103 nisi
1715 2079 1736 2103 a
1763 2065 1895 2104 senatu
1957 2104 1960 2107 Δ

493 2135 710 2188 praesidium
733 2131 991 2187 postulaffent.
1024 2132 1153 2181 Qare
1173 2140 1301 2170 autem
1324 2131 1369 2169 de
1389 2129 1450 2169 his
1479 2130 1557 2169 dici
1586 2130 1749 2184 suspicer
1765 2160 1778 2176 ‚
1808 2130 1892 2170 haec

494 2201 603 2240 causa
622 2200 674 2238 est
691 2229 702 2245 ,
733 2200 838 2252 quod
865 2199 914 2237 fic
941 2198 1064 2238 statuo
1082 2228 1093 2245 ‚
1123 2207 1162 2237 et
1183 2197 1280 2236 illud
1300 2198 1340 2236 in
1362 2196 1434 2236 hac
1454 2197 1609 2236 civitate
1630 2196 1701 2236 effe
1721 2198 1893 2236 maxime

494 2268 639 2307 illustre
659 2276 774 2319 atque
795 2266 940 2319 insigne
960 2266 1173 2319 perjurium
1191 2294 1202 2310 ,
1232 2274 1270 2303 et
1298 2275 1335 2303 te
1360 2264 1488 2317 ipsum
1515 2273 1646 2302 tamen
1673 2264 1712 2302 in
1733 2264 1894 2317 perjurii

496 2349 651 2387 poenam
674 2334 801 2379 abiis,
832 2333 1067 2386 quibuscum
1089 2332 1307 2385 conjurasti,
1339 2346 1416 2370 non
1443 2331 1582 2370 vocari.
1615 2332 1668 2370 Et
1695 2331 1820 2376 video,
1851 2331 1893 2369 in

496 2401 742 2453 haruspicum
783 2399 963 2453 responsis
1002 2398 1084 2438 haec
1124 2398 1195 2437 effe
1233 2398 1457 2450 subjuncta,
1498 2398 1685 2450 Sacrg'fi'cia
1722 2397 1890 2452 vetusta,

496 2467 711 2520 occultaque,
750 2467 865 2507 minus
902 2466 1090 2519 diligenter
1110 2466 1248 2518 ιῘὶιὲἲιῖ,
1281 2466 1501 2518 pollutaque.
1544 2463 1775 2517 Haruspices
1808 2462 1891 2501 haec
