<?xml version="1.0" encoding="UTF-8"?>
<!DOCTYPE html PUBLIC "-//W3C//DTD XHTML 1.0 Transitional//EN"
    "http://www.w3.org/TR/xhtml1/DTD/xhtml1-transitional.dtd">
<html xmlns="http://www.w3.org/1999/xhtml" xml:lang="en" lang="en">
 <head>
  <title>
</title>
<meta http-equiv="Content-Type" content="text/html;charset=utf-8" />
  <meta name='ocr-system' content='tesseract 3.04.00' />
  <meta name='ocr-capabilities' content='ocr_page ocr_carea ocr_par ocr_line ocrx_word'/>
</head>
<body>
  <div class='ocr_page' id='page_1' title='image "./operacumindicibu05ciceuoft_0346.png"; bbox 0 0 2212 2835; ppageno 0'>
   <div class='ocr_carea' id='block_1_1' title="bbox 487 176 1436 236">
    <p class='ocr_par' dir='ltr' id='par_1_1' title="bbox 487 176 1436 236">
     <span class='ocr_line' id='line_1_1' title="bbox 487 176 1436 236; baseline -0.005 -15"><span class='ocrx_word' id='word_1_1' title='bbox 487 195 562 236; x_wconf 81' lang='lat'>332</span> <span class='ocrx_word' id='word_1_2' title='bbox 922 176 1436 217; x_wconf 86' lang='lat' dir='ltr'><strong>ORATIOI.</strong></span> 
     </span>
    </p>
   </div>
   <div class='ocr_carea' id='block_1_2' title="bbox 477 273 1883 2522">
    <p class='ocr_par' dir='ltr' id='par_1_2' title="bbox 483 273 1881 1062">
     <span class='ocr_line' id='line_1_2' title="bbox 484 273 1878 331; baseline -0.002 -15"><span class='ocrx_word' id='word_1_3' title='bbox 484 278 784 331; x_wconf 80' lang='lat' dir='ltr'>provinciarum,</span> <span class='ocrx_word' id='word_1_4' title='bbox 816 277 986 314; x_wconf 61' lang='lat' dir='ltr'>auctores</span> <span class='ocrx_word' id='word_1_5' title='bbox 1007 274 1043 313; x_wconf 90' lang='lat' dir='ltr'>se</span> <span class='ocrx_word' id='word_1_6' title='bbox 1063 274 1234 313; x_wconf 88' lang='lat' dir='ltr'>inimicis</span> <span class='ocrx_word' id='word_1_7' title='bbox 1256 273 1477 327; x_wconf 86' lang='lat' dir='ltr'>reipublicae</span> <span class='ocrx_word' id='word_1_8' title='bbox 1496 273 1729 312; x_wconf 76' lang='lat' dir='ltr'>tradidissent</span> <span class='ocrx_word' id='word_1_9' title='bbox 1742 292 1754 320; x_wconf 74' lang='lat'>5</span> <span class='ocrx_word' id='word_1_10' title='bbox 1786 288 1878 313; x_wconf 90' lang='lat' dir='ltr'>cum</span> 
     </span>
     <span class='ocr_line' id='line_1_3' title="bbox 484 340 1877 396; baseline -0.002 -15"><span class='ocrx_word' id='word_1_11' title='bbox 484 344 702 396; x_wconf 78' lang='lat' dir='ltr'>egestatem,</span> <span class='ocrx_word' id='word_1_12' title='bbox 734 343 946 387; x_wconf 87' lang='lat' dir='ltr'>avaritiam,</span> <span class='ocrx_word' id='word_1_13' title='bbox 975 341 1156 380; x_wconf 78' lang='lat' dir='ltr'><strong>libidines</strong></span> <span class='ocrx_word' id='word_1_14' title='bbox 1178 340 1274 386; x_wconf 87' lang='lat' dir='ltr'>suas,</span> <span class='ocrx_word' id='word_1_15' title='bbox 1306 340 1479 378; x_wconf 90' lang='lat' dir='ltr'>viderent</span> <span class='ocrx_word' id='word_1_16' title='bbox 1498 340 1643 393; x_wconf 83' lang='lat' dir='ltr'>expleri</span> <span class='ocrx_word' id='word_1_17' title='bbox 1663 354 1741 379; x_wconf 89' lang='lat' dir='ltr'>non</span> <span class='ocrx_word' id='word_1_18' title='bbox 1761 340 1877 393; x_wconf 84' lang='lat' dir='ltr'>poffe,</span> 
     </span>
     <span class='ocr_line' id='line_1_4' title="bbox 484 405 1878 451; baseline -0.002 -4"><span class='ocrx_word' id='word_1_19' title='bbox 484 410 552 447; x_wconf 78' lang='lat' dir='ltr'>nisi</span> <span class='ocrx_word' id='word_1_20' title='bbox 583 423 645 447; x_wconf 89' lang='lat' dir='ltr'>me</span> <span class='ocrx_word' id='word_1_21' title='bbox 670 408 920 447; x_wconf 67' lang='lat' dir='ltr'>constrictum</span> <span class='ocrx_word' id='word_1_22' title='bbox 948 407 1166 446; x_wconf 88' lang='lat' dir='ltr'>domesticis</span> <span class='ocrx_word' id='word_1_23' title='bbox 1187 405 1359 445; x_wconf 90' lang='lat' dir='ltr'>hostibus</span> <span class='ocrx_word' id='word_1_24' title='bbox 1379 405 1586 451; x_wconf 82' lang='lat' dir='ltr'>dediffent;</span> <span class='ocrx_word' id='word_1_25' title='bbox 1618 420 1711 445; x_wconf 90' lang='lat' dir='ltr'>cum</span> <span class='ocrx_word' id='word_1_26' title='bbox 1732 406 1878 445; x_wconf 80' lang='lat' dir='ltr'>senatus</span> 
     </span>
     <span class='ocr_line' id='line_1_5' title="bbox 484 472 1878 528; baseline -0.001 -15"><span class='ocrx_word' id='word_1_27' title='bbox 484 476 707 528; x_wconf 75' lang='lat' dir='ltr'>equitesque</span> <span class='ocrx_word' id='word_1_28' title='bbox 728 475 899 513; x_wconf 87' lang='lat' dir='ltr'>Romani</span> <span class='ocrx_word' id='word_1_29' title='bbox 921 474 1008 512; x_wconf 83' lang='lat' dir='ltr'>flere</span> <span class='ocrx_word' id='word_1_30' title='bbox 1026 488 1097 527; x_wconf 90' lang='lat' dir='ltr'>pro</span> <span class='ocrx_word' id='word_1_31' title='bbox 1118 486 1206 519; x_wconf 89' lang='lat' dir='ltr'>me,</span> <span class='ocrx_word' id='word_1_32' title='bbox 1237 486 1279 511; x_wconf 88' lang='lat' dir='ltr'>ac</span> <span class='ocrx_word' id='word_1_33' title='bbox 1294 502 1305 518; x_wconf 94' lang='lat'>,</span> <span class='ocrx_word' id='word_1_34' title='bbox 1337 482 1485 512; x_wconf 87' lang='lat' dir='ltr'>mutata</span> <span class='ocrx_word' id='word_1_35' title='bbox 1504 473 1602 511; x_wconf 91' lang='lat' dir='ltr'>veste</span> <span class='ocrx_word' id='word_1_36' title='bbox 1616 503 1627 519; x_wconf 95' lang='lat'>,</span> <span class='ocrx_word' id='word_1_37' title='bbox 1659 473 1766 511; x_wconf 88' lang='lat' dir='ltr'>vobis</span> <span class='ocrx_word' id='word_1_38' title='bbox 1788 472 1878 526; x_wconf 89' lang='lat' dir='ltr'>sup-</span> 
     </span>
     <span class='ocr_line' id='line_1_6' title="bbox 485 540 1879 596; baseline -0.002 -15"><span class='ocrx_word' id='word_1_39' title='bbox 485 544 640 596; x_wconf 85' lang='lat' dir='ltr'>plicare,</span> <span class='ocrx_word' id='word_1_40' title='bbox 662 543 795 581; x_wconf 68' lang='lat' dir='ltr'>edictis</span> <span class='ocrx_word' id='word_1_41' title='bbox 816 551 930 594; x_wconf 87' lang='lat' dir='ltr'>atque</span> <span class='ocrx_word' id='word_1_42' title='bbox 949 542 1121 595; x_wconf 89' lang='lat' dir='ltr'>imperiis</span> <span class='ocrx_word' id='word_1_43' title='bbox 1142 550 1382 585; x_wconf 84' lang='lat' dir='ltr'>vetarentur;</span> <span class='ocrx_word' id='word_1_44' title='bbox 1406 554 1498 579; x_wconf 91' lang='lat' dir='ltr'>cum</span> <span class='ocrx_word' id='word_1_45' title='bbox 1518 541 1699 579; x_wconf 88' lang='lat' dir='ltr'>omnium</span> <span class='ocrx_word' id='word_1_46' title='bbox 1720 540 1879 593; x_wconf 90' lang='lat' dir='ltr'>provin-</span> 
     </span>
     <span class='ocr_line' id='line_1_7' title="bbox 484 605 1880 662; baseline -0.002 -15"><span class='ocrx_word' id='word_1_47' title='bbox 484 611 630 648; x_wconf 85' lang='lat' dir='ltr'>ciarum</span> <span class='ocrx_word' id='word_1_48' title='bbox 652 609 858 662; x_wconf 63' lang='lat' dir='ltr'>pactiones,</span> <span class='ocrx_word' id='word_1_49' title='bbox 887 622 979 646; x_wconf 91' lang='lat' dir='ltr'>cum</span> <span class='ocrx_word' id='word_1_50' title='bbox 1000 608 1132 646; x_wconf 89' lang='lat' dir='ltr'>omnia</span> <span class='ocrx_word' id='word_1_51' title='bbox 1151 620 1243 645; x_wconf 91' lang='lat' dir='ltr'>cum</span> <span class='ocrx_word' id='word_1_52' title='bbox 1264 607 1446 645; x_wconf 87' lang='lat' dir='ltr'>omnibus</span> <span class='ocrx_word' id='word_1_53' title='bbox 1466 605 1622 651; x_wconf 87' lang='lat' dir='ltr'>foedera,</span> <span class='ocrx_word' id='word_1_54' title='bbox 1651 606 1880 645; x_wconf 86' lang='lat' dir='ltr'>reconcilia-</span> 
     </span>
     <span class='ocr_line' id='line_1_8' title="bbox 484 672 1880 728; baseline -0.004 -13"><span class='ocrx_word' id='word_1_55' title='bbox 484 677 608 715; x_wconf 85' lang='lat' dir='ltr'>tiones</span> <span class='ocrx_word' id='word_1_56' title='bbox 639 676 862 728; x_wconf 83' lang='lat' dir='ltr'>gratiarum,</span> <span class='ocrx_word' id='word_1_57' title='bbox 894 674 1077 726; x_wconf 86' lang='lat' dir='ltr'>sanguine</span> <span class='ocrx_word' id='word_1_58' title='bbox 1103 688 1191 712; x_wconf 90' lang='lat' dir='ltr'>meo</span> <span class='ocrx_word' id='word_1_59' title='bbox 1218 673 1476 718; x_wconf 80' lang='lat' dir='ltr'>sancirentur3</span> <span class='ocrx_word' id='word_1_60' title='bbox 1508 687 1600 711; x_wconf 90' lang='lat' dir='ltr'>cum</span> <span class='ocrx_word' id='word_1_61' title='bbox 1628 686 1762 711; x_wconf 88' lang='lat' dir='ltr'>omnes</span> <span class='ocrx_word' id='word_1_62' title='bbox 1787 672 1880 711; x_wconf 91' lang='lat' dir='ltr'>boni</span> 
     </span>
     <span class='ocr_line' id='line_1_9' title="bbox 484 739 1879 793; baseline -0.004 -12"><span class='ocrx_word' id='word_1_63' title='bbox 484 757 562 781; x_wconf 85' lang='lat' dir='ltr'>non</span> <span class='ocrx_word' id='word_1_64' title='bbox 584 741 809 785; x_wconf 82' lang='lat' dir='ltr'>recusarent,</span> <span class='ocrx_word' id='word_1_65' title='bbox 841 741 936 792; x_wconf 87' lang='lat' dir='ltr'>quin</span> <span class='ocrx_word' id='word_1_66' title='bbox 957 740 1015 777; x_wconf 92' lang='lat' dir='ltr'>vel</span> <span class='ocrx_word' id='word_1_67' title='bbox 1038 753 1108 792; x_wconf 87' lang='lat' dir='ltr'>pro</span> <span class='ocrx_word' id='word_1_68' title='bbox 1136 753 1212 783; x_wconf 90' lang='lat' dir='ltr'>me,</span> <span class='ocrx_word' id='word_1_69' title='bbox 1243 740 1302 778; x_wconf 93' lang='lat' dir='ltr'>vel</span> <span class='ocrx_word' id='word_1_70' title='bbox 1333 753 1505 785; x_wconf 88' lang='lat' dir='ltr'>mecum,</span> <span class='ocrx_word' id='word_1_71' title='bbox 1535 740 1730 793; x_wconf 86' lang='lat' dir='ltr'>perirent:</span> <span class='ocrx_word' id='word_1_72' title='bbox 1762 739 1879 778; x_wconf 87' lang='lat' dir='ltr'>armis</span> 
     </span>
     <span class='ocr_line' id='line_1_10' title="bbox 484 804 1879 859; baseline -0.003 -12"><span class='ocrx_word' id='word_1_73' title='bbox 484 809 673 847; x_wconf 90' lang='lat' dir='ltr'>decertare</span> <span class='ocrx_word' id='word_1_74' title='bbox 703 820 773 859; x_wconf 91' lang='lat' dir='ltr'>pro</span> <span class='ocrx_word' id='word_1_75' title='bbox 803 819 887 844; x_wconf 83' lang='lat' dir='ltr'>mea</span> <span class='ocrx_word' id='word_1_76' title='bbox 915 805 1033 844; x_wconf 83' lang='lat' dir='ltr'>salute</span> <span class='ocrx_word' id='word_1_77' title='bbox 1054 804 1176 850; x_wconf 89' lang='lat' dir='ltr'>nolui,</span> <span class='ocrx_word' id='word_1_78' title='bbox 1207 805 1312 857; x_wconf 91' lang='lat' dir='ltr'>quod</span> <span class='ocrx_word' id='word_1_79' title='bbox 1332 814 1368 842; x_wconf 88' lang='lat' dir='ltr'>et</span> <span class='ocrx_word' id='word_1_80' title='bbox 1389 806 1554 850; x_wconf 89' lang='lat' dir='ltr'>vincere,</span> <span class='ocrx_word' id='word_1_81' title='bbox 1584 815 1622 843; x_wconf 95' lang='lat' dir='ltr'>et</span> <span class='ocrx_word' id='word_1_82' title='bbox 1642 806 1760 851; x_wconf 89' lang='lat' dir='ltr'>vinci,</span> <span class='ocrx_word' id='word_1_83' title='bbox 1790 806 1879 843; x_wconf 81' lang='lat' dir='ltr'>luc-</span> 
     </span>
     <span class='ocr_line' id='line_1_11' title="bbox 483 871 1881 926; baseline -0.003 -14"><span class='ocrx_word' id='word_1_84' title='bbox 483 874 638 913; x_wconf 89' lang='lat' dir='ltr'>tuosum</span> <span class='ocrx_word' id='word_1_85' title='bbox 659 872 882 926; x_wconf 84' lang='lat' dir='ltr'>reipublicae</span> <span class='ocrx_word' id='word_1_86' title='bbox 901 871 983 910; x_wconf 90' lang='lat' dir='ltr'>fore</span> <span class='ocrx_word' id='word_1_87' title='bbox 1004 872 1150 925; x_wconf 86' lang='lat' dir='ltr'>putavi.</span> <span class='ocrx_word' id='word_1_88' title='bbox 1182 873 1237 909; x_wconf 88' lang='lat' dir='ltr'>At</span> <span class='ocrx_word' id='word_1_89' title='bbox 1257 871 1410 909; x_wconf 89' lang='lat' dir='ltr'>inimici</span> <span class='ocrx_word' id='word_1_90' title='bbox 1430 871 1522 916; x_wconf 91' lang='lat' dir='ltr'>mei,</span> <span class='ocrx_word' id='word_1_91' title='bbox 1553 871 1681 909; x_wconf 89' lang='lat' dir='ltr'>mense</span> <span class='ocrx_word' id='word_1_92' title='bbox 1700 872 1881 922; x_wconf 89' lang='lat' dir='ltr'>Januario</span> 
     </span>
     <span class='ocr_line' id='line_1_12' title="bbox 483 937 1881 993; baseline -0.004 -13"><span class='ocrx_word' id='word_1_93' title='bbox 483 954 576 980; x_wconf 90' lang='lat' dir='ltr'>cum</span> <span class='ocrx_word' id='word_1_94' title='bbox 598 941 644 979; x_wconf 94' lang='lat' dir='ltr'>de</span> <span class='ocrx_word' id='word_1_95' title='bbox 664 953 728 978; x_wconf 91' lang='lat' dir='ltr'>rne</span> <span class='ocrx_word' id='word_1_96' title='bbox 747 948 933 993; x_wconf 80' lang='lat' dir='ltr'>ageretur,</span> <span class='ocrx_word' id='word_1_97' title='bbox 959 939 1186 992; x_wconf 84' lang='lat' dir='ltr'>corporibus</span> <span class='ocrx_word' id='word_1_98' title='bbox 1206 939 1355 977; x_wconf 88' lang='lat' dir='ltr'>civium</span> <span class='ocrx_word' id='word_1_99' title='bbox 1376 937 1592 983; x_wconf 86' lang='lat' dir='ltr'>trucidatis,</span> <span class='ocrx_word' id='word_1_100' title='bbox 1614 937 1776 976; x_wconf 88' lang='lat' dir='ltr'>flumine</span> <span class='ocrx_word' id='word_1_101' title='bbox 1797 937 1881 976; x_wconf 87' lang='lat' dir='ltr'>san-</span> 
     </span>
     <span class='ocr_line' id='line_1_13' title="bbox 483 1005 1585 1062; baseline -0.002 -16"><span class='ocrx_word' id='word_1_102' title='bbox 483 1008 612 1062; x_wconf 87' lang='lat' dir='ltr'>guinis</span> <span class='ocrx_word' id='word_1_103' title='bbox 633 1021 770 1045; x_wconf 89' lang='lat' dir='ltr'>meum</span> <span class='ocrx_word' id='word_1_104' title='bbox 791 1006 958 1044; x_wconf 89' lang='lat' dir='ltr'>reditum</span> <span class='ocrx_word' id='word_1_105' title='bbox 979 1005 1321 1044; x_wconf 88' lang='lat' dir='ltr'>intercludendum</span> <span class='ocrx_word' id='word_1_106' title='bbox 1341 1013 1585 1058; x_wconf 82' lang='lat' dir='ltr'>putaverunt.</span> 
     </span>
    </p>

    <p class='ocr_par' dir='ltr' id='par_1_3' title="bbox 477 1070 1883 1794">
     <span class='ocr_line' id='line_1_14' title="bbox 540 1070 1880 1126; baseline -0.002 -14"><span class='ocrx_word' id='word_1_107' title='bbox 540 1075 611 1113; x_wconf 91' lang='lat' dir='ltr'>VI.</span> <span class='ocrx_word' id='word_1_108' title='bbox 644 1075 809 1126; x_wconf 85' lang='lat' dir='ltr'>Itaque,</span> <span class='ocrx_word' id='word_1_109' title='bbox 841 1087 933 1112; x_wconf 92' lang='lat' dir='ltr'>cum</span> <span class='ocrx_word' id='word_1_110' title='bbox 965 1087 1036 1126; x_wconf 87' lang='lat' dir='ltr'>ego</span> <span class='ocrx_word' id='word_1_111' title='bbox 1066 1072 1199 1117; x_wconf 87' lang='lat' dir='ltr'>abfui,</span> <span class='ocrx_word' id='word_1_112' title='bbox 1231 1086 1316 1110; x_wconf 91' lang='lat' dir='ltr'>eam</span> <span class='ocrx_word' id='word_1_113' title='bbox 1349 1072 1633 1125; x_wconf 87' lang='lat' dir='ltr'>rempublicam</span> <span class='ocrx_word' id='word_1_114' title='bbox 1665 1070 1849 1109; x_wconf 88' lang='lat' dir='ltr'>habuistis</span> <span class='ocrx_word' id='word_1_115' title='bbox 1868 1100 1880 1117; x_wconf 95' lang='lat'>,</span> 
     </span>
     <span class='ocr_line' id='line_1_15' title="bbox 484 1139 1879 1194; baseline -0.004 -13"><span class='ocrx_word' id='word_1_116' title='bbox 484 1152 527 1181; x_wconf 91' lang='lat' dir='ltr'>ut</span> <span class='ocrx_word' id='word_1_117' title='bbox 546 1155 653 1194; x_wconf 85' lang='lat' dir='ltr'>aeque</span> <span class='ocrx_word' id='word_1_118' title='bbox 673 1154 751 1186; x_wconf 89' lang='lat' dir='ltr'>me,</span> <span class='ocrx_word' id='word_1_119' title='bbox 782 1150 896 1193; x_wconf 86' lang='lat' dir='ltr'>atque</span> <span class='ocrx_word' id='word_1_120' title='bbox 915 1140 1038 1185; x_wconf 88' lang='lat' dir='ltr'>illam,</span> <span class='ocrx_word' id='word_1_121' title='bbox 1070 1139 1342 1177; x_wconf 85' lang='lat' dir='ltr'>restituendam</span> <span class='ocrx_word' id='word_1_122' title='bbox 1374 1140 1574 1191; x_wconf 85' lang='lat' dir='ltr'>putaretis.</span> <span class='ocrx_word' id='word_1_123' title='bbox 1617 1139 1704 1191; x_wconf 83' lang='lat' dir='ltr'>Ego</span> <span class='ocrx_word' id='word_1_124' title='bbox 1735 1147 1879 1183; x_wconf 88' lang='lat' dir='ltr'>autem,</span> 
     </span>
     <span class='ocr_line' id='line_1_16' title="bbox 482 1203 1883 1260; baseline -0.003 -14"><span class='ocrx_word' id='word_1_125' title='bbox 482 1208 523 1246; x_wconf 91' lang='lat' dir='ltr'>in</span> <span class='ocrx_word' id='word_1_126' title='bbox 545 1221 620 1260; x_wconf 92' lang='lat' dir='ltr'>qua</span> <span class='ocrx_word' id='word_1_127' title='bbox 640 1207 795 1245; x_wconf 87' lang='lat' dir='ltr'>civitate</span> <span class='ocrx_word' id='word_1_128' title='bbox 814 1205 914 1243; x_wconf 91' lang='lat' dir='ltr'>nihil</span> <span class='ocrx_word' id='word_1_129' title='bbox 935 1205 1073 1243; x_wconf 87' lang='lat' dir='ltr'>valeret</span> <span class='ocrx_word' id='word_1_130' title='bbox 1093 1204 1256 1249; x_wconf 82' lang='lat' dir='ltr'>senatus,</span> <span class='ocrx_word' id='word_1_131' title='bbox 1274 1204 1402 1242; x_wconf 90' lang='lat' dir='ltr'>omnis</span> <span class='ocrx_word' id='word_1_132' title='bbox 1423 1203 1512 1243; x_wconf 81' lang='lat' dir='ltr'>effet</span> <span class='ocrx_word' id='word_1_133' title='bbox 1528 1205 1756 1257; x_wconf 87' lang='lat' dir='ltr'>impunitas,</span> <span class='ocrx_word' id='word_1_134' title='bbox 1775 1204 1883 1242; x_wconf 85' lang='lat' dir='ltr'>nulla</span> 
     </span>
     <span class='ocr_line' id='line_1_17' title="bbox 477 1270 1880 1327; baseline -0.004 -15"><span class='ocrx_word' id='word_1_135' title='bbox 477 1274 639 1327; x_wconf 88' lang='lat' dir='ltr'>judicia,</span> <span class='ocrx_word' id='word_1_136' title='bbox 671 1273 727 1312; x_wconf 87' lang='lat' dir='ltr'>vis</span> <span class='ocrx_word' id='word_1_137' title='bbox 747 1281 785 1310; x_wconf 88' lang='lat' dir='ltr'>et</span> <span class='ocrx_word' id='word_1_138' title='bbox 804 1271 951 1310; x_wconf 88' lang='lat' dir='ltr'>ferrum</span> <span class='ocrx_word' id='word_1_139' title='bbox 973 1272 1011 1309; x_wconf 92' lang='lat' dir='ltr'>in</span> <span class='ocrx_word' id='word_1_140' title='bbox 1032 1270 1117 1310; x_wconf 89' lang='lat' dir='ltr'>foro</span> <span class='ocrx_word' id='word_1_141' title='bbox 1138 1271 1397 1316; x_wconf 76' lang='lat' dir='ltr'>versarentur3</span> <span class='ocrx_word' id='word_1_142' title='bbox 1430 1284 1522 1308; x_wconf 89' lang='lat' dir='ltr'>curn</span> <span class='ocrx_word' id='word_1_143' title='bbox 1542 1271 1680 1323; x_wconf 86' lang='lat' dir='ltr'>privati</span> <span class='ocrx_word' id='word_1_144' title='bbox 1700 1270 1735 1307; x_wconf 89' lang='lat' dir='ltr'>se</span> <span class='ocrx_word' id='word_1_145' title='bbox 1754 1271 1880 1322; x_wconf 87' lang='lat' dir='ltr'>parie-</span> 
     </span>
     <span class='ocr_line' id='line_1_18' title="bbox 481 1336 1879 1393; baseline -0.005 -13"><span class='ocrx_word' id='word_1_146' title='bbox 481 1350 568 1380; x_wconf 89' lang='lat' dir='ltr'>tum</span> <span class='ocrx_word' id='word_1_147' title='bbox 599 1339 783 1393; x_wconf 83' lang='lat' dir='ltr'>praefidio‚</span> <span class='ocrx_word' id='word_1_148' title='bbox 815 1352 893 1377; x_wconf 90' lang='lat' dir='ltr'>non</span> <span class='ocrx_word' id='word_1_149' title='bbox 919 1338 1067 1391; x_wconf 83' lang='lat' dir='ltr'>legum,</span> <span class='ocrx_word' id='word_1_150' title='bbox 1099 1347 1324 1382; x_wconf 87' lang='lat' dir='ltr'>tuerentur;</span> <span class='ocrx_word' id='word_1_151' title='bbox 1358 1337 1503 1375; x_wconf 87' lang='lat' dir='ltr'>tribuni</span> <span class='ocrx_word' id='word_1_152' title='bbox 1533 1336 1654 1390; x_wconf 88' lang='lat' dir='ltr'>plebis</span> <span class='ocrx_word' id='word_1_153' title='bbox 1679 1337 1787 1374; x_wconf 89' lang='lat' dir='ltr'>vobis</span> <span class='ocrx_word' id='word_1_154' title='bbox 1815 1336 1879 1374; x_wconf 82' lang='lat' dir='ltr'>in-</span> 
     </span>
     <span class='ocr_line' id='line_1_19' title="bbox 483 1401 1881 1460; baseline -0.004 -14"><span class='ocrx_word' id='word_1_155' title='bbox 483 1407 740 1460; x_wconf 65' lang='lat' dir='ltr'>spectantibus</span> <span class='ocrx_word' id='word_1_156' title='bbox 762 1406 1064 1449; x_wconf 86' lang='lat' dir='ltr'>vulnerarentur,</span> <span class='ocrx_word' id='word_1_157' title='bbox 1095 1404 1142 1442; x_wconf 83' lang='lat' dir='ltr'>ad</span> <span class='ocrx_word' id='word_1_158' title='bbox 1172 1404 1466 1457; x_wconf 86' lang='lat' dir='ltr'>magistratuum</span> <span class='ocrx_word' id='word_1_159' title='bbox 1496 1403 1632 1441; x_wconf 88' lang='lat' dir='ltr'>domos</span> <span class='ocrx_word' id='word_1_160' title='bbox 1660 1417 1753 1441; x_wconf 90' lang='lat' dir='ltr'>cum</span> <span class='ocrx_word' id='word_1_161' title='bbox 1780 1401 1881 1440; x_wconf 91' lang='lat' dir='ltr'>ferro</span> 
     </span>
     <span class='ocr_line' id='line_1_20' title="bbox 482 1470 1878 1523; baseline -0.004 -10"><span class='ocrx_word' id='word_1_162' title='bbox 482 1483 521 1513; x_wconf 88' lang='lat' dir='ltr'>et</span> <span class='ocrx_word' id='word_1_163' title='bbox 540 1473 689 1512; x_wconf 82' lang='lat' dir='ltr'>facibus</span> <span class='ocrx_word' id='word_1_164' title='bbox 711 1473 844 1517; x_wconf 86' lang='lat' dir='ltr'>iretur,</span> <span class='ocrx_word' id='word_1_165' title='bbox 876 1471 1041 1510; x_wconf 85' lang='lat' dir='ltr'>consulis</span> <span class='ocrx_word' id='word_1_166' title='bbox 1063 1470 1179 1509; x_wconf 87' lang='lat' dir='ltr'>fasces</span> <span class='ocrx_word' id='word_1_167' title='bbox 1200 1470 1482 1523; x_wconf 86' lang='lat' dir='ltr'>frangerentur,</span> <span class='ocrx_word' id='word_1_168' title='bbox 1515 1471 1691 1508; x_wconf 87' lang='lat' dir='ltr'>Deorum</span> <span class='ocrx_word' id='word_1_169' title='bbox 1711 1470 1878 1508; x_wconf 88' lang='lat' dir='ltr'>immor-</span> 
     </span>
     <span class='ocr_line' id='line_1_21' title="bbox 482 1535 1879 1593; baseline -0.003 -14"><span class='ocrx_word' id='word_1_170' title='bbox 482 1540 621 1580; x_wconf 89' lang='lat' dir='ltr'>talium</span> <span class='ocrx_word' id='word_1_171' title='bbox 641 1539 788 1593; x_wconf 89' lang='lat' dir='ltr'>templa</span> <span class='ocrx_word' id='word_1_172' title='bbox 806 1538 1125 1576; x_wconf 87' lang='lat' dir='ltr'>incenderentur:</span> <span class='ocrx_word' id='word_1_173' title='bbox 1158 1536 1442 1591; x_wconf 85' lang='lat' dir='ltr'>rempublicam</span> <span class='ocrx_word' id='word_1_174' title='bbox 1468 1536 1539 1575; x_wconf 83' lang='lat' dir='ltr'>effe</span> <span class='ocrx_word' id='word_1_175' title='bbox 1559 1536 1709 1575; x_wconf 90' lang='lat' dir='ltr'>nullam</span> <span class='ocrx_word' id='word_1_176' title='bbox 1730 1535 1879 1588; x_wconf 90' lang='lat' dir='ltr'>putavi.</span> 
     </span>
     <span class='ocr_line' id='line_1_22' title="bbox 483 1602 1881 1661; baseline -0.004 -14"><span class='ocrx_word' id='word_1_177' title='bbox 483 1610 618 1661; x_wconf 91' lang='lat' dir='ltr'>Itaque</span> <span class='ocrx_word' id='word_1_178' title='bbox 638 1620 778 1660; x_wconf 89' lang='lat' dir='ltr'>neque,</span> <span class='ocrx_word' id='word_1_179' title='bbox 810 1605 1008 1659; x_wconf 88' lang='lat' dir='ltr'>republica</span> <span class='ocrx_word' id='word_1_180' title='bbox 1030 1605 1296 1650; x_wconf 87' lang='lat' dir='ltr'>exterminata,</span> <span class='ocrx_word' id='word_1_181' title='bbox 1327 1602 1429 1642; x_wconf 90' lang='lat' dir='ltr'>mihi</span> <span class='ocrx_word' id='word_1_182' title='bbox 1459 1604 1592 1642; x_wconf 91' lang='lat' dir='ltr'>locum</span> <span class='ocrx_word' id='word_1_183' title='bbox 1620 1604 1659 1642; x_wconf 89' lang='lat' dir='ltr'>in</span> <span class='ocrx_word' id='word_1_184' title='bbox 1687 1602 1759 1641; x_wconf 87' lang='lat' dir='ltr'>hac</span> <span class='ocrx_word' id='word_1_185' title='bbox 1785 1603 1881 1641; x_wconf 86' lang='lat' dir='ltr'>urbe</span> 
     </span>
     <span class='ocr_line' id='line_1_23' title="bbox 482 1668 1881 1724; baseline -0.004 -11"><span class='ocrx_word' id='word_1_186' title='bbox 482 1674 553 1713; x_wconf 83' lang='lat' dir='ltr'>effe</span> <span class='ocrx_word' id='word_1_187' title='bbox 584 1674 703 1719; x_wconf 79' lang='lat' dir='ltr'>duxi3</span> <span class='ocrx_word' id='word_1_188' title='bbox 735 1686 820 1718; x_wconf 90' lang='lat' dir='ltr'>nec,</span> <span class='ocrx_word' id='word_1_189' title='bbox 852 1672 878 1711; x_wconf 90' lang='lat' dir='ltr'>fi</span> <span class='ocrx_word' id='word_1_190' title='bbox 910 1671 976 1710; x_wconf 89' lang='lat' dir='ltr'>illa</span> <span class='ocrx_word' id='word_1_191' title='bbox 1006 1671 1278 1715; x_wconf 88' lang='lat' dir='ltr'>restitueretur,</span> <span class='ocrx_word' id='word_1_192' title='bbox 1310 1670 1497 1716; x_wconf 89' lang='lat' dir='ltr'>dubitavi,</span> <span class='ocrx_word' id='word_1_193' title='bbox 1529 1670 1625 1724; x_wconf 91' lang='lat' dir='ltr'>quin</span> <span class='ocrx_word' id='word_1_194' title='bbox 1657 1683 1720 1708; x_wconf 88' lang='lat' dir='ltr'>me</span> <span class='ocrx_word' id='word_1_195' title='bbox 1750 1668 1881 1708; x_wconf 88' lang='lat' dir='ltr'>secum</span> 
     </span>
     <span class='ocr_line' id='line_1_24' title="bbox 482 1741 792 1794; baseline -0.003 -15"><span class='ocrx_word' id='word_1_196' title='bbox 482 1741 560 1794; x_wconf 91' lang='lat' dir='ltr'>ipsa</span> <span class='ocrx_word' id='word_1_197' title='bbox 580 1741 792 1779; x_wconf 88' lang='lat' dir='ltr'>reduceret.</span> 
     </span>
    </p>

    <p class='ocr_par' dir='ltr' id='par_1_4' title="bbox 477 1802 1883 2522">
     <span class='ocr_line' id='line_1_25' title="bbox 537 1802 1877 1859; baseline -0.004 -14"><span class='ocrx_word' id='word_1_198' title='bbox 537 1809 602 1845; x_wconf 88' lang='lat' dir='ltr'>An</span> <span class='ocrx_word' id='word_1_199' title='bbox 623 1820 708 1859; x_wconf 88' lang='lat' dir='ltr'>ego,</span> <span class='ocrx_word' id='word_1_200' title='bbox 731 1820 823 1844; x_wconf 88' lang='lat' dir='ltr'>curn</span> <span class='ocrx_word' id='word_1_201' title='bbox 845 1803 947 1844; x_wconf 84' lang='lat' dir='ltr'>mihi</span> <span class='ocrx_word' id='word_1_202' title='bbox 966 1804 1055 1842; x_wconf 85' lang='lat' dir='ltr'>effet</span> <span class='ocrx_word' id='word_1_203' title='bbox 1074 1802 1435 1857; x_wconf 66' lang='lat' dir='ltr'>exploratissimum,</span> <span class='ocrx_word' id='word_1_204' title='bbox 1458 1803 1501 1841; x_wconf 88' lang='grc' dir='ltr'>Ρ.</span> <span class='ocrx_word' id='word_1_205' title='bbox 1522 1803 1736 1841; x_wconf 88' lang='lat' dir='ltr'>Lentulum</span> <span class='ocrx_word' id='word_1_206' title='bbox 1758 1815 1877 1855; x_wconf 71' lang='lat' dir='ltr'>prox-</span> 
     </span>
     <span class='ocr_line' id='line_1_26' title="bbox 482 1860 1877 1922; baseline -0.003 -12"><span class='ocrx_word' id='word_1_207' title='bbox 482 1874 564 1910; x_wconf 88' lang='lat' dir='ltr'>imo</span> <span class='ocrx_word' id='word_1_208' title='bbox 583 1860 684 1910; x_wconf 82' lang='lat' dir='ltr'>anno</span> <span class='ocrx_word' id='word_1_209' title='bbox 704 1870 901 1909; x_wconf 91' lang='lat' dir='ltr'>consulem</span> <span class='ocrx_word' id='word_1_210' title='bbox 921 1869 1115 1915; x_wconf 89' lang='lat' dir='ltr'>futurum,</span> <span class='ocrx_word' id='word_1_211' title='bbox 1147 1870 1215 1922; x_wconf 88' lang='lat' dir='ltr'>qui</span> <span class='ocrx_word' id='word_1_212' title='bbox 1236 1869 1313 1907; x_wconf 90' lang='lat' dir='ltr'>illis</span> <span class='ocrx_word' id='word_1_213' title='bbox 1334 1869 1421 1922; x_wconf 86' lang='lat' dir='ltr'>ipfis</span> <span class='ocrx_word' id='word_1_214' title='bbox 1442 1868 1662 1921; x_wconf 77' lang='lat' dir='ltr'>reipublicae</span> <span class='ocrx_word' id='word_1_215' title='bbox 1683 1868 1877 1921; x_wconf 89' lang='lat' dir='ltr'>periculo-</span> 
     </span>
     <span class='ocr_line' id='line_1_27' title="bbox 482 1935 1878 1990; baseline -0.004 -13"><span class='ocrx_word' id='word_1_216' title='bbox 482 1938 629 1977; x_wconf 76' lang='lat' dir='ltr'>sissimis</span> <span class='ocrx_word' id='word_1_217' title='bbox 651 1937 893 1990; x_wconf 85' lang='lat' dir='ltr'>temporibus</span> <span class='ocrx_word' id='word_1_218' title='bbox 914 1936 1036 1974; x_wconf 86' lang='lat' dir='ltr'>aedilis</span> <span class='ocrx_word' id='word_1_219' title='bbox 1055 1936 1215 1982; x_wconf 87' lang='lat' dir='ltr'>curulis,</span> <span class='ocrx_word' id='word_1_220' title='bbox 1234 1950 1297 1974; x_wconf 87' lang='lat' dir='ltr'>me</span> <span class='ocrx_word' id='word_1_221' title='bbox 1313 1935 1483 1981; x_wconf 92' lang='lat' dir='ltr'>consule,</span> <span class='ocrx_word' id='word_1_222' title='bbox 1501 1937 1680 1973; x_wconf 90' lang='lat' dir='ltr'>omnium</span> <span class='ocrx_word' id='word_1_223' title='bbox 1699 1948 1878 1973; x_wconf 87' lang='lat' dir='ltr'>meorum</span> 
     </span>
     <span class='ocr_line' id='line_1_28' title="bbox 481 2001 1878 2057; baseline -0.003 -14"><span class='ocrx_word' id='word_1_224' title='bbox 481 2005 729 2044; x_wconf 88' lang='lat' dir='ltr'>confiliorum</span> <span class='ocrx_word' id='word_1_225' title='bbox 751 2004 939 2057; x_wconf 89' lang='lat' dir='ltr'>particeps</span> <span class='ocrx_word' id='word_1_226' title='bbox 955 2033 964 2048; x_wconf 94' lang='lat'>,</span> <span class='ocrx_word' id='word_1_227' title='bbox 997 2004 1337 2057; x_wconf 90' lang='lat' dir='ltr'>periculorumque</span> <span class='ocrx_word' id='word_1_228' title='bbox 1358 2002 1480 2041; x_wconf 89' lang='lat' dir='ltr'>socius</span> <span class='ocrx_word' id='word_1_229' title='bbox 1496 2031 1506 2047; x_wconf 93' lang='lat'>‚</span> <span class='ocrx_word' id='word_1_230' title='bbox 1538 2001 1689 2047; x_wconf 75' lang='lat' dir='ltr'>fuiffet5</span> <span class='ocrx_word' id='word_1_231' title='bbox 1721 2001 1878 2040; x_wconf 90' lang='lat' dir='ltr'>dubita-</span> 
     </span>
     <span class='ocr_line' id='line_1_29' title="bbox 481 2067 1878 2124; baseline -0.003 -14"><span class='ocrx_word' id='word_1_232' title='bbox 481 2086 576 2117; x_wconf 84' lang='lat' dir='ltr'>rem,</span> <span class='ocrx_word' id='word_1_233' title='bbox 609 2071 705 2124; x_wconf 86' lang='lat' dir='ltr'>quin</span> <span class='ocrx_word' id='word_1_234' title='bbox 733 2071 764 2108; x_wconf 88' lang='lat' dir='ltr'>is</span> <span class='ocrx_word' id='word_1_235' title='bbox 785 2083 863 2115; x_wconf 90' lang='lat' dir='ltr'>me,</span> <span class='ocrx_word' id='word_1_236' title='bbox 894 2069 1115 2108; x_wconf 62' lang='lat' dir='ltr'>confectum</span> <span class='ocrx_word' id='word_1_237' title='bbox 1137 2070 1399 2108; x_wconf 86' lang='lat' dir='ltr'>consularibus</span> <span class='ocrx_word' id='word_1_238' title='bbox 1421 2069 1658 2113; x_wconf 90' lang='lat' dir='ltr'>vulneribus,</span> <span class='ocrx_word' id='word_1_239' title='bbox 1689 2067 1878 2107; x_wconf 84' lang='lat' dir='ltr'>consulari</span> 
     </span>
     <span class='ocr_line' id='line_1_30' title="bbox 479 2135 1875 2188; baseline -0.004 -11"><span class='ocrx_word' id='word_1_240' title='bbox 479 2139 672 2178; x_wconf 87' lang='lat' dir='ltr'>medicina</span> <span class='ocrx_word' id='word_1_241' title='bbox 692 2137 737 2175; x_wconf 86' lang='lat' dir='ltr'>ad</span> <span class='ocrx_word' id='word_1_242' title='bbox 765 2136 925 2175; x_wconf 88' lang='lat' dir='ltr'>salutem</span> <span class='ocrx_word' id='word_1_243' title='bbox 946 2137 1141 2175; x_wconf 85' lang='lat' dir='ltr'>reduceret</span> <span class='ocrx_word' id='word_1_244' title='bbox 1160 2137 1172 2174; x_wconf 84' lang='lat'>?</span> <span class='ocrx_word' id='word_1_245' title='bbox 1206 2138 1297 2176; x_wconf 93' lang='lat' dir='ltr'>Hoc</span> <span class='ocrx_word' id='word_1_246' title='bbox 1318 2136 1429 2181; x_wconf 90' lang='lat' dir='ltr'>duce,</span> <span class='ocrx_word' id='word_1_247' title='bbox 1460 2136 1609 2188; x_wconf 86' lang='lat' dir='ltr'>collega</span> <span class='ocrx_word' id='word_1_248' title='bbox 1628 2144 1757 2173; x_wconf 83' lang='lat' dir='ltr'>autem</span> <span class='ocrx_word' id='word_1_249' title='bbox 1778 2135 1875 2187; x_wconf 86' lang='lat' dir='ltr'>ejus,</span> 
     </span>
     <span class='ocr_line' id='line_1_31' title="bbox 478 2201 1879 2257; baseline -0.004 -13"><span class='ocrx_word' id='word_1_250' title='bbox 478 2204 774 2245; x_wconf 81' lang='lat' dir='ltr'>clementiffimo</span> <span class='ocrx_word' id='word_1_251' title='bbox 805 2213 920 2257; x_wconf 82' lang='lat' dir='ltr'>atque</span> <span class='ocrx_word' id='word_1_252' title='bbox 955 2204 1107 2256; x_wconf 90' lang='lat' dir='ltr'>optimo</span> <span class='ocrx_word' id='word_1_253' title='bbox 1139 2205 1235 2250; x_wconf 91' lang='lat' dir='ltr'>viro,</span> <span class='ocrx_word' id='word_1_254' title='bbox 1267 2204 1396 2257; x_wconf 88' lang='lat' dir='ltr'>primo</span> <span class='ocrx_word' id='word_1_255' title='bbox 1422 2217 1499 2241; x_wconf 87' lang='lat' dir='ltr'>non</span> <span class='ocrx_word' id='word_1_256' title='bbox 1533 2202 1762 2247; x_wconf 85' lang='lat' dir='ltr'>adversante,</span> <span class='ocrx_word' id='word_1_257' title='bbox 1794 2201 1879 2254; x_wconf 91' lang='lat' dir='ltr'>post</span> 
     </span>
     <span class='ocr_line' id='line_1_32' title="bbox 477 2267 1877 2323; baseline -0.004 -13"><span class='ocrx_word' id='word_1_258' title='bbox 477 2273 595 2310; x_wconf 80' lang='lat' dir='ltr'>etiam</span> <span class='ocrx_word' id='word_1_259' title='bbox 616 2271 829 2323; x_wconf 85' lang='lat' dir='ltr'>adjuvante,</span> <span class='ocrx_word' id='word_1_260' title='bbox 861 2270 1000 2322; x_wconf 85' lang='lat' dir='ltr'>reliqui</span> <span class='ocrx_word' id='word_1_261' title='bbox 1022 2270 1261 2323; x_wconf 84' lang='lat' dir='ltr'>magistratus</span> <span class='ocrx_word' id='word_1_262' title='bbox 1283 2283 1379 2322; x_wconf 88' lang='lat' dir='ltr'>pene</span> <span class='ocrx_word' id='word_1_263' title='bbox 1406 2283 1540 2307; x_wconf 87' lang='lat' dir='ltr'>omnes</span> <span class='ocrx_word' id='word_1_264' title='bbox 1562 2268 1720 2306; x_wconf 84' lang='lat' dir='ltr'>fuerunt</span> <span class='ocrx_word' id='word_1_265' title='bbox 1740 2267 1877 2306; x_wconf 89' lang='lat' dir='ltr'>defen-</span> 
     </span>
     <span class='ocr_line' id='line_1_33' title="bbox 478 2333 1876 2388; baseline -0.003 -12"><span class='ocrx_word' id='word_1_266' title='bbox 478 2340 572 2377; x_wconf 85' lang='lat' dir='ltr'>sores</span> <span class='ocrx_word' id='word_1_267' title='bbox 595 2337 723 2376; x_wconf 86' lang='lat' dir='ltr'>salutis</span> <span class='ocrx_word' id='word_1_268' title='bbox 744 2350 850 2375; x_wconf 72' lang='lat' dir='ltr'>meaa.</span> <span class='ocrx_word' id='word_1_269' title='bbox 884 2338 945 2374; x_wconf 83' lang='lat' dir='ltr'>Ex</span> <span class='ocrx_word' id='word_1_270' title='bbox 967 2337 1109 2388; x_wconf 85' lang='lat' dir='ltr'>quibus</span> <span class='ocrx_word' id='word_1_271' title='bbox 1131 2336 1334 2374; x_wconf 89' lang='lat' dir='ltr'>excellenti</span> <span class='ocrx_word' id='word_1_272' title='bbox 1357 2336 1501 2380; x_wconf 85' lang='lat' dir='ltr'>animo,</span> <span class='ocrx_word' id='word_1_273' title='bbox 1526 2336 1679 2380; x_wconf 87' lang='lat' dir='ltr'>virtute,</span> <span class='ocrx_word' id='word_1_274' title='bbox 1710 2333 1876 2372; x_wconf 64' lang='lat' dir='ltr'>auctori-</span> 
     </span>
     <span class='ocr_line' id='line_1_34' title="bbox 478 2401 1882 2457; baseline -0.003 -16"><span class='ocrx_word' id='word_1_275' title='bbox 478 2415 566 2450; x_wconf 73' lang='lat' dir='ltr'>tate,</span> <span class='ocrx_word' id='word_1_276' title='bbox 598 2404 780 2457; x_wconf 81' lang='lat' dir='ltr'>praefidio,</span> <span class='ocrx_word' id='word_1_277' title='bbox 812 2404 949 2457; x_wconf 78' lang='lat' dir='ltr'>copiiS,</span> <span class='ocrx_word' id='word_1_278' title='bbox 981 2405 1034 2442; x_wconf 92' lang='lat' dir='ltr'>T.</span> <span class='ocrx_word' id='word_1_279' title='bbox 1059 2404 1211 2442; x_wconf 89' lang='lat' dir='ltr'>Annius</span> <span class='ocrx_word' id='word_1_280' title='bbox 1233 2412 1270 2442; x_wconf 92' lang='lat' dir='ltr'>et</span> <span class='ocrx_word' id='word_1_281' title='bbox 1291 2404 1335 2442; x_wconf 90' lang='lat' dir='ltr'>P.</span> <span class='ocrx_word' id='word_1_282' title='bbox 1360 2403 1511 2441; x_wconf 83' lang='lat' dir='ltr'>Sextius</span> <span class='ocrx_word' id='word_1_283' title='bbox 1532 2401 1722 2455; x_wconf 64' lang='lat' dir='ltr'>praestanti</span> <span class='ocrx_word' id='word_1_284' title='bbox 1753 2402 1793 2439; x_wconf 90' lang='lat' dir='ltr'>in</span> <span class='ocrx_word' id='word_1_285' title='bbox 1814 2413 1882 2438; x_wconf 83' lang='lat' dir='ltr'>me</span> 
     </span>
     <span class='ocr_line' id='line_1_35' title="bbox 478 2464 1883 2522; baseline -0.003 -14"><span class='ocrx_word' id='word_1_286' title='bbox 478 2471 754 2516; x_wconf 79' lang='lat' dir='ltr'>benevolentia,</span> <span class='ocrx_word' id='word_1_287' title='bbox 777 2479 814 2509; x_wconf 87' lang='lat' dir='ltr'>et</span> <span class='ocrx_word' id='word_1_288' title='bbox 835 2470 967 2510; x_wconf 87' lang='lat' dir='ltr'>divino</span> <span class='ocrx_word' id='word_1_289' title='bbox 984 2469 1123 2516; x_wconf 77' lang='lat' dir='ltr'>studio,</span> <span class='ocrx_word' id='word_1_290' title='bbox 1145 2470 1370 2510; x_wconf 86' lang='lat' dir='ltr'>extiterunt.</span> <span class='ocrx_word' id='word_1_291' title='bbox 1394 2469 1623 2522; x_wconf 83' lang='lat' dir='ltr'>Eodemque</span> <span class='ocrx_word' id='word_1_292' title='bbox 1644 2469 1687 2507; x_wconf 87' lang='lat' dir='ltr'>P.</span> <span class='ocrx_word' id='word_1_293' title='bbox 1707 2464 1883 2507; x_wconf 71' lang='lat' dir='ltr'>Lentulo,</span> 
     </span>
    </p>
   </div>
  </div>
 </body>
</html>
