<?xml version="1.0" encoding="UTF-8"?>
<!DOCTYPE html PUBLIC "-//W3C//DTD XHTML 1.0 Transitional//EN"
    "http://www.w3.org/TR/xhtml1/DTD/xhtml1-transitional.dtd">
<html xmlns="http://www.w3.org/1999/xhtml" xml:lang="en" lang="en">
 <head>
  <title>
</title>
<meta http-equiv="Content-Type" content="text/html;charset=utf-8" />
  <meta name='ocr-system' content='tesseract 3.04.00' />
  <meta name='ocr-capabilities' content='ocr_page ocr_carea ocr_par ocr_line ocrx_word'/>
</head>
<body>
  <div class='ocr_page' id='page_1' title='image "./operacumindicibu05ciceuoft_0238.png"; bbox 0 0 2212 2835; ppageno 0'>
   <div class='ocr_carea' id='block_1_1' title="bbox 437 197 1343 244">
    <p class='ocr_par' dir='ltr' id='par_1_1' title="bbox 437 197 1343 244">
     <span class='ocr_line' id='line_1_1' title="bbox 437 197 1343 244; baseline -0.01 0"><span class='ocrx_word' id='word_1_1' title='bbox 437 203 512 244; x_wconf 86' lang='lat'>228</span> <span class='ocrx_word' id='word_1_2' title='bbox 944 197 1343 236; x_wconf 89' lang='lat' dir='ltr'><strong>ORATIO</strong></span> 
     </span>
    </p>
   </div>
   <div class='ocr_carea' id='block_1_2' title="bbox 435 293 1831 2527">
    <p class='ocr_par' dir='ltr' id='par_1_2' title="bbox 435 293 1827 944">
     <span class='ocr_line' id='line_1_2' title="bbox 491 293 1822 347; baseline -0.003 -9"><span class='ocrx_word' id='word_1_3' title='bbox 491 301 588 338; x_wconf 84' lang='lat' dir='ltr'>Haec</span> <span class='ocrx_word' id='word_1_4' title='bbox 616 297 747 336; x_wconf 85' lang='lat' dir='ltr'>omnia</span> <span class='ocrx_word' id='word_1_5' title='bbox 772 296 845 335; x_wconf 89' lang='lat' dir='ltr'>tibi</span> <span class='ocrx_word' id='word_1_6' title='bbox 872 293 1072 334; x_wconf 87' lang='lat' dir='ltr'>accusandi</span> <span class='ocrx_word' id='word_1_7' title='bbox 1099 295 1200 333; x_wconf 87' lang='lat' dir='ltr'>viam</span> <span class='ocrx_word' id='word_1_8' title='bbox 1227 293 1470 339; x_wconf 85' lang='lat' dir='ltr'>muniebant,</span> <span class='ocrx_word' id='word_1_9' title='bbox 1499 293 1731 347; x_wconf 80' lang='lat' dir='ltr'>adipiscendi</span> <span class='ocrx_word' id='word_1_10' title='bbox 1748 295 1822 334; x_wconf 88' lang='lat' dir='ltr'>ob-</span> 
     </span>
     <span class='ocr_line' id='line_1_3' title="bbox 435 360 1824 417; baseline -0.003 -15"><span class='ocrx_word' id='word_1_11' title='bbox 435 365 651 417; x_wconf 75' lang='lat' dir='ltr'>saepiebant.</span> <span class='ocrx_word' id='word_1_12' title='bbox 671 365 803 416; x_wconf 88' lang='lat' dir='ltr'><strong>Atque</strong></span> <span class='ocrx_word' id='word_1_13' title='bbox 823 376 870 400; x_wconf 84' lang='lat' dir='ltr'>ex</span> <span class='ocrx_word' id='word_1_14' title='bbox 889 361 1072 401; x_wconf 89' lang='lat' dir='ltr'>omnibus</span> <span class='ocrx_word' id='word_1_15' title='bbox 1094 360 1159 401; x_wconf 89' lang='lat' dir='ltr'>illa</span> <span class='ocrx_word' id='word_1_16' title='bbox 1177 360 1289 414; x_wconf 84' lang='lat' dir='ltr'>plaga</span> <span class='ocrx_word' id='word_1_17' title='bbox 1307 360 1360 398; x_wconf 92' lang='lat' dir='ltr'>est</span> <span class='ocrx_word' id='word_1_18' title='bbox 1379 360 1517 411; x_wconf 65' lang='lat' dir='ltr'>injecta</span> <span class='ocrx_word' id='word_1_19' title='bbox 1535 361 1715 414; x_wconf 91' lang='lat' dir='ltr'>petitioni</span> <span class='ocrx_word' id='word_1_20' title='bbox 1735 369 1824 406; x_wconf 78' lang='lat' dir='ltr'>tuae,</span> 
     </span>
     <span class='ocr_line' id='line_1_4' title="bbox 435 426 1825 480; baseline -0.003 -11"><span class='ocrx_word' id='word_1_21' title='bbox 435 445 514 469; x_wconf 89' lang='lat' dir='ltr'>non</span> <span class='ocrx_word' id='word_1_22' title='bbox 534 439 683 469; x_wconf 90' lang='lat' dir='ltr'>tacente</span> <span class='ocrx_word' id='word_1_23' title='bbox 712 443 788 474; x_wconf 92' lang='lat' dir='ltr'>me,</span> <span class='ocrx_word' id='word_1_24' title='bbox 820 429 1016 473; x_wconf 73' lang='lat' dir='ltr'>maxima,</span> <span class='ocrx_word' id='word_1_25' title='bbox 1048 428 1094 466; x_wconf 90' lang='lat' dir='ltr'>de</span> <span class='ocrx_word' id='word_1_26' title='bbox 1121 441 1197 480; x_wconf 85' lang='lat' dir='ltr'>qua</span> <span class='ocrx_word' id='word_1_27' title='bbox 1222 427 1268 465; x_wconf 86' lang='lat' dir='ltr'>ab</span> <span class='ocrx_word' id='word_1_28' title='bbox 1289 426 1449 465; x_wconf 87' lang='lat' dir='ltr'>homine</span> <span class='ocrx_word' id='word_1_29' title='bbox 1468 427 1766 480; x_wconf 85' lang='lat' dir='ltr'>ingeniofiffimo</span> <span class='ocrx_word' id='word_1_30' title='bbox 1785 435 1825 465; x_wconf 90' lang='lat' dir='ltr'>et</span> 
     </span>
     <span class='ocr_line' id='line_1_5' title="bbox 435 492 1825 549; baseline -0.004 -14"><span class='ocrx_word' id='word_1_31' title='bbox 435 496 703 549; x_wconf 87' lang='lat' dir='ltr'>copiofiffimo,</span> <span class='ocrx_word' id='word_1_32' title='bbox 726 495 946 539; x_wconf 86' lang='lat' dir='ltr'>Hortenfio,</span> <span class='ocrx_word' id='word_1_33' title='bbox 969 494 1092 532; x_wconf 87' lang='lat' dir='ltr'>multa</span> <span class='ocrx_word' id='word_1_34' title='bbox 1112 493 1324 545; x_wconf 84' lang='lat' dir='ltr'>graviffime</span> <span class='ocrx_word' id='word_1_35' title='bbox 1345 493 1443 531; x_wconf 68' lang='lat' dir='ltr'>dieta</span> <span class='ocrx_word' id='word_1_36' title='bbox 1463 492 1550 531; x_wconf 89' lang='lat' dir='ltr'>sunt</span> <span class='ocrx_word' id='word_1_37' title='bbox 1568 508 1577 531; x_wconf 87' lang='lat'>:</span> <span class='ocrx_word' id='word_1_38' title='bbox 1609 506 1689 545; x_wconf 92' lang='lat' dir='ltr'>quo</span> <span class='ocrx_word' id='word_1_39' title='bbox 1708 493 1825 531; x_wconf 89' lang='lat' dir='ltr'>etiam</span> 
     </span>
     <span class='ocr_line' id='line_1_6' title="bbox 435 557 1825 604; baseline -0.004 -3"><span class='ocrx_word' id='word_1_40' title='bbox 435 561 537 601; x_wconf 82' lang='lat' dir='ltr'>mihi</span> <span class='ocrx_word' id='word_1_41' title='bbox 568 562 697 600; x_wconf 88' lang='lat' dir='ltr'>durior</span> <span class='ocrx_word' id='word_1_42' title='bbox 723 561 829 599; x_wconf 81' lang='lat' dir='ltr'>locus</span> <span class='ocrx_word' id='word_1_43' title='bbox 856 560 908 598; x_wconf 91' lang='lat' dir='ltr'>est</span> <span class='ocrx_word' id='word_1_44' title='bbox 934 559 1087 598; x_wconf 91' lang='lat' dir='ltr'>dicendi</span> <span class='ocrx_word' id='word_1_45' title='bbox 1114 559 1249 603; x_wconf 81' lang='lat' dir='ltr'>datus;</span> <span class='ocrx_word' id='word_1_46' title='bbox 1284 568 1340 604; x_wconf 90' lang='lat' dir='ltr'>ut,</span> <span class='ocrx_word' id='word_1_47' title='bbox 1370 572 1463 597; x_wconf 90' lang='lat' dir='ltr'>cum</span> <span class='ocrx_word' id='word_1_48' title='bbox 1489 567 1575 597; x_wconf 87' lang='lat' dir='ltr'>ante</span> <span class='ocrx_word' id='word_1_49' title='bbox 1603 572 1666 596; x_wconf 91' lang='lat' dir='ltr'>me</span> <span class='ocrx_word' id='word_1_50' title='bbox 1696 567 1733 596; x_wconf 92' lang='lat' dir='ltr'>et</span> <span class='ocrx_word' id='word_1_51' title='bbox 1759 557 1825 596; x_wconf 91' lang='lat' dir='ltr'>ille</span> 
     </span>
     <span class='ocr_line' id='line_1_7' title="bbox 437 623 1824 678; baseline -0.003 -12"><span class='ocrx_word' id='word_1_52' title='bbox 437 627 603 673; x_wconf 77' lang='lat' dir='ltr'>dixisset,</span> <span class='ocrx_word' id='word_1_53' title='bbox 633 637 670 665; x_wconf 91' lang='lat' dir='ltr'>et</span> <span class='ocrx_word' id='word_1_54' title='bbox 699 627 755 665; x_wconf 86' lang='lat' dir='ltr'>vir</span> <span class='ocrx_word' id='word_1_55' title='bbox 784 626 935 664; x_wconf 83' lang='lat' dir='ltr'>summa</span> <span class='ocrx_word' id='word_1_56' title='bbox 961 625 1162 678; x_wconf 83' lang='lat' dir='ltr'>dignitate,</span> <span class='ocrx_word' id='word_1_57' title='bbox 1192 634 1230 662; x_wconf 93' lang='lat' dir='ltr'>et</span> <span class='ocrx_word' id='word_1_58' title='bbox 1256 625 1468 676; x_wconf 83' lang='lat' dir='ltr'>diligentia,</span> <span class='ocrx_word' id='word_1_59' title='bbox 1498 633 1536 663; x_wconf 91' lang='lat' dir='ltr'>et</span> <span class='ocrx_word' id='word_1_60' title='bbox 1563 623 1744 663; x_wconf 88' lang='lat' dir='ltr'>facultate</span> <span class='ocrx_word' id='word_1_61' title='bbox 1763 624 1824 662; x_wconf 89' lang='lat' dir='ltr'>di-</span> 
     </span>
     <span class='ocr_line' id='line_1_8' title="bbox 437 690 1827 744; baseline -0.003 -12"><span class='ocrx_word' id='word_1_62' title='bbox 437 695 564 739; x_wconf 92' lang='lat' dir='ltr'>cendi,</span> <span class='ocrx_word' id='word_1_63' title='bbox 589 694 652 731; x_wconf 90' lang='lat' dir='ltr'>M.</span> <span class='ocrx_word' id='word_1_64' title='bbox 676 691 840 737; x_wconf 74' lang='lat' dir='ltr'>Crassus,</span> <span class='ocrx_word' id='word_1_65' title='bbox 871 705 943 744; x_wconf 87' lang='lat' dir='ltr'>ego</span> <span class='ocrx_word' id='word_1_66' title='bbox 963 691 1003 729; x_wconf 90' lang='lat' dir='ltr'>in</span> <span class='ocrx_word' id='word_1_67' title='bbox 1023 699 1199 729; x_wconf 86' lang='lat' dir='ltr'>extremo</span> <span class='ocrx_word' id='word_1_68' title='bbox 1219 704 1296 729; x_wconf 88' lang='lat' dir='ltr'>non</span> <span class='ocrx_word' id='word_1_69' title='bbox 1317 699 1464 743; x_wconf 86' lang='lat' dir='ltr'>partem</span> <span class='ocrx_word' id='word_1_70' title='bbox 1485 690 1656 742; x_wconf 87' lang='lat' dir='ltr'>aliquam</span> <span class='ocrx_word' id='word_1_71' title='bbox 1675 703 1827 742; x_wconf 85' lang='lat' dir='ltr'>agerem</span> 
     </span>
     <span class='ocr_line' id='line_1_9' title="bbox 437 754 1826 807; baseline -0.004 -9"><span class='ocrx_word' id='word_1_72' title='bbox 437 759 568 803; x_wconf 58' lang='lat' dir='ltr'>causae,</span> <span class='ocrx_word' id='word_1_73' title='bbox 600 758 661 796; x_wconf 91' lang='lat' dir='ltr'>sed</span> <span class='ocrx_word' id='word_1_74' title='bbox 681 758 727 795; x_wconf 93' lang='lat' dir='ltr'>de</span> <span class='ocrx_word' id='word_1_75' title='bbox 748 766 827 795; x_wconf 89' lang='lat' dir='ltr'>tota</span> <span class='ocrx_word' id='word_1_76' title='bbox 851 770 889 794; x_wconf 89' lang='lat' dir='ltr'>re</span> <span class='ocrx_word' id='word_1_77' title='bbox 914 756 1096 800; x_wconf 86' lang='lat' dir='ltr'>dicerem,</span> <span class='ocrx_word' id='word_1_78' title='bbox 1127 755 1233 807; x_wconf 91' lang='lat' dir='ltr'>quod</span> <span class='ocrx_word' id='word_1_79' title='bbox 1260 754 1361 793; x_wconf 91' lang='lat' dir='ltr'>mihi</span> <span class='ocrx_word' id='word_1_80' title='bbox 1387 755 1591 795; x_wconf 86' lang='lat' dir='ltr'>videretur.</span> <span class='ocrx_word' id='word_1_81' title='bbox 1623 757 1759 807; x_wconf 86' lang='lat' dir='ltr'>Itaque</span> <span class='ocrx_word' id='word_1_82' title='bbox 1784 756 1826 793; x_wconf 86' lang='lat' dir='ltr'>in</span> 
     </span>
     <span class='ocr_line' id='line_1_10' title="bbox 436 820 1826 874; baseline -0.002 -11"><span class='ocrx_word' id='word_1_83' title='bbox 436 825 572 863; x_wconf 86' lang='lat' dir='ltr'>iisdem</span> <span class='ocrx_word' id='word_1_84' title='bbox 594 825 704 862; x_wconf 86' lang='lat' dir='ltr'>rebus</span> <span class='ocrx_word' id='word_1_85' title='bbox 725 821 803 861; x_wconf 91' lang='lat' dir='ltr'>fere</span> <span class='ocrx_word' id='word_1_86' title='bbox 823 821 958 866; x_wconf 84' lang='lat' dir='ltr'>versor,</span> <span class='ocrx_word' id='word_1_87' title='bbox 989 830 1027 860; x_wconf 93' lang='lat' dir='ltr'>et</span> <span class='ocrx_word' id='word_1_88' title='bbox 1047 821 1151 874; x_wconf 92' lang='lat' dir='ltr'>quod</span> <span class='ocrx_word' id='word_1_89' title='bbox 1172 820 1335 874; x_wconf 74' lang='lat' dir='ltr'>possum,</span> <span class='ocrx_word' id='word_1_90' title='bbox 1366 820 1537 872; x_wconf 89' lang='lat' dir='ltr'>Judices‚</span> <span class='ocrx_word' id='word_1_91' title='bbox 1563 834 1724 860; x_wconf 89' lang='lat' dir='ltr'>occurro</span> <span class='ocrx_word' id='word_1_92' title='bbox 1743 820 1826 861; x_wconf 84' lang='lat' dir='ltr'>ves-</span> 
     </span>
     <span class='ocr_line' id='line_1_11' title="bbox 438 891 726 944; baseline 0.003 -15"><span class='ocrx_word' id='word_1_93' title='bbox 438 901 503 930; x_wconf 80' lang='lat' dir='ltr'>trae</span> <span class='ocrx_word' id='word_1_94' title='bbox 523 891 726 944; x_wconf 63' lang='lat' dir='ltr'>sapientiae.</span> 
     </span>
    </p>

    <p class='ocr_par' dir='ltr' id='par_1_3' title="bbox 435 953 1831 2133">
     <span class='ocr_line' id='line_1_12' title="bbox 493 953 1828 1009; baseline -0.003 -13"><span class='ocrx_word' id='word_1_95' title='bbox 493 958 644 996; x_wconf 89' lang='lat' dir='ltr'>XXIV.</span> <span class='ocrx_word' id='word_1_96' title='bbox 674 957 745 996; x_wconf 89' lang='lat' dir='ltr'>Sed</span> <span class='ocrx_word' id='word_1_97' title='bbox 775 967 918 1002; x_wconf 78' lang='lat' dir='ltr'>tamen,</span> <span class='ocrx_word' id='word_1_98' title='bbox 951 957 1069 1002; x_wconf 88' lang='lat' dir='ltr'>Servi,</span> <span class='ocrx_word' id='word_1_99' title='bbox 1107 970 1225 1009; x_wconf 87' lang='lat' dir='ltr'>quarn</span> <span class='ocrx_word' id='word_1_100' title='bbox 1258 964 1295 994; x_wconf 81' lang='lat' dir='ltr'>te</span> <span class='ocrx_word' id='word_1_101' title='bbox 1326 955 1488 994; x_wconf 85' lang='lat' dir='ltr'>securim</span> <span class='ocrx_word' id='word_1_102' title='bbox 1520 963 1629 1008; x_wconf 88' lang='lat' dir='ltr'>putas</span> <span class='ocrx_word' id='word_1_103' title='bbox 1661 953 1828 1007; x_wconf 73' lang='lat' dir='ltr'>injecisse</span> 
     </span>
     <span class='ocr_line' id='line_1_13' title="bbox 437 1020 1827 1076; baseline -0.002 -15"><span class='ocrx_word' id='word_1_104' title='bbox 437 1024 618 1076; x_wconf 82' lang='lat' dir='ltr'>petitioni</span> <span class='ocrx_word' id='word_1_105' title='bbox 639 1032 725 1068; x_wconf 84' lang='lat' dir='ltr'>tuae‚</span> <span class='ocrx_word' id='word_1_106' title='bbox 757 1036 848 1061; x_wconf 91' lang='lat' dir='ltr'>cum</span> <span class='ocrx_word' id='word_1_107' title='bbox 869 1031 912 1060; x_wconf 90' lang='lat' dir='ltr'>tu</span> <span class='ocrx_word' id='word_1_108' title='bbox 932 1022 1123 1075; x_wconf 87' lang='lat' dir='ltr'>populum</span> <span class='ocrx_word' id='word_1_109' title='bbox 1145 1023 1370 1060; x_wconf 86' lang='lat' dir='ltr'>Romanum</span> <span class='ocrx_word' id='word_1_110' title='bbox 1399 1021 1439 1058; x_wconf 89' lang='lat' dir='ltr'>in</span> <span class='ocrx_word' id='word_1_111' title='bbox 1465 1034 1556 1059; x_wconf 90' lang='lat' dir='ltr'>eum</span> <span class='ocrx_word' id='word_1_112' title='bbox 1587 1029 1738 1059; x_wconf 88' lang='lat' dir='ltr'>metum</span> <span class='ocrx_word' id='word_1_113' title='bbox 1759 1020 1827 1058; x_wconf 90' lang='lat' dir='ltr'>ad-</span> 
     </span>
     <span class='ocr_line' id='line_1_14' title="bbox 437 1086 1827 1142; baseline -0.003 -14"><span class='ocrx_word' id='word_1_114' title='bbox 437 1090 592 1135; x_wconf 83' lang='lat' dir='ltr'>duxisti,</span> <span class='ocrx_word' id='word_1_115' title='bbox 624 1098 666 1128; x_wconf 90' lang='lat' dir='ltr'>ut</span> <span class='ocrx_word' id='word_1_116' title='bbox 686 1089 981 1142; x_wconf 85' lang='lat' dir='ltr'>pertimesceret,</span> <span class='ocrx_word' id='word_1_117' title='bbox 1012 1102 1059 1126; x_wconf 91' lang='lat' dir='ltr'>ne</span> <span class='ocrx_word' id='word_1_118' title='bbox 1080 1088 1212 1126; x_wconf 91' lang='lat' dir='ltr'>consul</span> <span class='ocrx_word' id='word_1_119' title='bbox 1235 1088 1404 1126; x_wconf 86' lang='lat' dir='ltr'>Catilina</span> <span class='ocrx_word' id='word_1_120' title='bbox 1430 1086 1553 1132; x_wconf 87' lang='lat' dir='ltr'>fieret,</span> <span class='ocrx_word' id='word_1_121' title='bbox 1583 1088 1678 1125; x_wconf 89' lang='lat' dir='ltr'>dum</span> <span class='ocrx_word' id='word_1_122' title='bbox 1699 1096 1741 1125; x_wconf 91' lang='lat' dir='ltr'>tu</span> <span class='ocrx_word' id='word_1_123' title='bbox 1762 1100 1827 1125; x_wconf 89' lang='lat' dir='ltr'>ac-</span> 
     </span>
     <span class='ocr_line' id='line_1_15' title="bbox 435 1153 1828 1207; baseline -0.002 -13"><span class='ocrx_word' id='word_1_124' title='bbox 435 1156 673 1194; x_wconf 86' lang='lat' dir='ltr'>cusationem</span> <span class='ocrx_word' id='word_1_125' title='bbox 691 1167 943 1207; x_wconf 83' lang='lat' dir='ltr'>comparares,</span> <span class='ocrx_word' id='word_1_126' title='bbox 961 1153 1127 1206; x_wconf 88' lang='lat' dir='ltr'>depofita</span> <span class='ocrx_word' id='word_1_127' title='bbox 1146 1163 1261 1205; x_wconf 90' lang='lat' dir='ltr'>atque</span> <span class='ocrx_word' id='word_1_128' title='bbox 1279 1153 1423 1205; x_wconf 66' lang='lat' dir='ltr'>abjecta</span> <span class='ocrx_word' id='word_1_129' title='bbox 1441 1153 1651 1205; x_wconf 88' lang='lat' dir='ltr'>petitione?</span> <span class='ocrx_word' id='word_1_130' title='bbox 1669 1153 1828 1191; x_wconf 88' lang='lat' dir='ltr'>Etenim</span> 
     </span>
     <span class='ocr_line' id='line_1_16' title="bbox 437 1219 1828 1274; baseline -0.001 -14"><span class='ocrx_word' id='word_1_131' title='bbox 437 1231 473 1260; x_wconf 83' lang='lat' dir='ltr'>te</span> <span class='ocrx_word' id='word_1_132' title='bbox 493 1222 685 1274; x_wconf 84' lang='lat' dir='ltr'>inquirere</span> <span class='ocrx_word' id='word_1_133' title='bbox 704 1220 898 1265; x_wconf 88' lang='lat' dir='ltr'>videbant,</span> <span class='ocrx_word' id='word_1_134' title='bbox 930 1220 1074 1258; x_wconf 88' lang='lat' dir='ltr'>tristem</span> <span class='ocrx_word' id='word_1_135' title='bbox 1096 1219 1248 1273; x_wconf 89' lang='lat' dir='ltr'>ipsum:</span> <span class='ocrx_word' id='word_1_136' title='bbox 1281 1219 1435 1258; x_wconf 86' lang='lat' dir='ltr'>moestos</span> <span class='ocrx_word' id='word_1_137' title='bbox 1463 1219 1622 1264; x_wconf 86' lang='lat' dir='ltr'>amicos,</span> <span class='ocrx_word' id='word_1_138' title='bbox 1653 1220 1828 1258; x_wconf 87' lang='lat' dir='ltr'>observa-</span> 
     </span>
     <span class='ocr_line' id='line_1_17' title="bbox 438 1285 1829 1338; baseline -0.002 -12"><span class='ocrx_word' id='word_1_139' title='bbox 438 1289 576 1333; x_wconf 85' lang='lat' dir='ltr'>tiones,</span> <span class='ocrx_word' id='word_1_140' title='bbox 607 1287 903 1331; x_wconf 86' lang='lat' dir='ltr'>testificationes,</span> <span class='ocrx_word' id='word_1_141' title='bbox 929 1286 1165 1324; x_wconf 69' lang='lat' dir='ltr'>seductiones</span> <span class='ocrx_word' id='word_1_142' title='bbox 1186 1286 1355 1331; x_wconf 91' lang='lat' dir='ltr'>testium,</span> <span class='ocrx_word' id='word_1_143' title='bbox 1377 1285 1618 1324; x_wconf 85' lang='lat' dir='ltr'>seceffionem</span> <span class='ocrx_word' id='word_1_144' title='bbox 1638 1285 1829 1338; x_wconf 88' lang='lat' dir='ltr'>subscrip-</span> 
     </span>
     <span class='ocr_line' id='line_1_18' title="bbox 437 1351 1829 1404; baseline -0.001 -12"><span class='ocrx_word' id='word_1_145' title='bbox 437 1363 582 1399; x_wconf 89' lang='lat' dir='ltr'>torum,</span> <span class='ocrx_word' id='word_1_146' title='bbox 612 1352 989 1392; x_wconf 84' lang='lat' dir='ltr'>animadvertebant:</span> <span class='ocrx_word' id='word_1_147' title='bbox 1022 1352 1164 1404; x_wconf 89' lang='lat' dir='ltr'>quibus</span> <span class='ocrx_word' id='word_1_148' title='bbox 1186 1352 1296 1390; x_wconf 91' lang='lat' dir='ltr'>rebus</span> <span class='ocrx_word' id='word_1_149' title='bbox 1317 1361 1418 1389; x_wconf 90' lang='lat' dir='ltr'>certe</span> <span class='ocrx_word' id='word_1_150' title='bbox 1438 1351 1507 1404; x_wconf 86' lang='lat' dir='ltr'>ipfi</span> <span class='ocrx_word' id='word_1_151' title='bbox 1534 1352 1829 1390; x_wconf 88' lang='lat' dir='ltr'>candidatorum</span> 
     </span>
     <span class='ocr_line' id='line_1_19' title="bbox 437 1417 1830 1470; baseline -0.001 -12"><span class='ocrx_word' id='word_1_152' title='bbox 437 1420 567 1458; x_wconf 89' lang='lat' dir='ltr'>vultus</span> <span class='ocrx_word' id='word_1_153' title='bbox 588 1419 823 1458; x_wconf 87' lang='lat' dir='ltr'>obscuriores</span> <span class='ocrx_word' id='word_1_154' title='bbox 843 1418 963 1456; x_wconf 89' lang='lat' dir='ltr'>videri</span> <span class='ocrx_word' id='word_1_155' title='bbox 984 1417 1117 1456; x_wconf 84' lang='lat' dir='ltr'>solent.</span> <span class='ocrx_word' id='word_1_156' title='bbox 1142 1418 1353 1456; x_wconf 81' lang='lat' dir='ltr'>Catilinam</span> <span class='ocrx_word' id='word_1_157' title='bbox 1372 1417 1514 1456; x_wconf 89' lang='lat' dir='ltr'>interea</span> <span class='ocrx_word' id='word_1_158' title='bbox 1532 1417 1694 1456; x_wconf 81' lang='lat' dir='ltr'>alacrem</span> <span class='ocrx_word' id='word_1_159' title='bbox 1715 1427 1830 1470; x_wconf 82' lang='lat' dir='ltr'>atque</span> 
     </span>
     <span class='ocr_line' id='line_1_20' title="bbox 438 1482 1831 1538; baseline -0.001 -14"><span class='ocrx_word' id='word_1_160' title='bbox 438 1487 585 1532; x_wconf 83' lang='lat' dir='ltr'>laetum,</span> <span class='ocrx_word' id='word_1_161' title='bbox 624 1485 806 1538; x_wconf 85' lang='lat' dir='ltr'>stipatum</span> <span class='ocrx_word' id='word_1_162' title='bbox 844 1482 965 1521; x_wconf 91' lang='lat' dir='ltr'>choro</span> <span class='ocrx_word' id='word_1_163' title='bbox 995 1484 1224 1535; x_wconf 90' lang='lat' dir='ltr'>juventutis,</span> <span class='ocrx_word' id='word_1_164' title='bbox 1264 1483 1448 1521; x_wconf 88' lang='lat' dir='ltr'>vallatum</span> <span class='ocrx_word' id='word_1_165' title='bbox 1481 1483 1676 1522; x_wconf 88' lang='lat' dir='ltr'>indicibus</span> <span class='ocrx_word' id='word_1_166' title='bbox 1714 1492 1831 1536; x_wconf 85' lang='lat' dir='ltr'>atque</span> 
     </span>
     <span class='ocr_line' id='line_1_21' title="bbox 438 1549 1828 1602; baseline -0.002 -11"><span class='ocrx_word' id='word_1_167' title='bbox 438 1553 590 1598; x_wconf 80' lang='lat' dir='ltr'>ficariis,</span> <span class='ocrx_word' id='word_1_168' title='bbox 621 1551 798 1589; x_wconf 87' lang='lat' dir='ltr'>inflatum</span> <span class='ocrx_word' id='word_1_169' title='bbox 819 1563 913 1589; x_wconf 90' lang='lat' dir='ltr'>cum</span> <span class='ocrx_word' id='word_1_170' title='bbox 934 1549 995 1602; x_wconf 88' lang='lat' dir='ltr'>spe</span> <span class='ocrx_word' id='word_1_171' title='bbox 1015 1549 1206 1594; x_wconf 90' lang='lat' dir='ltr'>militum,</span> <span class='ocrx_word' id='word_1_172' title='bbox 1238 1558 1324 1588; x_wconf 90' lang='lat' dir='ltr'>tum</span> <span class='ocrx_word' id='word_1_173' title='bbox 1344 1549 1501 1602; x_wconf 86' lang='lat' dir='ltr'>collegae</span> <span class='ocrx_word' id='word_1_174' title='bbox 1522 1550 1614 1595; x_wconf 90' lang='lat' dir='ltr'>mei,</span> <span class='ocrx_word' id='word_1_175' title='bbox 1641 1549 1828 1602; x_wconf 87' lang='lat' dir='ltr'>quemad-</span> 
     </span>
     <span class='ocr_line' id='line_1_22' title="bbox 438 1615 1830 1669; baseline -0.002 -12"><span class='ocrx_word' id='word_1_176' title='bbox 438 1619 601 1657; x_wconf 88' lang='lat' dir='ltr'>modum</span> <span class='ocrx_word' id='word_1_177' title='bbox 621 1618 773 1656; x_wconf 85' lang='lat' dir='ltr'>d-icebat</span> <span class='ocrx_word' id='word_1_178' title='bbox 792 1617 884 1669; x_wconf 86' lang='lat' dir='ltr'>ipse,</span> <span class='ocrx_word' id='word_1_179' title='bbox 916 1615 1120 1669; x_wconf 81' lang='lat' dir='ltr'>promiffis,</span> <span class='ocrx_word' id='word_1_180' title='bbox 1148 1615 1442 1654; x_wconf 88' lang='lat' dir='ltr'>circumfluente</span> <span class='ocrx_word' id='word_1_181' title='bbox 1461 1616 1690 1655; x_wconf 87' lang='lat' dir='ltr'>colonorum</span> <span class='ocrx_word' id='word_1_182' title='bbox 1711 1618 1830 1655; x_wconf 89' lang='lat' dir='ltr'>Arre—</span> 
     </span>
     <span class='ocr_line' id='line_1_23' title="bbox 439 1681 1831 1733; baseline -0.003 -10"><span class='ocrx_word' id='word_1_183' title='bbox 439 1685 612 1723; x_wconf 86' lang='lat' dir='ltr'>tinorum</span> <span class='ocrx_word' id='word_1_184' title='bbox 639 1692 676 1723; x_wconf 92' lang='lat' dir='ltr'>et</span> <span class='ocrx_word' id='word_1_185' title='bbox 706 1684 737 1723; x_wconf 85' lang='lat' dir='ltr'>F</span> <span class='ocrx_word' id='word_1_186' title='bbox 741 1683 984 1722; x_wconf 81' lang='lat' dir='ltr'>esulanorum</span> <span class='ocrx_word' id='word_1_187' title='bbox 1013 1681 1199 1720; x_wconf 85' lang='lat' dir='ltr'>exercitu.</span> <span class='ocrx_word' id='word_1_188' title='bbox 1232 1682 1364 1733; x_wconf 85' lang='lat' dir='ltr'>Qam</span> <span class='ocrx_word' id='word_1_189' title='bbox 1391 1681 1545 1720; x_wconf 87' lang='lat' dir='ltr'>turbam</span> <span class='ocrx_word' id='word_1_190' title='bbox 1573 1681 1831 1720; x_wconf 81' lang='lat' dir='ltr'>diffimillimo</span> 
     </span>
     <span class='ocr_line' id='line_1_24' title="bbox 439 1746 1829 1803; baseline -0.004 -14"><span class='ocrx_word' id='word_1_191' title='bbox 439 1764 486 1788; x_wconf 81' lang='lat' dir='ltr'>ex</span> <span class='ocrx_word' id='word_1_192' title='bbox 506 1763 643 1803; x_wconf 85' lang='lat' dir='ltr'>genere</span> <span class='ocrx_word' id='word_1_193' title='bbox 662 1748 946 1801; x_wconf 86' lang='lat' dir='ltr'>distinguebant</span> <span class='ocrx_word' id='word_1_194' title='bbox 966 1746 1159 1791; x_wconf 87' lang='lat' dir='ltr'>homines,</span> <span class='ocrx_word' id='word_1_195' title='bbox 1189 1746 1348 1798; x_wconf 78' lang='lat' dir='ltr'>percusti</span> <span class='ocrx_word' id='word_1_196' title='bbox 1377 1746 1518 1796; x_wconf 89' lang='lat' dir='ltr'>Syllani</span> <span class='ocrx_word' id='word_1_197' title='bbox 1549 1746 1733 1798; x_wconf 83' lang='lat' dir='ltr'>temporis</span> <span class='ocrx_word' id='word_1_198' title='bbox 1764 1760 1829 1784; x_wconf 90' lang='lat' dir='ltr'>ca-</span> 
     </span>
     <span class='ocr_line' id='line_1_25' title="bbox 441 1811 1830 1866; baseline -0.002 -12"><span class='ocrx_word' id='word_1_199' title='bbox 441 1818 626 1861; x_wconf 81' lang='lat' dir='ltr'>lamitate.</span> <span class='ocrx_word' id='word_1_200' title='bbox 656 1815 800 1853; x_wconf 88' lang='lat' dir='ltr'>Vultus</span> <span class='ocrx_word' id='word_1_201' title='bbox 821 1823 899 1852; x_wconf 85' lang='lat' dir='ltr'>erat</span> <span class='ocrx_word' id='word_1_202' title='bbox 920 1814 1033 1866; x_wconf 88' lang='lat' dir='ltr'>ipfius</span> <span class='ocrx_word' id='word_1_203' title='bbox 1054 1813 1190 1866; x_wconf 86' lang='lat' dir='ltr'>plenus</span> <span class='ocrx_word' id='word_1_204' title='bbox 1211 1811 1364 1856; x_wconf 81' lang='lat' dir='ltr'>furoris,</span> <span class='ocrx_word' id='word_1_205' title='bbox 1390 1812 1493 1850; x_wconf 88' lang='lat' dir='ltr'>oculi</span> <span class='ocrx_word' id='word_1_206' title='bbox 1514 1811 1676 1857; x_wconf 84' lang='lat' dir='ltr'>sceleris,</span> <span class='ocrx_word' id='word_1_207' title='bbox 1707 1812 1830 1851; x_wconf 89' lang='lat' dir='ltr'>sermo</span> 
     </span>
     <span class='ocr_line' id='line_1_26' title="bbox 441 1878 1828 1934; baseline -0.002 -14"><span class='ocrx_word' id='word_1_208' title='bbox 441 1881 661 1934; x_wconf 82' lang='lat' dir='ltr'>arrogantiae</span> <span class='ocrx_word' id='word_1_209' title='bbox 679 1895 688 1918; x_wconf 90' lang='lat'><strong>:</strong></span> <span class='ocrx_word' id='word_1_210' title='bbox 720 1880 785 1924; x_wconf 87' lang='lat' dir='ltr'>fic,</span> <span class='ocrx_word' id='word_1_211' title='bbox 816 1889 858 1918; x_wconf 90' lang='lat' dir='ltr'>ut</span> <span class='ocrx_word' id='word_1_212' title='bbox 879 1880 913 1917; x_wconf 90' lang='lat' dir='ltr'>ei</span> <span class='ocrx_word' id='word_1_213' title='bbox 928 1881 1010 1932; x_wconf 77' lang='lat' dir='ltr'>jam</span> <span class='ocrx_word' id='word_1_214' title='bbox 1031 1878 1264 1931; x_wconf 78' lang='lat' dir='ltr'>exploratuS,</span> <span class='ocrx_word' id='word_1_215' title='bbox 1289 1887 1327 1916; x_wconf 90' lang='lat' dir='ltr'>et</span> <span class='ocrx_word' id='word_1_216' title='bbox 1347 1878 1455 1915; x_wconf 90' lang='lat' dir='ltr'>domi</span> <span class='ocrx_word' id='word_1_217' title='bbox 1475 1878 1667 1922; x_wconf 84' lang='lat' dir='ltr'>conditus,</span> <span class='ocrx_word' id='word_1_218' title='bbox 1690 1878 1828 1917; x_wconf 85' lang='lat' dir='ltr'>consu-</span> 
     </span>
     <span class='ocr_line' id='line_1_27' title="bbox 441 1943 1830 1996; baseline -0.001 -11"><span class='ocrx_word' id='word_1_219' title='bbox 441 1948 539 1986; x_wconf 80' lang='lat' dir='ltr'>latus</span> <span class='ocrx_word' id='word_1_220' title='bbox 571 1946 774 1985; x_wconf 85' lang='lat' dir='ltr'>videretur.</span> <span class='ocrx_word' id='word_1_221' title='bbox 811 1946 1020 1983; x_wconf 88' lang='lat' dir='ltr'>Murenam</span> <span class='ocrx_word' id='word_1_222' title='bbox 1051 1944 1351 1982; x_wconf 85' lang='lat' dir='ltr'>contemnebat:</span> <span class='ocrx_word' id='word_1_223' title='bbox 1385 1943 1602 1996; x_wconf 86' lang='lat' dir='ltr'>Sulpicium</span> <span class='ocrx_word' id='word_1_224' title='bbox 1634 1943 1830 1983; x_wconf 85' lang='lat' dir='ltr'>accusato-</span> 
     </span>
     <span class='ocr_line' id='line_1_28' title="bbox 440 2010 1828 2063; baseline -0.002 -11"><span class='ocrx_word' id='word_1_225' title='bbox 440 2028 521 2052; x_wconf 85' lang='lat' dir='ltr'>rem</span> <span class='ocrx_word' id='word_1_226' title='bbox 543 2013 654 2051; x_wconf 87' lang='lat' dir='ltr'>suum</span> <span class='ocrx_word' id='word_1_227' title='bbox 675 2012 915 2057; x_wconf 89' lang='lat' dir='ltr'>numerabat,</span> <span class='ocrx_word' id='word_1_228' title='bbox 945 2024 1023 2049; x_wconf 91' lang='lat' dir='ltr'>non</span> <span class='ocrx_word' id='word_1_229' title='bbox 1044 2011 1338 2063; x_wconf 86' lang='lat' dir='ltr'>competitorem</span> <span class='ocrx_word' id='word_1_230' title='bbox 1356 2025 1364 2048; x_wconf 88' lang='lat'>:</span> <span class='ocrx_word' id='word_1_231' title='bbox 1396 2010 1430 2047; x_wconf 91' lang='lat' dir='ltr'>ei</span> <span class='ocrx_word' id='word_1_232' title='bbox 1453 2010 1531 2048; x_wconf 88' lang='lat' dir='ltr'>vim</span> <span class='ocrx_word' id='word_1_233' title='bbox 1553 2010 1828 2049; x_wconf 87' lang='lat' dir='ltr'>denuntiabat:</span> 
     </span>
     <span class='ocr_line' id='line_1_29' title="bbox 440 2079 914 2133; baseline -0.004 -15"><span class='ocrx_word' id='word_1_234' title='bbox 440 2079 661 2133; x_wconf 84' lang='lat' dir='ltr'>reipublicae</span> <span class='ocrx_word' id='word_1_235' title='bbox 681 2079 914 2117; x_wconf 86' lang='lat' dir='ltr'>minabatur.</span> 
     </span>
    </p>

    <p class='ocr_par' dir='ltr' id='par_1_4' title="bbox 442 2143 1831 2527">
     <span class='ocr_line' id='line_1_30' title="bbox 496 2143 1827 2196; baseline -0.002 -13"><span class='ocrx_word' id='word_1_236' title='bbox 496 2145 628 2184; x_wconf 86' lang='lat' dir='ltr'>XXV.</span> <span class='ocrx_word' id='word_1_237' title='bbox 662 2145 818 2196; x_wconf 84' lang='lat' dir='ltr'>Qibus</span> <span class='ocrx_word' id='word_1_238' title='bbox 851 2145 961 2182; x_wconf 86' lang='lat' dir='ltr'>rebus</span> <span class='ocrx_word' id='word_1_239' title='bbox 994 2144 1062 2196; x_wconf 90' lang='lat' dir='ltr'>qui</span> <span class='ocrx_word' id='word_1_240' title='bbox 1094 2144 1211 2182; x_wconf 88' lang='lat' dir='ltr'>timor</span> <span class='ocrx_word' id='word_1_241' title='bbox 1237 2144 1347 2182; x_wconf 84' lang='lat' dir='ltr'>bonis</span> <span class='ocrx_word' id='word_1_242' title='bbox 1374 2143 1554 2182; x_wconf 87' lang='lat' dir='ltr'>omnibus</span> <span class='ocrx_word' id='word_1_243' title='bbox 1581 2143 1742 2196; x_wconf 59' lang='lat' dir='ltr'>injectus</span> <span class='ocrx_word' id='word_1_244' title='bbox 1768 2144 1827 2189; x_wconf 84' lang='lat' dir='ltr'>fit,</span> 
     </span>
     <span class='ocr_line' id='line_1_31' title="bbox 442 2209 1830 2263; baseline -0.001 -14"><span class='ocrx_word' id='word_1_245' title='bbox 442 2220 662 2263; x_wconf 86' lang='lat' dir='ltr'>quantaque</span> <span class='ocrx_word' id='word_1_246' title='bbox 682 2211 889 2263; x_wconf 80' lang='lat' dir='ltr'>desperatio</span> <span class='ocrx_word' id='word_1_247' title='bbox 909 2209 1142 2262; x_wconf 82' lang='lat' dir='ltr'>reipublicae,</span> <span class='ocrx_word' id='word_1_248' title='bbox 1174 2210 1199 2247; x_wconf 87' lang='lat' dir='ltr'>fi</span> <span class='ocrx_word' id='word_1_249' title='bbox 1220 2210 1285 2247; x_wconf 90' lang='lat' dir='ltr'>ille</span> <span class='ocrx_word' id='word_1_250' title='bbox 1305 2209 1425 2247; x_wconf 66' lang='lat' dir='ltr'>factus</span> <span class='ocrx_word' id='word_1_251' title='bbox 1446 2209 1547 2254; x_wconf 81' lang='lat' dir='ltr'>effet,</span> <span class='ocrx_word' id='word_1_252' title='bbox 1578 2210 1698 2248; x_wconf 78' lang='lat' dir='ltr'>nolite</span> <span class='ocrx_word' id='word_1_253' title='bbox 1723 2223 1744 2247; x_wconf 90' lang='lat' dir='ltr'>a</span> <span class='ocrx_word' id='word_1_254' title='bbox 1767 2223 1830 2248; x_wconf 85' lang='lat' dir='ltr'>me</span> 
     </span>
     <span class='ocr_line' id='line_1_32' title="bbox 444 2275 1831 2327; baseline -0.001 -13"><span class='ocrx_word' id='word_1_255' title='bbox 444 2277 684 2315; x_wconf 74' lang='lat' dir='ltr'>commoneri</span> <span class='ocrx_word' id='word_1_256' title='bbox 713 2276 837 2314; x_wconf 83' lang='lat' dir='ltr'>velle:</span> <span class='ocrx_word' id='word_1_257' title='bbox 873 2275 1129 2327; x_wconf 86' lang='lat' dir='ltr'>vobismetipfi</span> <span class='ocrx_word' id='word_1_258' title='bbox 1152 2275 1349 2313; x_wconf 88' lang='lat' dir='ltr'>vobiscum</span> <span class='ocrx_word' id='word_1_259' title='bbox 1376 2275 1645 2314; x_wconf 85' lang='lat' dir='ltr'>recordamini.</span> <span class='ocrx_word' id='word_1_260' title='bbox 1678 2276 1831 2314; x_wconf 88' lang='lat' dir='ltr'>Memi-</span> 
     </span>
     <span class='ocr_line' id='line_1_33' title="bbox 444 2341 1829 2394; baseline -0.001 -14"><span class='ocrx_word' id='word_1_261' title='bbox 444 2344 549 2382; x_wconf 83' lang='lat' dir='ltr'>nistis</span> <span class='ocrx_word' id='word_1_262' title='bbox 577 2344 697 2387; x_wconf 88' lang='lat' dir='ltr'>enim,</span> <span class='ocrx_word' id='word_1_263' title='bbox 729 2356 820 2380; x_wconf 89' lang='lat' dir='ltr'>cum</span> <span class='ocrx_word' id='word_1_264' title='bbox 847 2343 951 2380; x_wconf 89' lang='lat' dir='ltr'>illius</span> <span class='ocrx_word' id='word_1_265' title='bbox 978 2341 1111 2379; x_wconf 79' lang='lat' dir='ltr'>nefarii</span> <span class='ocrx_word' id='word_1_266' title='bbox 1132 2341 1349 2394; x_wconf 83' lang='lat' dir='ltr'>gladiatoris</span> <span class='ocrx_word' id='word_1_267' title='bbox 1368 2355 1475 2380; x_wconf 85' lang='lat' dir='ltr'>voces</span> <span class='ocrx_word' id='word_1_268' title='bbox 1504 2341 1829 2394; x_wconf 84' lang='lat' dir='ltr'>percrebruissent,</span> 
     </span>
     <span class='ocr_line' id='line_1_34' title="bbox 442 2407 1828 2460; baseline -0.001 -14"><span class='ocrx_word' id='word_1_269' title='bbox 442 2423 532 2460; x_wconf 72' lang='lat' dir='ltr'>quas</span> <span class='ocrx_word' id='word_1_270' title='bbox 554 2409 722 2447; x_wconf 81' lang='lat' dir='ltr'>habuiffe</span> <span class='ocrx_word' id='word_1_271' title='bbox 743 2409 782 2446; x_wconf 91' lang='lat' dir='ltr'>in</span> <span class='ocrx_word' id='word_1_272' title='bbox 802 2409 988 2446; x_wconf 87' lang='lat' dir='ltr'>concione</span> <span class='ocrx_word' id='word_1_273' title='bbox 1015 2408 1221 2446; x_wconf 86' lang='lat' dir='ltr'>domestica</span> <span class='ocrx_word' id='word_1_274' title='bbox 1247 2408 1458 2452; x_wconf 82' lang='lat' dir='ltr'>dicebatur,</span> <span class='ocrx_word' id='word_1_275' title='bbox 1490 2421 1581 2446; x_wconf 87' lang='lat' dir='ltr'>cum</span> <span class='ocrx_word' id='word_1_276' title='bbox 1603 2407 1828 2446; x_wconf 88' lang='lat' dir='ltr'>miserorum</span> 
     </span>
     <span class='ocr_line' id='line_1_35' title="bbox 444 2471 1830 2527; baseline -0.002 -15"><span class='ocrx_word' id='word_1_277' title='bbox 444 2475 594 2513; x_wconf 74' lang='lat' dir='ltr'>fidelem</span> <span class='ocrx_word' id='word_1_278' title='bbox 626 2473 862 2513; x_wconf 83' lang='lat' dir='ltr'>defensorem</span> <span class='ocrx_word' id='word_1_279' title='bbox 894 2473 1057 2527; x_wconf 81' lang='lat' dir='ltr'>negasset</span> <span class='ocrx_word' id='word_1_280' title='bbox 1088 2474 1251 2513; x_wconf 83' lang='lat' dir='ltr'>inveniri</span> <span class='ocrx_word' id='word_1_281' title='bbox 1281 2473 1396 2527; x_wconf 85' lang='lat' dir='ltr'>poffe,</span> <span class='ocrx_word' id='word_1_282' title='bbox 1428 2474 1496 2512; x_wconf 86' lang='lat' dir='ltr'>nifi</span> <span class='ocrx_word' id='word_1_283' title='bbox 1523 2487 1627 2519; x_wconf 86' lang='lat' dir='ltr'>eum,</span> <span class='ocrx_word' id='word_1_284' title='bbox 1658 2473 1725 2526; x_wconf 89' lang='lat' dir='ltr'>qui</span> <span class='ocrx_word' id='word_1_285' title='bbox 1751 2471 1830 2525; x_wconf 81' lang='lat' dir='ltr'>ipse</span> 
     </span>
    </p>
   </div>
  </div>
 </body>
</html>
