2212 2835
333 188 384 226 42
830 173 1233 213 ORATIO

333 287 410 325 qua
429 272 536 311 causa
554 270 703 325 patroni
733 284 849 309 omne
877 270 1097 323 periculum
1128 268 1411 309 continebatur.
1443 271 1543 324 Ego,
1561 272 1630 325 qui
1651 285 1719 311 ne-

334 353 408 391 que
428 339 504 376 illis
526 338 665 375 talibus
687 336 790 381 viris,
821 350 863 374 ac
885 345 962 374 tam
984 337 1201 375 amantibus
1223 337 1313 382 mei,
1336 350 1416 375 rem
1433 336 1577 390 poffem
1599 338 1718 376 ullam

335 419 493 457 negare3
526 417 650 456 neque
671 404 769 441 illud
790 404 937 441 crimen
960 412 1110 441 tantum
1131 417 1173 441 ac
1195 412 1274 441 tam
1296 402 1541 442 manifestum
1566 403 1637 442 effe
1657 417 1718 442 ar-

334 471 504 515 bitrarer,
527 471 622 508 ficut
644 484 689 507 ne
721 469 778 506 illi
800 469 957 521 quidem
978 469 1060 522 ipfi,
1094 469 1161 521 qui
1181 468 1281 507 mihi
1312 478 1399 507 tum
1429 469 1538 508 illam
1568 469 1719 508 causam

332 536 671 579 commendabant,
707 535 998 580 arbitrabantur,
1029 534 1227 587 pollicitus
1258 535 1304 573 iis
1339 534 1438 581 sum,
1471 548 1534 574 me
1567 535 1718 580 omnia,

332 616 418 654 quae
437 602 592 645 vellent,
615 600 685 638 efl'e
706 599 910 639 facturum.

387 669 544 707 XVIII.
576 669 654 705 Res
675 667 734 719 agi
754 676 879 719 coepta
898 667 977 724 est}
1010 666 1148 706 citatus
1179 667 1232 705 est
1263 668 1491 706 Scamander
1512 680 1619 706 reus:
1652 680 1716 705 ἃς·

332 736 484 775 cusabat
506 737 549 773 P.
574 733 776 778 Canutius,
812 733 934 772 homo
953 734 993 772 in
1014 734 1149 786 primis
1170 734 1400 787 ingeniosus,
1435 743 1474 772 et
1493 734 1533 772 in
1554 733 1717 772 dicendo

331 804 557 842 exercitatus
577 816 585 839 :
618 799 814 838 accusabat
844 808 972 838 autem
1006 799 1072 837 ille
1091 800 1250 852 quidem
1285 800 1560 838 Scamandrum
1593 800 1717 838 verbis

331 871 470 914 tribus,
494 870 669 907 Venenum
688 865 747 920 qffi’
775 865 1032 918 deprehenfitm.
1065 866 1213 904 Omnia
1231 866 1305 904 tela
1325 867 1443 904 totius
1471 866 1718 917 accusationis

331 937 372 975 in
404 934 669 988 Oppianicum
700 931 1030 984 conjiciebantur:
1062 931 1299 984 aperiebatur
1328 932 1437 969 causa
1467 932 1717 970 infidiarum:

331 1002 600 1040 Fabriciorum
630 997 867 1036 familiaritas
899 996 1301 1034 commemorabatur:
1345 995 1516 1034 hominis
1549 997 1650 1042 vita,
1681 1006 1731 1036 et·

330 1067 497 1111 audacia,
520 1063 807 1118 proferebatur:
840 1062 1006 1114 denique
1025 1063 1153 1100 omnis
1180 1062 1380 1107 accusatio,
1414 1063 1512 1100 varie
1532 1064 1718 1116 graviter-

331 1144 406 1187 que
426 1134 594 1176 tractata,
614 1130 661 1168 ad
680 1138 899 1167 extremum
928 1126 1126 1166 manifesta
1151 1128 1286 1166 veneni
1307 1127 1601 1180 deprehensione
1622 1143 1718 1168 corr-

329 1200 431 1238 clusa
450 1199 515 1237 est.
548 1197 629 1236 Hic
649 1209 720 1248 ego
740 1208 830 1233 cum
852 1194 898 1232 ad
919 1194 1223 1247 respondendum
1244 1194 1399 1239 surrexi,
1427 1208 1504 1246 qua
1523 1208 1624 1240 cura,
1648 1197 1719 1234 Dii

331 1264 568 1304 immortales
592 1262 600 1300 l
643 1275 718 1316 qua
749 1260 1007 1299 sollicitudine
1040 1261 1160 1298 animi
1183 1289 1194 1306 ‚
1231 1273 1309 1313 quo
1345 1260 1485 1299 timore
1507 1260 1515 1297 !
1559 1262 1718 1315 Semper

329 1331 510 1385 equidem
531 1341 673 1381 magno
693 1341 785 1366 cum
805 1335 912 1365 metu
932 1326 1078 1379 incipio
1098 1327 1237 1365 dicere.
1275 1326 1593 1379 Qotiescunque
1614 1328 1716 1374 dico,

330 1398 443 1437 toties
474 1394 574 1434 mihi
605 1394 735 1433 videor
765 1393 805 1431 in
829 1392 1025 1445 judicium
1046 1393 1174 1431 venire
1200 1406 1277 1430 non
1309 1393 1453 1445 ingenii
1480 1393 1620 1439 solum,
1656 1394 1717 1432 sed

329 1464 446 1503 etiam
467 1461 633 1506 virtutis,
651 1469 764 1512 atque
785 1459 929 1497 officii:
954 1472 1000 1496 ne
1020 1467 1084 1496 aut
1104 1458 1141 1496 id
1163 1458 1332 1511 profiteri
1352 1459 1491 1504 videar,
1514 1460 1618 1512 quod
1640 1474 1718 1498 non

330 1530 467 1584 poffim
488 1528 663 1580 implere,
685 1525 788 1578 quod
810 1524 862 1562 est
881 1524 1158 1577 impudentiae5
1187 1533 1252 1562 aut
1271 1524 1311 1562 id
1332 1538 1408 1563 non
1428 1525 1590 1571 efficere,
1613 1526 1719 1579 quod

329 1597 480 1650 poffim,
497 1593 601 1647 quod
622 1593 674 1630 est
694 1600 758 1629 aut
778 1590 958 1644 perfidiae,
974 1599 1039 1628 aut
1055 1591 1312 1644 negligentiae.
1333 1592 1443 1629 Tum
1461 1604 1549 1629 vero
1565 1592 1617 1630 ita
1632 1592 1718 1631 sum

330 1661 586 1715 perturbatu8‚
621 1666 662 1695 ut
681 1657 813 1695 omnia
833 1656 1040 1700 timerem3
1073 1656 1098 1693 fi
1130 1655 1229 1694 nihil
1250 1655 1439 1701 dixissem,
1473 1669 1519 1699 ne
1538 1655 1716 1695 infantis-

329 1730 460 1773 fimus,
483 1728 507 1765 fi
529 1725 653 1764 multa
672 1725 711 1762 in
731 1722 919 1775 ejusmodi
938 1721 1046 1760 causa
1066 1721 1253 1766 dixissem,
1276 1735 1323 1759 ne
1347 1722 1715 1775 impudentissimus,

328 1795 573 1833 existimarer.

376 1863 487 1901 XIX.
512 1858 664 1911 Collegi
682 1871 743 1896 me
759 1857 978 1910 aliquandO,
999 1865 1036 1894 et
1056 1857 1108 1894 ita
1127 1856 1321 1901 constitui,
1339 1855 1491 1895 fortiter
1509 1856 1579 1895 effe
1597 1871 1715 1910 agen-

329 1929 448 1972 dum;
473 1926 529 1964 illi
551 1925 664 1969 aetati,
687 1937 761 1976 qua
781 1933 866 1962 tum
888 1937 1005 1968 eram,
1027 1922 1140 1960 solere
1160 1923 1264 1960 laudi
1285 1922 1377 1967 dari,
1397 1923 1511 1961 etiam
1533 1923 1559 1961 fi
1580 1924 1619 1961 in
1637 1924 1716 1962 mi-

330 2008 400 2033 nus
422 1993 540 2031 firmis
562 1991 677 2029 causls
699 1990 906 2028 hominum
927 1989 1104 2043 periculis
1126 2003 1202 2027 non
1220 1989 1432 2028 defuiffem.
1458 1991 1590 2042 Itaque
1610 1989 1685 2029 feci
1703 2005 1714 2030 :

329 2062 378 2099 fic
400 2059 579 2112 pugnavi,
612 2057 661 2095 sic
692 2056 801 2094 omni
831 2057 975 2094 ratione
1006 2055 1202 2100 contendi,
1239 2055 1288 2093 fic
1314 2055 1359 2093 ad
1390 2055 1520 2093 omnia
1540 2056 1715 2109 confugi,

331 2136 519 2179 quantum
541 2138 612 2177 ego
642 2122 782 2175 assequi
813 2122 936 2175 potui,
970 2121 1135 2159 remedia
1155 2134 1197 2159 ac
1227 2120 1400 2174 perfugia
1430 2122 1640 2168 causarum,
1672 2132 1716 2161 ut

329 2193 419 2237 hoc,
437 2191 540 2244 quod
558 2189 693 2227 timide
714 2188 854 2233 dicam,
872 2187 1097 2226 consecutus
1114 2187 1196 2231 fim,
1216 2201 1263 2224 ne
1277 2187 1362 2240 quis
1379 2187 1437 2225 illi
1453 2188 1569 2226 causae
1585 2197 1715 2240 patro-

332 2272 426 2296 num
448 2256 603 2294 defuiffe
623 2255 880 2293 arbitraretur.
904 2254 988 2298 Sed,
1012 2262 1054 2291 ut
1075 2253 1266 2305 quidquid
1287 2267 1359 2305 ego
1379 2252 1714 2306 apprehenderam,

330 2324 456 2362 statim
487 2322 677 2360 accusator
707 2321 957 2372 extorquebat
986 2333 1006 2357 e
1027 2319 1218 2357 manibus.
1251 2319 1288 2357 Si
1309 2320 1541 2371 quaefieram,
1571 2333 1617 2358 an
1636 2320 1713 2357 ini-

332 2390 488 2428 micitiae
520 2388 748 2428 Scamandro
779 2401 871 2425 cum
906 2386 1049 2431 Avito,
1082 2384 1284 2431 fatebatur,
1320 2386 1444 2424 nullas
1478 2385 1587 2424 fuiffe
1606 2400 1614 2422 :
1652 2385 1714 2423 sed

330 2456 621 2510 Oppianicum,
653 2456 764 2509 cujus
796 2453 861 2492 ille
888 2452 1059 2492 minister
1089 2451 1243 2500 fuiffet,
1277 2451 1370 2492 huic
1404 2451 1713 2491 inimiciffimum
