2212 2835
683 180 817 219 PRO
876 182 927 220 A.
988 178 1398 219 CLUENTIO.
1696 179 1745 233 87

351 286 422 319 res,
448 282 603 327 propter
622 274 841 312 multorum
870 273 1059 327 ejusmodi
1090 282 1274 318 mortem,
1307 272 1392 311 satis
1425 272 1578 312 firmam
1609 275 1748 313 veneni

351 340 606 393 suspicionem
637 354 715 378 non
735 339 918 379 haberet:
952 340 977 378 fi
1009 339 1098 377 effet
1128 339 1394 392 suspiciosum,
1417 348 1547 378 tamen
1578 341 1623 378 ad
1654 341 1748 380 alios

351 407 496 459 potius,
518 421 636 459 quam
656 406 703 444 ad
722 407 903 450 Avitum,
924 406 1146 458 pertineret.
1169 405 1318 442 Verum
1340 406 1379 443 in
1402 419 1447 443 eo
1466 406 1547 458 ipso
1567 405 1747 446 homines

351 472 680 525 impudentiffime
701 472 959 509 mentiuntur.
992 471 1037 510 Id
1058 479 1101 508 ut
1121 470 1361 523 intelligatiS,
1393 481 1431 509 et
1463 482 1630 511 mortem
1651 475 1747 526 ejus,

351 548 390 577 et
409 539 756 591 quemadmodum,
778 539 862 592 post
882 548 1066 583 mortem,
1094 537 1135 576 in
1157 538 1322 576 Avitum
1343 538 1388 577 fit
1407 539 1556 578 crimen
1576 553 1597 577 a
1626 550 1747 580 matre

350 605 566 657 quaefitum‚
587 605 821 658 cognoscite.

407 673 513 711 Cum
534 686 650 726 vagus
669 681 707 711 et
727 673 817 711 exul
837 682 989 718 erraret,
1020 682 1134 726 atque
1163 673 1336 726 undique
1356 674 1532 712 exclusus
1555 675 1749 728 Oppiani-

350 752 418 777 cus
438 739 480 778 in
501 736 711 778 Falernum
731 740 767 777 se
797 739 844 778 ad
865 740 914 778 C.
937 740 1183 791 Qintilium
1215 740 1433 779 contuliffet
1448 759 1461 786 ς
1493 741 1549 779 ibi
1571 742 1749 794 primum

350 804 392 842 in
412 806 597 845 morbum
618 806 770 852 incidit,
801 820 844 845 ac
864 806 950 844 satis
969 805 1218 845 vehementer
1238 807 1383 860 diuque
1403 808 1613 860 aegrotavit.
1643 810 1751 847 Cum

350 871 440 910 effet
459 887 534 911 una
554 873 678 917 Saffia,
710 882 748 911 et
769 874 888 911 Statio
908 873 1029 912 Albio
1049 873 1232 925 quodam,
1261 873 1415 919 colono,
1437 873 1598 912 homine
1619 874 1750 913 valen-

355 946 406 983 te,
437 940 506 990 qui
526 939 639 977 simul
661 939 731 977 effe
751 939 906 984 solebat,
939 938 1167 977 familiarius
1199 949 1384 985 uteretur,
1416 954 1535 992 quam
1556 941 1613 979 vir
1633 941 1750 979 diffo-

354 1004 576 1050 lutiffimus,
598 1005 790 1043 incolumi
809 1004 978 1050 fortuna,
1000 1005 1079 1058 pati
1099 1005 1232 1058 poffet,
1254 1015 1292 1043 et
1306 1007 1370 1057 jus
1392 1007 1490 1044 illud
1512 1008 1752 1046 matrimonii

354 1071 501 1109 castum
520 1082 635 1124 atque
654 1071 877 1124 legitimum
900 1072 1147 1110 damnatione
1173 1072 1243 1110 viri
1264 1072 1457 1110 sublatum
1479 1074 1748 1119 arbitr-aretum

354 1136 596 1176 Nicostratus
627 1137 800 1189 quidam,
831 1137 955 1175 fidelis
991 1138 1201 1190 Oppianici
1230 1137 1412 1182 servulus,
1445 1139 1682 1190 percuriosus
1714 1150 1752 1178 et

354 1204 519 1242 minime
538 1203 718 1248 mendax,
756 1203 880 1241 multa
911 1203 1054 1242 dicitur
1074 1204 1291 1241 renuntiare
1312 1203 1473 1242 domino
1503 1205 1635 1244 solitus
1664 1206 1747 1244 effe.

355 1270 504 1308 Interea
525 1270 768 1322 Oppianicus
800 1284 891 1308 cum
918 1271 1000 1322 jam
1033 1270 1326 1315 convalesceret,
1358 1284 1484 1323 neque
1514 1272 1554 1310 in
1588 1273 1752 1311 Falerno

355 1337 648 1389 improbitatem
669 1337 797 1375 coloni
817 1337 962 1375 diutius
993 1335 1090 1375 ferre
1108 1337 1242 1390 poffet,
1276 1346 1314 1375 et
1333 1336 1412 1376 huc
1432 1338 1479 1376 ad
1501 1339 1638 1377 urbem
1659 1353 1750 1392 pro-

353 1402 475 1442 fectus
496 1403 596 1449 esset,
617 1403 779 1455 (solebat
799 1404 904 1442 enirn
925 1413 1031 1442 extra
1051 1413 1203 1456 portam
1225 1404 1373 1456 aliquid
1389 1403 1529 1443 habere
1549 1406 1749 1458 conducti)

353 1469 528 1508 cecidisse
548 1483 594 1508 ex
619 1483 721 1522 equo
741 1470 895 1515 dicitur,
935 1479 973 1508 et
992 1469 1115 1508 homo
1136 1469 1291 1508 infirma
1311 1470 1528 1509 valetudine
1559 1472 1657 1510 latus
1688 1472 1751 1510 of-

354 1535 513 1575 fendisse
532 1535 794 1582 vehementer,
827 1546 878 1581 et,
911 1536 1158 1589 posteaquam
1179 1537 1225 1574 ad
1244 1536 1381 1574 urbem
1401 1551 1494 1575 cum
1516 1537 1615 1576 febri
1636 1552 1751 1577 vene-

356 1603 419 1646 rit,
443 1603 572 1655 paucis
594 1603 727 1640 diebus
749 1602 820 1640 effe
841 1611 1031 1641 mortuus.
1065 1602 1208 1640 Mortis
1227 1602 1337 1647 ratio,
1367 1603 1540 1653 Judices‚
1563 1604 1752 1656 ejusmodi

356 1669 422 1714 est,
445 1678 487 1707 ut
507 1678 572 1707 aut
603 1667 703 1707 nihil
722 1667 861 1707 habeat
881 1668 1119 1722 suspicionis,
1150 1677 1229 1714 aut,
1252 1668 1278 1707 fi
1299 1669 1394 1722 quid
1424 1669 1554 1716 habet,
1587 1671 1626 1708 id
1653 1672 1753 1710 intra

355 1735 515 1788 parietes
535 1736 575 1773 in
597 1735 807 1773 domestico
828 1735 964 1774 scelere
984 1736 1163 1775 versetur.

416 1802 568 1840 LXIII.
601 1800 690 1840 Post
709 1810 877 1840 mortem
902 1803 983 1854 ejus
1011 1802 1121 1841 Saffia
1139 1802 1267 1841 statim
1298 1803 1429 1841 moliri
1449 1802 1591 1841 nefaria
1611 1803 1757 1842 mulier

354 1869 474 1922 coepit
494 1868 643 1907 infidias
665 1867 770 1906 filio:
804 1868 1053 1920 quaestionem
1074 1867 1212 1907 habere
1233 1869 1279 1907 de
1300 1870 1371 1907 viri
1391 1879 1516 1908 morte
1537 1870 1750 1908 constituit.

357 1936 468 1974 Emit
488 1922 534 1974 de
561 1938 609 1973 A.
634 1935 812 1988 Rupilio,
835 1949 913 1987 quo
933 1945 1011 1973 erat
1042 1935 1129 1973 usus
1152 1936 1396 1988 Oppianicus
1418 1937 1583 1981 medico,
1607 1938 1751 1975 Strato-

357 2016 449 2040 nem
469 2003 678 2055 quendam,
711 2001 815 2054 quafi
845 2011 885 2039 ut
906 2001 1010 2040 idem
1031 2000 1185 2047 faceret,
1220 2002 1326 2054 quod
1344 2002 1485 2040 Avitus
1518 2004 1556 2040 in
1588 2003 1753 2040 emendo

358 2068 535 2122 Diogene
555 2068 710 2106 fecerat,
743 2068 805 2105 De
837 2067 911 2106 hoc
933 2068 1120 2113 Stratone,
1153 2077 1191 2105 et
1222 2068 1269 2105 de
1300 2068 1431 2106 assecla
1457 2068 1624 2120 quodam
1648 2069 1755 2107 servo

358 2134 437 2179 suo,
458 2135 700 2187 quaefituram
721 2133 791 2172 effe
810 2134 928 2172 dixit.
959 2135 1142 2172 Praeterea
1162 2134 1310 2172 servum
1332 2134 1447 2173 illum
1470 2135 1750 2178 Nicostratum,

358 2214 477 2252 quem
498 2202 667 2239 nimium
689 2201 891 2253 loquacem
918 2199 1041 2245 fuiffe,
1064 2214 1106 2238 ac
1126 2201 1296 2239 nimium
1318 2201 1478 2240 domino
1499 2201 1668 2244 fidelem,
1691 2215 1751 2237 ar-

358 2266 583 2312 bitrabatur,
614 2267 661 2304 ab
682 2266 756 2305 hoc
777 2266 1015 2305 adolescente
1045 2267 1266 2319 Oppianico
1287 2267 1326 2304 in
1348 2267 1594 2319 quaestionem
1620 2266 1751 2318 postu-

359 2333 465 2371 lavit.
498 2333 579 2370 Hic
601 2346 692 2370 cum
712 2333 800 2371 effet
821 2333 889 2371 illo
910 2343 1084 2386 tempore
1111 2347 1219 2386 puer,
1250 2342 1287 2370 et
1307 2332 1373 2370 illa
1394 2333 1549 2384 qua:stio
1569 2332 1614 2368 de
1636 2332 1751 2382 patris

360 2400 417 2441 sui
438 2409 562 2437 morte
583 2398 764 2436 constitui
795 2399 1012 2444 diceretur;
1044 2400 1110 2438 etfi
1141 2399 1257 2437 illum
1278 2398 1441 2442 servum,
1473 2408 1509 2435 et
1531 2397 1597 2434 fibi
1632 2397 1751 2434 bene-

361 2466 495 2504 volum
516 2464 600 2510 effe,
635 2474 670 2502 et
693 2464 788 2518 patri
808 2463 929 2510 fuisse,
961 2465 1240 2511 arbitrabatur5
1272 2464 1371 2503 nihil
1408 2474 1534 2502 tamen
1565 2463 1616 2501 est
1643 2463 1751 2502 ausus
