2212 2835
755 101 895 139 PRO
955 102 1004 139 L.
1064 100 1401 139 MURENA.
1714 116 1788 155 233

398 197 590 249 ignoscere
611 213 619 235 z
653 198 850 236 neminem
873 198 1155 236 misericordem
1177 198 1262 244 effe,
1294 199 1361 237 nifi
1389 198 1549 237 stultum
1577 207 1614 237 et
1636 199 1758 237 levem
1779 213 1787 236 :

398 265 468 301 viri
492 277 566 301 non
588 264 671 309 effe,
703 278 827 316 neque
847 265 1009 309 exorari,
1041 278 1165 317 neque
1184 265 1321 317 placari
1340 280 1348 303 :
1381 265 1477 303 solos
1499 265 1681 319 sapientes
1702 264 1788 308 effe,

398 330 423 368 fi
446 330 694 368 distortiffimi
715 331 799 374 sint,
830 329 1017 368 formosos
1035 349 1046 375 ;
1079 331 1104 368 fi
1126 331 1412 376 mendiciffimi,
1434 332 1596 377 divites;
1629 332 1654 369 fi
1674 331 1788 370 servi·

399 405 523 434 tutem
560 396 732 440 serviant,
763 409 868 448 reges
888 411 896 433 ε
929 409 997 433 nos
1031 404 1175 440 autem,
1212 397 1280 448 qui
1315 397 1497 449 sapientes
1531 412 1609 436 non
1644 397 1789 441 suniuS,

397 461 602 514 fugitivos,
633 461 782 505 exules,
814 460 957 505 hostes,
988 461 1136 498 insanos
1158 462 1342 513 denique,
1374 462 1445 499 effe
1463 463 1626 502 dicunt:
1658 464 1789 501 omnia

395 536 550 581 peccata
582 527 653 565 effe
687 528 814 580 paria:
847 540 965 564 omne
996 526 1181 564 delictum
1213 526 1333 564 scelus
1365 527 1436 564 effe
1467 527 1685 567 nefarium:
1718 543 1788 567 nec

395 593 526 631 minus
547 593 768 645 delinquere
787 606 893 637 eum,
924 593 992 645 qui
1011 592 1158 646 gallum
1178 592 1450 645 gallinaceum,
1481 607 1574 632 cum
1594 607 1689 647 opus
1711 608 1787 632 non

395 657 537 705 fuerit,
568 673 686 712 quam
713 673 829 704 eum,
862 659 929 711 qui
949 668 1121 712 patrem,
1153 658 1418 698 suffocaverit:
1450 659 1660 713 sapientem
1688 659 1786 699 nihil

395 726 556 779 opinari,
587 726 732 764 nullius
754 726 806 764 rei
826 726 1027 780 poenitere,
1058 725 1165 764 nulla
1193 726 1233 764 in
1259 740 1298 764 re
1317 725 1415 772 falli,
1446 727 1674 766 sententiam
1695 740 1785 765 mu-

394 802 472 832 tare
492 807 707 848 nunquam.

449 861 582 898 XXX.
615 861 712 898 Haec
732 859 855 898 homo
876 859 1209 913 ingeniosissimus,
1239 860 1302 899 Μ.
1326 862 1437 906 Cato,
1460 861 1678 899 auetoribus
1698 874 1785 898 eru-

394 926 587 964 ditiffimis
608 927 801 971 induetus,
833 927 1017 979 arripuit;
1050 941 1174 979 neque
1193 927 1411 980 disputandi
1432 927 1553 973 causa,
1584 936 1627 966 ut
1648 940 1786 980 magna

393 1006 494 1046 pars,
517 993 578 1031 sed
599 995 650 1031 ita
669 993 835 1031 vivendi.
868 994 1011 1031 Petunt
1032 994 1178 1046 aliquid
1199 994 1398 1046 publicani
1418 995 1430 1032 ?
1463 1007 1551 1033 cave
1571 994 1786 1047 quidquam

393 1058 532 1097 habeat
552 1059 743 1097 momenti
763 1058 896 1112 gratia.
920 1059 1120 1111 Supplices
1141 1060 1262 1111 aliqui
1283 1059 1458 1105 veniunt,
1479 1059 1606 1097 miseri
1626 1069 1664 1098 et
1683 1060 1785 1097 cala-

392 1125 552 1163 mitofi?
584 1125 783 1163 sceleratus
804 1133 841 1161 et
862 1123 1028 1161 nefarius
1048 1123 1181 1169 fueris,
1212 1124 1238 1162 fi
1268 1126 1496 1178 quidquam,
1528 1125 1786 1164 misericordia

392 1191 591 1235 adductus,
622 1189 770 1228 feceris.
804 1191 962 1228 Fatetur
981 1190 1119 1242 aliquis
1141 1190 1175 1228 se
1195 1190 1375 1242 peccaffe,
1406 1200 1445 1228 et
1467 1192 1548 1243 ejus
1569 1192 1698 1229 deliCti
1719 1205 1784 1230 ve-

391 1257 496 1295 niam
527 1257 657 1310 petit?
690 1255 879 1294 nefarium
911 1256 964 1294 est
993 1255 1141 1294 facinus
1170 1256 1375 1309 ignoscere.
1409 1258 1463 1295 At
1489 1257 1570 1295 leve
1598 1257 1785 1295 delictum

390 1323 469 1361 est?
500 1324 632 1362 omnia
650 1333 804 1376 peccata
826 1322 912 1361 sunt
932 1323 1046 1375 paria.
1079 1322 1223 1361 Dixisti
1243 1324 1444 1376 quippiam
1464 1323 1477 1360 ?
1509 1322 1634 1361 fixum
1654 1332 1691 1362 et
1711 1323 1784 1362 sta-

391 1398 523 1428 tutum
545 1389 609 1429 est.
643 1389 737 1430 Non
766 1403 804 1427 re
832 1389 968 1427 duetus
995 1402 1048 1434 es,
1080 1388 1143 1426 sed
1163 1388 1377 1442 opinione?
1409 1389 1554 1442 sapiens
1576 1388 1676 1427 nihil
1696 1389 1783 1442 opi-

391 1466 516 1496 natur.
549 1456 690 1494 Errasti
711 1457 838 1508 aliqua
863 1456 903 1493 in
932 1469 969 1493 re
988 1456 1000 1492 ?
1034 1455 1134 1493 male
1157 1455 1235 1493 dici
1256 1464 1378 1508 putat.
1410 1457 1498 1494 Hac
1519 1470 1566 1495 ex
1586 1456 1785 1509 disciplina

391 1522 503 1560 nobis
524 1522 589 1559 illa
610 1523 710 1560 sunt.
743 1522 839 1559 Dixi
860 1522 899 1558 in
927 1521 1068 1565 senatu,
1099 1534 1163 1558 me
1189 1534 1332 1559 nomen
1358 1521 1564 1560 consularis
1592 1522 1784 1561 candidati

391 1588 621 1625 delaturum.
641 1589 761 1626 Iratus
783 1586 923 1625 dixisti.
944 1587 1176 1638 Nunquam,
1194 1587 1336 1638 inquit,
1359 1587 1503 1640 sapiens
1523 1588 1708 1628 irascitur.
1732 1590 1783 1628 At

392 1652 577 1705 temporis
599 1652 719 1690 causa.
744 1652 933 1705 Improbi,
956 1653 1099 1704 inquit,
1121 1650 1293 1690 hominis
1314 1652 1379 1698 est,
1402 1654 1605 1692 mendacio
1624 1653 1779 1692 fallere:

391 1728 539 1756 mutare
558 1718 798 1762 sententiam,
818 1728 927 1771 turpe
945 1718 1015 1756 est:
1033 1718 1193 1763 exorari,
1212 1717 1350 1757 scelus:
1373 1719 1552 1765 misereri,
1574 1720 1779 1773 flagitium.

445 1784 577 1823 Nostri
599 1793 728 1822 autem
749 1784 808 1821 illi
831 1783 997 1835 (fatebor
1015 1784 1135 1829 enim,
1169 1786 1281 1830 Cato,
1312 1799 1375 1822 me
1400 1799 1555 1838 quoque
1575 1786 1615 1823 in
1635 1785 1781 1824 adoles-

390 1852 527 1896 centia,
558 1850 726 1889 diffisum
747 1851 903 1904 ingenio
923 1864 1024 1897 meo,
1049 1851 1213 1903 quaefiffe
1232 1852 1453 1903 adjumenta
1473 1852 1670 1904 doCtrinae)
1693 1852 1780 1890 nos-

391 1918 453 1962 tri,
486 1917 659 1969 inquam,
691 1916 748 1955 illi
775 1930 794 1954 a
821 1917 994 1962 Platone,
1025 1926 1063 1955 et
1089 1917 1307 1962 Aristotele,
1339 1918 1524 1956 moderati
1544 1917 1722 1957 homines
1743 1927 1781 1957 et

391 1983 604 2036 temperati,
635 1983 755 2029 aiunt,
786 1983 886 2036 apud
907 1983 1117 2036 sapientem
1137 1984 1258 2022 valere
1277 1983 1483 2036 aliquando
1502 1985 1687 2037 gratiam:
1709 1984 1781 2023 viri

391 2049 484 2088 boni
504 2049 575 2087 effe
594 2049 788 2089 misereri:
821 2049 994 2088 distincta
1020 2049 1091 2088 effe
1116 2063 1254 2103 genera
1280 2050 1523 2096 delictorum,
1555 2060 1592 2089 et
1618 2051 1779 2104 dispares

391 2129 521 2168 poenas
539 2131 548 2155 ε
579 2116 649 2155 efl‘e
676 2117 776 2169 apud
796 2116 999 2155 hominem
1021 2117 1257 2155 constantem
1279 2117 1499 2170 ignoscendi
1521 2117 1652 2155 locum
1674 2133 1682 2154 :
1716 2118 1778 2169 iP7

393 2181 477 2220 sum
504 2182 708 2234 sapientem
736 2183 829 2236 saepe
856 2182 1004 2235 aliquid
1030 2183 1190 2235 opinari,
1223 2184 1327 2236 quod
1353 2183 1519 2221 nesciat:
1552 2183 1656 2220 irasci
1678 2195 1777 2220 non-

394 2261 590 2300 nunquam
610 2262 619 2285 :
650 2250 794 2287 exorari
814 2249 994 2295 eundem,
1025 2258 1062 2286 et
1083 2250 1244 2302 placari:
1268 2250 1372 2301 quod
1393 2249 1546 2293 dixerit,
1567 2248 1776 2293 interdum,

393 2316 417 2353 fi
439 2316 491 2353 ita
511 2315 647 2352 rectius
664 2315 721 2361 fit,
744 2325 908 2354 mutare:
932 2317 978 2354 de
998 2315 1183 2354 sententia
1199 2316 1378 2354 decedere
1397 2315 1620 2368 aliquando:
1642 2327 1775 2353 omnes

391 2382 549 2420 virtutes
570 2380 832 2420 mediocritate
852 2382 1016 2434 quadam
1037 2381 1108 2420 effe
1127 2382 1352 2421 moderatas.

473 2448 545 2486 TO
562 2459 612 2485 M.
646 2446 696 2485 V.
1382 2447 1416 2482 G
1450 2459 1475 2497 g
