2212 2835
628 158 707 199 IN
763 158 815 197 L.
874 157 1334 200 CATILINAM.
1623 162 1697 216 183

295 259 492 315 opprimet
525 257 746 305 hominem,
787 267 854 298 aut
890 272 1026 298 omnes
1064 259 1146 312 ejus
1179 269 1310 299 motus
1341 261 1577 315 conatusque
1606 276 1699 316 pro-

295 326 467 366 hibebit.
503 326 687 378 Reliquis
721 335 852 364 autem
886 325 934 364 de
967 326 1080 365 rebus
1117 327 1410 375 constituendis,
1447 329 1699 376 maturandis,

297 394 470 447 agendi5‚
494 393 578 446 jam
598 392 645 431 ad
664 392 838 431 senatum
859 390 1086 438 referemus,
1117 406 1238 445 quem
1257 394 1385 432 vocari
1405 395 1558 434 videtis.

352 460 474 499 Nunc
499 459 604 504 illos,
635 458 704 511 qui
729 458 772 497 in
798 457 894 497 urbe
921 458 1199 504 remanserunt,
1230 468 1346 511 atque
1365 461 1458 498 adeo
1479 463 1548 513 qui
1567 470 1701 499 contra

296 526 402 566 urbis
432 525 610 570 salutem,
640 525 903 577 omniumque
933 524 1115 570 vestrum,
1147 525 1189 563 in
1220 526 1316 564 urbe
1346 539 1367 564 a
1387 527 1555 565 Catilina
1576 527 1705 566 reliffi

295 592 395 638 sunt,
427 605 651 645 quanquam
680 591 769 631 sunt
796 590 938 637 hostes,
970 600 1101 630 tamen
1133 592 1223 644 quia
1253 593 1332 630 nati
1353 592 1440 631 sunt
1461 594 1576 638 cives,
1608 608 1698 632 mo-

293 658 395 696 nitos
415 659 533 697 etiam
552 667 667 712 atque
687 658 805 696 etiam
827 657 929 696 volo.
961 658 1055 697 Mea
1084 658 1221 697 lenitas
1251 659 1376 698 adhuc
1408 660 1434 698 fi
1456 661 1520 699 cui
1540 661 1699 699 solutior

294 724 370 762 visa
390 724 456 770 est,
487 723 811 778 hocexpeetavit,
843 733 886 762 ut
906 724 960 770 id,
991 725 1097 777 quod
1127 725 1282 771 latebat,
1314 736 1545 780 erumperet.
1579 728 1705 779 Qod-

229 807 233 811 ·
293 790 488 844 reliquum
519 790 585 836 est,
610 791 692 844 jam
724 804 803 829 non
834 790 987 843 poffum
1016 791 1206 837 oblivisci,
1238 806 1366 830 meam
1395 792 1497 831 hanc
1527 793 1598 832 effe
1626 807 1696 846 pa-

291 858 422 904 triam,
454 871 519 896 me
538 857 682 896 horum
702 856 774 895 effe
795 857 992 896 consulem
1012 873 1021 896 ε
1054 856 1155 896 mihi
1176 868 1241 896 aut
1261 873 1354 898 cum
1374 858 1435 898 his
1466 860 1694 905 vivendum,

294 933 360 962 aut
390 938 460 977 pro
489 922 549 962 his
580 923 652 962 effe
683 923 946 962 moriendum.
981 923 1130 962 Nullus
1159 924 1212 962 est
1239 935 1358 978 portae
1388 926 1528 971 custos,
1563 926 1696 964 nullus

296 991 493 1030 infidiator
520 991 615 1031 viae:
648 991 675 1029 fi
705 991 772 1043 qui
800 991 903 1029 exire
924 991 1076 1037 volunt,
1108 992 1304 1030 consulere
1323 993 1391 1031 fibi
1413 994 1579 1047 pofl'unt.
1613 995 1696 1046 Qi

293 1070 383 1096 vero
402 1058 443 1096 in
464 1057 559 1096 urbe
578 1058 614 1096 se
645 1058 918 1103 commoverit,
948 1059 1058 1110 cujus
1089 1072 1161 1110 ego
1193 1072 1270 1097 non
1301 1060 1419 1098 modo
1440 1059 1602 1105 fastum,
1634 1061 1696 1098 sed

294 1125 497 1178 inceptum
518 1124 645 1162 ullum
666 1133 912 1169 conatumve,
935 1133 1069 1163 contra
1087 1125 1251 1177 patriam
1273 1126 1585 1179 deprehendero,
1608 1127 1695 1166 sen-

294 1190 364 1228 tiet
394 1191 434 1228 in
464 1189 537 1228 hac
567 1190 662 1228 urbe
693 1188 764 1227 effe
793 1189 966 1228 consules
997 1190 1215 1243 vigilantes,
1247 1191 1319 1229 effe
1348 1194 1520 1245 egregios
1551 1193 1695 1246 magis-

296 1266 430 1301 tratuS,
461 1256 533 1294 esse
565 1255 708 1295 fortem
741 1255 930 1302 senatum,
967 1256 1038 1295 effe
1072 1270 1190 1303 arma,
1226 1257 1296 1295 effe
1332 1272 1537 1305 carcerem,
1574 1274 1695 1312 quem

293 1323 487 1362 vindicem
519 1323 756 1363 nefariorum
787 1337 829 1362 ac
855 1323 1148 1363 manifestorum
1175 1324 1360 1364 scelerum
1387 1328 1549 1379 majores
1578 1327 1697 1366 nostri

293 1389 364 1429 effe
384 1391 603 1430 voluerunt.

349 1458 464 1497 XIII.
496 1459 630 1511 Atque
649 1457 732 1496 haec
752 1459 884 1497 omnia
905 1457 954 1497 fic
972 1467 1146 1511 agentur,
1170 1459 1359 1511 Qirites‚
1382 1469 1425 1498 ut
1441 1474 1498 1500 res
1514 1461 1695 1501 maximae

295 1524 463 1563 minimo
493 1533 619 1570 motu,
650 1525 821 1578 pericula
850 1525 1002 1563 summa
1031 1525 1141 1563 nullo
1172 1527 1362 1571 tumultu,
1395 1527 1544 1566 bellum
1575 1529 1694 1567 intes-

294 1591 425 1628 tinum
447 1603 489 1628 ac
509 1591 780 1636 domesticum,
803 1591 885 1644 post
904 1591 1114 1631 hominum
1136 1593 1366 1631 memoriam
1387 1595 1695 1635 crudeliffimum

296 1669 340 1694 ac
378 1656 614 1702 maximum,
655 1670 719 1695 me
753 1671 832 1697 uno
870 1667 1001 1711 togato
1040 1658 1137 1697 duce
1174 1668 1212 1697 et
1245 1659 1490 1712 imperatore,
1530 1661 1692 1701 sedetur.

297 1723 416 1774 Qod
448 1736 520 1776 ego
555 1724 605 1762 fic
638 1724 925 1770 administrabo,
963 1725 1152 1776 Qirites,
1188 1735 1245 1771 ut,
1282 1726 1307 1764 fi
1343 1727 1424 1765 ullo
1458 1729 1577 1767 modo
1610 1729 1693 1767 fieri

294 1789 449 1841 poterit,
481 1802 529 1826 ne
548 1789 748 1842 improbus
769 1790 930 1842 quidem
949 1790 1155 1843 quisquam
1176 1791 1216 1828 in
1243 1790 1315 1829 hac
1337 1794 1431 1831 urbe
1452 1807 1609 1846 poenam
1636 1795 1691 1833 sui

291 1854 438 1893 sceleris
475 1853 641 1894 sufferat.
674 1855 760 1899 Sed,
793 1856 819 1894 fi
851 1857 908 1894 vis
943 1856 1153 1895 manifestae
1187 1858 1367 1904 audaciae,
1404 1860 1427 1897 si
1464 1861 1691 1913 impendens

290 1922 420 1974 patriae
439 1922 674 1975 periculum,
706 1936 770 1961 me
790 1922 993 1961 necessario
1019 1925 1066 1962 de
1094 1923 1166 1963 hac
1192 1926 1313 1963 animi
1334 1926 1490 1965 lenitate
1519 1928 1690 1967 deduxe-

291 1988 396 2033 rint;
427 1988 526 2026 illud
556 1988 730 2042 profe6³oe
760 1989 974 2042 perficiam,
1005 1991 1111 2043 quod
1137 1992 1178 2029 iu
1206 2001 1312 2031 tanto
1338 2002 1375 2031 et
1403 2004 1482 2032 tam
1514 1995 1691 2034 insidioso

290 2054 394 2092 bello
415 2054 478 2093 vix
498 2055 715 2108 optandum
735 2056 902 2102 videtur,
934 2066 1045 2096 utne
1073 2059 1160 2111 quis
1188 2058 1312 2097 bonus
1343 2060 1515 2106 intereat,
1545 2075 1690 2115 pauco-

292 2134 458 2172 rumque
477 2135 592 2174 poena
611 2136 676 2161 vos
691 2123 775 2175 jam
795 2137 930 2162 omnes
951 2124 1043 2162 falvi
1063 2124 1133 2163 effe
1152 2125 1312 2178 poffitis.

348 2187 447 2237 Qae
486 2189 646 2240 quidem
685 2203 757 2242 ego
796 2204 920 2243 neque
956 2205 1042 2229 mea
1079 2193 1294 2244 prudentia,
1344 2207 1470 2245 neque
1508 2193 1687 2233 humanis

290 2254 472 2300 consiliis,
505 2254 623 2295 fretus
654 2256 841 2309 polliceor
870 2259 993 2304 vobis,
1027 2259 1228 2310 Qirites;
1261 2260 1322 2298 sed
1357 2262 1507 2305 multis,
1539 2272 1576 2298 ct
1610 2276 1688 2299 non

293 2320 435 2365 dubiis,
459 2320 635 2360 Deorum
655 2322 940 2362 immortalium
962 2324 1330 2377 significationibus:
1360 2328 1500 2378 quibus
1522 2341 1592 2377 ego
1613 2328 1686 2364 du-

292 2387 402 2425 cibus
425 2387 464 2425 in
484 2386 584 2425 hanc
611 2388 717 2440 spem
745 2390 1048 2444 sententiamque
1076 2392 1158 2430 sum
1187 2392 1390 2445 ingressus:
1425 2393 1489 2443 qui
1506 2393 1586 2443 jam
1610 2408 1686 2432 non

291 2453 442 2507 procul,
475 2462 516 2492 ut
538 2454 735 2507 quondam
765 2455 949 2503 solebant,
980 2457 1026 2496 ab
1047 2468 1176 2497 extero
1196 2457 1301 2497 hoste
1322 2467 1434 2510 atque
1455 2459 1685 2513 longinquo,
