<?xml version="1.0" encoding="UTF-8"?>
<!DOCTYPE html PUBLIC "-//W3C//DTD XHTML 1.0 Transitional//EN"
    "http://www.w3.org/TR/xhtml1/DTD/xhtml1-transitional.dtd">
<html xmlns="http://www.w3.org/1999/xhtml" xml:lang="en" lang="en">
 <head>
  <title>
</title>
<meta http-equiv="Content-Type" content="text/html;charset=utf-8" />
  <meta name='ocr-system' content='tesseract 3.04.00' />
  <meta name='ocr-capabilities' content='ocr_page ocr_carea ocr_par ocr_line ocrx_word'/>
</head>
<body>
  <div class='ocr_page' id='page_1' title='image "./operacumindicibu05ciceuoft_0262.png"; bbox 0 0 2212 2835; ppageno 0'>
   <div class='ocr_carea' id='block_1_1' title="bbox 446 184 1356 243">
    <p class='ocr_par' dir='ltr' id='par_1_1' title="bbox 446 184 1356 243">
     <span class='ocr_line' id='line_1_1' title="bbox 446 184 1356 243; baseline -0.009 -14"><span class='ocrx_word' id='word_1_1' title='bbox 446 202 524 243; x_wconf 84' lang='lat'><strong>250</strong></span> <span class='ocrx_word' id='word_1_2' title='bbox 954 184 1356 222; x_wconf 89' lang='lat' dir='ltr'>ORATIO</span> 
     </span>
    </p>
   </div>
   <div class='ocr_carea' id='block_1_2' title="bbox 442 281 1838 2513">
    <p class='ocr_par' dir='ltr' id='par_1_2' title="bbox 442 281 1838 1846">
     <span class='ocr_line' id='line_1_2' title="bbox 500 281 1833 335; baseline -0.001 -13"><span class='ocrx_word' id='word_1_3' title='bbox 500 285 571 322; x_wconf 83' lang='lat' dir='ltr'><strong>VI.</strong></span> <span class='ocrx_word' id='word_1_4' title='bbox 605 285 737 335; x_wconf 86' lang='lat' dir='ltr'><strong>Itaque</strong></span> <span class='ocrx_word' id='word_1_5' title='bbox 769 282 867 320; x_wconf 86' lang='lat' dir='ltr'><strong>hanc</strong></span> <span class='ocrx_word' id='word_1_6' title='bbox 900 290 1047 334; x_wconf 90' lang='lat' dir='ltr'><strong>partem</strong></span> <span class='ocrx_word' id='word_1_7' title='bbox 1073 290 1197 320; x_wconf 90' lang='lat' dir='ltr'><strong>totam</strong></span> <span class='ocrx_word' id='word_1_8' title='bbox 1224 281 1467 334; x_wconf 83' lang='lat' dir='ltr'>relinquam:</span> <span class='ocrx_word' id='word_1_9' title='bbox 1501 288 1653 320; x_wconf 90' lang='lat' dir='ltr'><strong>tantum</strong></span> <span class='ocrx_word' id='word_1_10' title='bbox 1678 295 1699 320; x_wconf 90' lang='lat' dir='ltr'><strong>a</strong></span> <span class='ocrx_word' id='word_1_11' title='bbox 1723 283 1833 321; x_wconf 85' lang='lat' dir='ltr'><strong>vobis</strong></span> 
     </span>
     <span class='ocr_line' id='line_1_3' title="bbox 446 346 1834 402; baseline -0.001 -15"><span class='ocrx_word' id='word_1_12' title='bbox 446 360 586 402; x_wconf 80' lang='lat' dir='ltr'><strong>petam,</strong></span> <span class='ocrx_word' id='word_1_13' title='bbox 618 349 788 400; x_wconf 76' lang='lat' dir='ltr'><strong>judices,</strong></span> <span class='ocrx_word' id='word_1_14' title='bbox 821 357 876 393; x_wconf 87' lang='lat' dir='ltr'><strong>ut,</strong></span> <span class='ocrx_word' id='word_1_15' title='bbox 908 348 934 386; x_wconf 88' lang='lat' dir='ltr'>fi</span> <span class='ocrx_word' id='word_1_16' title='bbox 961 348 1056 400; x_wconf 91' lang='lat' dir='ltr'><strong>quid</strong></span> <span class='ocrx_word' id='word_1_17' title='bbox 1082 348 1150 401; x_wconf 89' lang='lat' dir='ltr'><strong>ipfi</strong></span> <span class='ocrx_word' id='word_1_18' title='bbox 1178 348 1332 386; x_wconf 87' lang='lat' dir='ltr'><strong>audistis</strong></span> <span class='ocrx_word' id='word_1_19' title='bbox 1361 347 1566 386; x_wconf 88' lang='lat' dir='ltr'><strong>communi</strong></span> <span class='ocrx_word' id='word_1_20' title='bbox 1591 346 1695 386; x_wconf 87' lang='lat' dir='ltr'><strong>fama</strong></span> <span class='ocrx_word' id='word_1_21' title='bbox 1720 358 1834 401; x_wconf 87' lang='lat' dir='ltr'><strong>atque</strong></span> 
     </span>
     <span class='ocr_line' id='line_1_4' title="bbox 445 414 1833 467; baseline -0.001 -13"><span class='ocrx_word' id='word_1_22' title='bbox 445 416 615 454; x_wconf 83' lang='lat' dir='ltr'>sermone</span> <span class='ocrx_word' id='word_1_23' title='bbox 646 416 691 454; x_wconf 92' lang='lat' dir='ltr'><strong>de</strong></span> <span class='ocrx_word' id='word_1_24' title='bbox 725 416 777 460; x_wconf 88' lang='lat' dir='ltr'><strong>vi,</strong></span> <span class='ocrx_word' id='word_1_25' title='bbox 808 415 854 453; x_wconf 84' lang='lat' dir='ltr'><strong>de</strong></span> <span class='ocrx_word' id='word_1_26' title='bbox 888 428 1021 460; x_wconf 87' lang='lat' dir='ltr'><strong>manu,</strong></span> <span class='ocrx_word' id='word_1_27' title='bbox 1052 414 1098 452; x_wconf 87' lang='lat' dir='ltr'><strong>de</strong></span> <span class='ocrx_word' id='word_1_28' title='bbox 1132 414 1261 459; x_wconf 87' lang='lat' dir='ltr'><strong>armis,</strong></span> <span class='ocrx_word' id='word_1_29' title='bbox 1298 414 1344 452; x_wconf 92' lang='lat' dir='ltr'><strong>de</strong></span> <span class='ocrx_word' id='word_1_30' title='bbox 1377 414 1498 467; x_wconf 87' lang='lat' dir='ltr'><strong>copiis</strong></span> <span class='ocrx_word' id='word_1_31' title='bbox 1515 432 1527 459; x_wconf 89' lang='lat'>;</span> <span class='ocrx_word' id='word_1_32' title='bbox 1563 414 1833 459; x_wconf 86' lang='lat' dir='ltr'><strong>memineritis,</strong></span> 
     </span>
     <span class='ocr_line' id='line_1_5' title="bbox 446 479 1836 533; baseline -0.001 -14"><span class='ocrx_word' id='word_1_33' title='bbox 446 495 611 533; x_wconf 87' lang='lat' dir='ltr'><strong>quarum</strong></span> <span class='ocrx_word' id='word_1_34' title='bbox 641 495 768 519; x_wconf 88' lang='lat' dir='ltr'><strong>rerum</strong></span> <span class='ocrx_word' id='word_1_35' title='bbox 797 480 953 525; x_wconf 88' lang='lat' dir='ltr'><strong>invidia,</strong></span> <span class='ocrx_word' id='word_1_36' title='bbox 985 480 1068 533; x_wconf 88' lang='lat' dir='ltr'><strong>lege</strong></span> <span class='ocrx_word' id='word_1_37' title='bbox 1093 479 1165 518; x_wconf 88' lang='lat' dir='ltr'><strong>hac</strong></span> <span class='ocrx_word' id='word_1_38' title='bbox 1189 480 1331 518; x_wconf 86' lang='lat' dir='ltr'><strong>recenti</strong></span> <span class='ocrx_word' id='word_1_39' title='bbox 1351 493 1393 517; x_wconf 87' lang='lat' dir='ltr'><strong>ac</strong></span> <span class='ocrx_word' id='word_1_40' title='bbox 1414 493 1524 524; x_wconf 88' lang='lat' dir='ltr'><strong>nova,</strong></span> <span class='ocrx_word' id='word_1_41' title='bbox 1555 489 1680 518; x_wconf 89' lang='lat' dir='ltr'><strong>certus</strong></span> <span class='ocrx_word' id='word_1_42' title='bbox 1700 479 1754 517; x_wconf 92' lang='lat' dir='ltr'><strong>est</strong></span> <span class='ocrx_word' id='word_1_43' title='bbox 1772 479 1836 518; x_wconf 89' lang='lat' dir='ltr'><strong>in-</strong></span> 
     </span>
     <span class='ocr_line' id='line_1_6' title="bbox 445 544 1834 600; baseline -0.002 -14"><span class='ocrx_word' id='word_1_44' title='bbox 445 548 643 600; x_wconf 75' lang='lat' dir='ltr'><strong>quisitioni</strong></span> <span class='ocrx_word' id='word_1_45' title='bbox 678 547 871 585; x_wconf 88' lang='lat' dir='ltr'><strong>comitum</strong></span> <span class='ocrx_word' id='word_1_46' title='bbox 907 560 1089 584; x_wconf 87' lang='lat' dir='ltr'><strong>numerus</strong></span> <span class='ocrx_word' id='word_1_47' title='bbox 1129 546 1371 584; x_wconf 86' lang='lat' dir='ltr'><strong>constitutus.</strong></span> <span class='ocrx_word' id='word_1_48' title='bbox 1413 545 1498 590; x_wconf 87' lang='lat' dir='ltr'><strong>Sed,</strong></span> <span class='ocrx_word' id='word_1_49' title='bbox 1537 554 1580 583; x_wconf 90' lang='lat' dir='ltr'><strong>ut</strong></span> <span class='ocrx_word' id='word_1_50' title='bbox 1618 544 1717 583; x_wconf 90' lang='lat' dir='ltr'><strong>hanc</strong></span> <span class='ocrx_word' id='word_1_51' title='bbox 1754 546 1834 584; x_wconf 88' lang='lat' dir='ltr'><strong>vim</strong></span> 
     </span>
     <span class='ocr_line' id='line_1_7' title="bbox 446 611 1837 665; baseline -0.001 -14"><span class='ocrx_word' id='word_1_52' title='bbox 446 614 638 658; x_wconf 86' lang='lat' dir='ltr'><strong>omittam,</strong></span> <span class='ocrx_word' id='word_1_53' title='bbox 671 622 812 665; x_wconf 88' lang='lat' dir='ltr'><strong>quanta</strong></span> <span class='ocrx_word' id='word_1_54' title='bbox 840 612 905 650; x_wconf 88' lang='lat' dir='ltr'><strong>illa</strong></span> <span class='ocrx_word' id='word_1_55' title='bbox 932 612 1050 651; x_wconf 86' lang='lat' dir='ltr'><strong>sunt?</strong></span> <span class='ocrx_word' id='word_1_56' title='bbox 1081 626 1180 665; x_wconf 84' lang='lat' dir='ltr'><strong>quae,</strong></span> <span class='ocrx_word' id='word_1_57' title='bbox 1210 612 1395 664; x_wconf 87' lang='lat' dir='ltr'><strong>quoniam</strong></span> <span class='ocrx_word' id='word_1_58' title='bbox 1425 611 1656 650; x_wconf 85' lang='lat' dir='ltr'><strong>accusatorio</strong></span> <span class='ocrx_word' id='word_1_59' title='bbox 1682 612 1768 664; x_wconf 88' lang='lat' dir='ltr'><strong>jure</strong></span> <span class='ocrx_word' id='word_1_60' title='bbox 1799 621 1837 649; x_wconf 92' lang='lat' dir='ltr'><strong>et</strong></span> 
     </span>
     <span class='ocr_line' id='line_1_8' title="bbox 446 677 1835 731; baseline -0.001 -14"><span class='ocrx_word' id='word_1_61' title='bbox 446 694 553 717; x_wconf 86' lang='lat' dir='ltr'><strong>more</strong></span> <span class='ocrx_word' id='word_1_62' title='bbox 573 679 657 717; x_wconf 83' lang='lat' dir='ltr'><strong>sunt</strong></span> <span class='ocrx_word' id='word_1_63' title='bbox 678 679 787 724; x_wconf 68' lang='lat' dir='ltr'><strong>facta,</strong></span> <span class='ocrx_word' id='word_1_64' title='bbox 819 677 1093 731; x_wconf 85' lang='lat' dir='ltr'><strong>reprehendere</strong></span> <span class='ocrx_word' id='word_1_65' title='bbox 1110 693 1187 717; x_wconf 93' lang='lat' dir='ltr'><strong>non</strong></span> <span class='ocrx_word' id='word_1_66' title='bbox 1207 679 1417 731; x_wconf 84' lang='lat' dir='ltr'><strong>poffumus,</strong></span> <span class='ocrx_word' id='word_1_67' title='bbox 1447 678 1556 730; x_wconf 90' lang='lat' dir='ltr'><strong>queri</strong></span> <span class='ocrx_word' id='word_1_68' title='bbox 1577 687 1706 716; x_wconf 87' lang='lat' dir='ltr'><strong>tamen</strong></span> <span class='ocrx_word' id='word_1_69' title='bbox 1726 678 1835 730; x_wconf 86' lang='lat' dir='ltr'><strong>cogi-</strong></span> 
     </span>
     <span class='ocr_line' id='line_1_9' title="bbox 446 744 1835 798; baseline -0.002 -14"><span class='ocrx_word' id='word_1_70' title='bbox 446 760 564 784; x_wconf 86' lang='lat' dir='ltr'>mur:</span> <span class='ocrx_word' id='word_1_71' title='bbox 597 746 784 798; x_wconf 88' lang='lat' dir='ltr'><strong>primum,</strong></span> <span class='ocrx_word' id='word_1_72' title='bbox 816 745 935 796; x_wconf 86' lang='lat' dir='ltr'><strong>quod,</strong></span> <span class='ocrx_word' id='word_1_73' title='bbox 967 745 1177 782; x_wconf 86' lang='lat' dir='ltr'><strong>distributis</strong></span> <span class='ocrx_word' id='word_1_74' title='bbox 1204 745 1389 797; x_wconf 90' lang='lat' dir='ltr'><strong>partibus,</strong></span> <span class='ocrx_word' id='word_1_75' title='bbox 1420 744 1544 783; x_wconf 91' lang='lat' dir='ltr'><strong>sermo</strong></span> <span class='ocrx_word' id='word_1_76' title='bbox 1569 745 1621 782; x_wconf 90' lang='lat' dir='ltr'><strong>est</strong></span> <span class='ocrx_word' id='word_1_77' title='bbox 1648 753 1729 783; x_wconf 90' lang='lat' dir='ltr'><strong>tota</strong></span> <span class='ocrx_word' id='word_1_78' title='bbox 1747 744 1835 782; x_wconf 87' lang='lat' dir='ltr'><strong>Afia</strong></span> 
     </span>
     <span class='ocr_line' id='line_1_10' title="bbox 446 810 1835 865; baseline -0.001 -15"><span class='ocrx_word' id='word_1_79' title='bbox 446 813 655 865; x_wconf 80' lang='lat' dir='ltr'><strong>diffipatus,</strong></span> <span class='ocrx_word' id='word_1_80' title='bbox 688 813 763 849; x_wconf 89' lang='lat' dir='ltr'><strong>Cn.</strong></span> <span class='ocrx_word' id='word_1_81' title='bbox 783 811 1032 863; x_wconf 89' lang='lat' dir='ltr'><strong>Pompeium,</strong></span> <span class='ocrx_word' id='word_1_82' title='bbox 1063 811 1168 863; x_wconf 87' lang='lat' dir='ltr'><strong>quod</strong></span> <span class='ocrx_word' id='word_1_83' title='bbox 1189 812 1237 849; x_wconf 94' lang='lat' dir='ltr'><strong>L.</strong></span> <span class='ocrx_word' id='word_1_84' title='bbox 1260 811 1401 848; x_wconf 91' lang='lat' dir='ltr'><strong>Flacco</strong></span> <span class='ocrx_word' id='word_1_85' title='bbox 1421 811 1473 848; x_wconf 90' lang='lat' dir='ltr'><strong>est</strong></span> <span class='ocrx_word' id='word_1_86' title='bbox 1493 810 1738 849; x_wconf 87' lang='lat' dir='ltr'><strong>vehementer</strong></span> <span class='ocrx_word' id='word_1_87' title='bbox 1757 811 1835 849; x_wconf 85' lang='lat' dir='ltr'><strong>ini-</strong></span> 
     </span>
     <span class='ocr_line' id='line_1_11' title="bbox 447 875 1835 929; baseline -0.001 -14"><span class='ocrx_word' id='word_1_88' title='bbox 447 879 586 922; x_wconf 89' lang='lat' dir='ltr'><strong>micus,</strong></span> <span class='ocrx_word' id='word_1_89' title='bbox 618 877 851 915; x_wconf 73' lang='lat' dir='ltr'><strong>contendisse</strong></span> <span class='ocrx_word' id='word_1_90' title='bbox 870 890 890 914; x_wconf 92' lang='lat' dir='ltr'><strong>a</strong></span> <span class='ocrx_word' id='word_1_91' title='bbox 910 876 1045 921; x_wconf 81' lang='lat' dir='ltr'><strong>Laeli0‚</strong></span> <span class='ocrx_word' id='word_1_92' title='bbox 1076 886 1232 929; x_wconf 89' lang='lat' dir='ltr'><strong>paterno</strong></span> <span class='ocrx_word' id='word_1_93' title='bbox 1255 876 1382 914; x_wconf 87' lang='lat' dir='ltr'><strong>amico</strong></span> <span class='ocrx_word' id='word_1_94' title='bbox 1407 889 1450 913; x_wconf 90' lang='lat' dir='ltr'><strong>ac</strong></span> <span class='ocrx_word' id='word_1_95' title='bbox 1478 875 1761 928; x_wconf 79' lang='lat' dir='ltr'><strong>pernecessario,</strong></span> <span class='ocrx_word' id='word_1_96' title='bbox 1793 884 1835 913; x_wconf 93' lang='lat' dir='ltr'><strong>ut</strong></span> 
     </span>
     <span class='ocr_line' id='line_1_12' title="bbox 448 941 1834 999; baseline -0.002 -18"><span class='ocrx_word' id='word_1_97' title='bbox 448 943 553 981; x_wconf 86' lang='lat' dir='ltr'><strong>hunc</strong></span> <span class='ocrx_word' id='word_1_98' title='bbox 573 942 649 999; x_wconf 42' lang='lat' dir='ltr'><strong>h&#39;oc</strong></span> <span class='ocrx_word' id='word_1_99' title='bbox 670 943 821 994; x_wconf 86' lang='lat' dir='ltr'><strong>judicio</strong></span> <span class='ocrx_word' id='word_1_100' title='bbox 848 942 1067 987; x_wconf 81' lang='lat' dir='ltr'><strong>arcefferet3</strong></span> <span class='ocrx_word' id='word_1_101' title='bbox 1100 955 1338 994; x_wconf 88' lang='lat' dir='ltr'><strong>omnemque</strong></span> <span class='ocrx_word' id='word_1_102' title='bbox 1362 942 1396 979; x_wconf 90' lang='lat' dir='ltr'><strong>ei</strong></span> <span class='ocrx_word' id='word_1_103' title='bbox 1423 941 1528 979; x_wconf 91' lang='lat' dir='ltr'><strong>suam</strong></span> <span class='ocrx_word' id='word_1_104' title='bbox 1553 941 1834 985; x_wconf 70' lang='lat' dir='ltr'><strong>auctoritatem,</strong></span> 
     </span>
     <span class='ocr_line' id='line_1_13' title="bbox 447 1006 1835 1062; baseline -0.002 -15"><span class='ocrx_word' id='word_1_105' title='bbox 447 1011 621 1062; x_wconf 82' lang='lat' dir='ltr'><strong>gratiam,</strong></span> <span class='ocrx_word' id='word_1_106' title='bbox 653 1010 794 1061; x_wconf 77' lang='lat' dir='ltr'><strong>copias,</strong></span> <span class='ocrx_word' id='word_1_107' title='bbox 825 1022 928 1062; x_wconf 87' lang='lat' dir='ltr'><strong>opes,</strong></span> <span class='ocrx_word' id='word_1_108' title='bbox 960 1009 1005 1046; x_wconf 90' lang='lat' dir='ltr'><strong>ad</strong></span> <span class='ocrx_word' id='word_1_109' title='bbox 1025 1007 1101 1046; x_wconf 90' lang='lat' dir='ltr'><strong>hoc</strong></span> <span class='ocrx_word' id='word_1_110' title='bbox 1123 1009 1322 1061; x_wconf 87' lang='lat' dir='ltr'><strong>negotium</strong></span> <span class='ocrx_word' id='word_1_111' title='bbox 1341 1007 1630 1046; x_wconf 89' lang='lat' dir='ltr'><strong>conficiendum</strong></span> <span class='ocrx_word' id='word_1_112' title='bbox 1650 1006 1835 1045; x_wconf 83' lang='lat' dir='ltr'><strong>detuliffe.</strong></span> 
     </span>
     <span class='ocr_line' id='line_1_14' title="bbox 447 1073 1838 1127; baseline -0.001 -14"><span class='ocrx_word' id='word_1_113' title='bbox 447 1076 490 1114; x_wconf 89' lang='lat' dir='ltr'><strong>Id</strong></span> <span class='ocrx_word' id='word_1_114' title='bbox 512 1075 587 1113; x_wconf 89' lang='lat' dir='ltr'><strong>hoc</strong></span> <span class='ocrx_word' id='word_1_115' title='bbox 607 1076 846 1114; x_wconf 85' lang='lat' dir='ltr'><strong>verifimilius</strong></span> <span class='ocrx_word' id='word_1_116' title='bbox 869 1075 1015 1112; x_wconf 84' lang='lat' dir='ltr'><strong>Graecis</strong></span> <span class='ocrx_word' id='word_1_117' title='bbox 1036 1074 1263 1113; x_wconf 85' lang='lat' dir='ltr'><strong>hominibus</strong></span> <span class='ocrx_word' id='word_1_118' title='bbox 1284 1074 1495 1119; x_wconf 88' lang='lat' dir='ltr'><strong>videbatur,</strong></span> <span class='ocrx_word' id='word_1_119' title='bbox 1527 1075 1595 1127; x_wconf 90' lang='lat' dir='ltr'><strong>qui</strong></span> <span class='ocrx_word' id='word_1_120' title='bbox 1615 1073 1731 1126; x_wconf 84' lang='lat' dir='ltr'><strong>paulo</strong></span> <span class='ocrx_word' id='word_1_121' title='bbox 1751 1082 1838 1111; x_wconf 86' lang='lat' dir='ltr'><strong>ante</strong></span> 
     </span>
     <span class='ocr_line' id='line_1_15' title="bbox 446 1140 1837 1193; baseline -0.001 -13"><span class='ocrx_word' id='word_1_122' title='bbox 446 1142 676 1180; x_wconf 82' lang='lat' dir='ltr'><strong>familiarem</strong></span> <span class='ocrx_word' id='word_1_123' title='bbox 698 1142 863 1179; x_wconf 82' lang='lat' dir='ltr'><strong>Laeliurn</strong></span> <span class='ocrx_word' id='word_1_124' title='bbox 885 1142 924 1178; x_wconf 89' lang='lat' dir='ltr'><strong>in</strong></span> <span class='ocrx_word' id='word_1_125' title='bbox 945 1141 1078 1178; x_wconf 86' lang='lat' dir='ltr'><strong>eadem</strong></span> <span class='ocrx_word' id='word_1_126' title='bbox 1098 1141 1295 1193; x_wconf 85' lang='lat' dir='ltr'><strong>provincia</strong></span> <span class='ocrx_word' id='word_1_127' title='bbox 1322 1141 1462 1179; x_wconf 84' lang='lat' dir='ltr'><strong>Flacco</strong></span> <span class='ocrx_word' id='word_1_128' title='bbox 1482 1141 1654 1178; x_wconf 84' lang='lat' dir='ltr'><strong>viderant</strong></span> <span class='ocrx_word' id='word_1_129' title='bbox 1674 1154 1684 1178; x_wconf 76' lang='lat' dir='ltr'>t</span> <span class='ocrx_word' id='word_1_130' title='bbox 1717 1140 1837 1178; x_wconf 90' lang='lat' dir='ltr'><strong>Pom-</strong></span> 
     </span>
     <span class='ocr_line' id='line_1_16' title="bbox 444 1205 1836 1261; baseline -0.002 -15"><span class='ocrx_word' id='word_1_131' title='bbox 444 1209 524 1261; x_wconf 86' lang='lat' dir='ltr'><strong>peii</strong></span> <span class='ocrx_word' id='word_1_132' title='bbox 544 1217 672 1246; x_wconf 88' lang='lat' dir='ltr'><strong>autem</strong></span> <span class='ocrx_word' id='word_1_133' title='bbox 695 1208 895 1245; x_wconf 53' lang='lat' dir='ltr'><strong>auctoritas</strong></span> <span class='ocrx_word' id='word_1_134' title='bbox 916 1220 1007 1245; x_wconf 89' lang='lat' dir='ltr'><strong>curn</strong></span> <span class='ocrx_word' id='word_1_135' title='bbox 1030 1207 1129 1259; x_wconf 91' lang='lat' dir='ltr'><strong>apud</strong></span> <span class='ocrx_word' id='word_1_136' title='bbox 1148 1220 1283 1245; x_wconf 88' lang='lat' dir='ltr'><strong>omnes</strong></span> <span class='ocrx_word' id='word_1_137' title='bbox 1304 1216 1408 1245; x_wconf 87' lang='lat' dir='ltr'><strong>tanta</strong></span> <span class='ocrx_word' id='word_1_138' title='bbox 1426 1206 1491 1250; x_wconf 90' lang='lat' dir='ltr'><strong>est,</strong></span> <span class='ocrx_word' id='word_1_139' title='bbox 1516 1215 1658 1258; x_wconf 87' lang='lat' dir='ltr'><strong>quanta</strong></span> <span class='ocrx_word' id='word_1_140' title='bbox 1677 1205 1746 1243; x_wconf 82' lang='lat' dir='ltr'><strong>effe</strong></span> <span class='ocrx_word' id='word_1_141' title='bbox 1766 1206 1836 1243; x_wconf 90' lang='lat' dir='ltr'><strong>de-</strong></span> 
     </span>
     <span class='ocr_line' id='line_1_17' title="bbox 447 1271 1837 1325; baseline -0.002 -13"><span class='ocrx_word' id='word_1_142' title='bbox 447 1275 526 1319; x_wconf 91' lang='lat' dir='ltr'><strong>bet,</strong></span> <span class='ocrx_word' id='word_1_143' title='bbox 557 1283 643 1311; x_wconf 89' lang='lat' dir='ltr'><strong>tum</strong></span> <span class='ocrx_word' id='word_1_144' title='bbox 665 1273 818 1311; x_wconf 83' lang='lat' dir='ltr'><strong>excellit</strong></span> <span class='ocrx_word' id='word_1_145' title='bbox 839 1273 878 1310; x_wconf 92' lang='lat' dir='ltr'><strong>in</strong></span> <span class='ocrx_word' id='word_1_146' title='bbox 899 1273 966 1310; x_wconf 91' lang='lat' dir='ltr'><strong>ista</strong></span> <span class='ocrx_word' id='word_1_147' title='bbox 986 1273 1195 1325; x_wconf 89' lang='lat' dir='ltr'><strong>provincia,</strong></span> <span class='ocrx_word' id='word_1_148' title='bbox 1218 1286 1336 1324; x_wconf 90' lang='lat' dir='ltr'><strong>quam</strong></span> <span class='ocrx_word' id='word_1_149' title='bbox 1354 1285 1477 1324; x_wconf 89' lang='lat' dir='ltr'><strong>nuper</strong></span> <span class='ocrx_word' id='word_1_150' title='bbox 1495 1280 1532 1309; x_wconf 91' lang='lat' dir='ltr'><strong>et</strong></span> <span class='ocrx_word' id='word_1_151' title='bbox 1552 1271 1776 1324; x_wconf 85' lang='lat' dir='ltr'><strong>praedonum</strong></span> <span class='ocrx_word' id='word_1_152' title='bbox 1798 1280 1837 1309; x_wconf 86' lang='lat' dir='ltr'><strong>et</strong></span> 
     </span>
     <span class='ocr_line' id='line_1_18' title="bbox 447 1337 1838 1392; baseline -0.002 -15"><span class='ocrx_word' id='word_1_153' title='bbox 447 1353 582 1392; x_wconf 88' lang='lat' dir='ltr'><strong>regum</strong></span> <span class='ocrx_word' id='word_1_154' title='bbox 615 1338 717 1377; x_wconf 90' lang='lat' dir='ltr'><strong>bello</strong></span> <span class='ocrx_word' id='word_1_155' title='bbox 747 1339 935 1376; x_wconf 90' lang='lat' dir='ltr'><strong>liberavit.</strong></span> <span class='ocrx_word' id='word_1_156' title='bbox 968 1338 1162 1390; x_wconf 84' lang='lat' dir='ltr'><strong>Adjunxit</strong></span> <span class='ocrx_word' id='word_1_157' title='bbox 1195 1338 1273 1383; x_wconf 89' lang='lat' dir='ltr'><strong>illa,</strong></span> <span class='ocrx_word' id='word_1_158' title='bbox 1305 1347 1348 1376; x_wconf 90' lang='lat' dir='ltr'><strong>ut</strong></span> <span class='ocrx_word' id='word_1_159' title='bbox 1378 1351 1457 1382; x_wconf 90' lang='lat' dir='ltr'><strong>eos,</strong></span> <span class='ocrx_word' id='word_1_160' title='bbox 1488 1338 1557 1389; x_wconf 93' lang='lat' dir='ltr'><strong>qui</strong></span> <span class='ocrx_word' id='word_1_161' title='bbox 1587 1337 1705 1375; x_wconf 89' lang='lat' dir='ltr'><strong>domo</strong></span> <span class='ocrx_word' id='word_1_162' title='bbox 1735 1337 1838 1375; x_wconf 84' lang='lat' dir='ltr'><strong>exire</strong></span> 
     </span>
     <span class='ocr_line' id='line_1_19' title="bbox 443 1403 1836 1456; baseline -0.003 -12"><span class='ocrx_word' id='word_1_163' title='bbox 443 1406 639 1449; x_wconf 87' lang='lat' dir='ltr'><strong>nolebant,</strong></span> <span class='ocrx_word' id='word_1_164' title='bbox 671 1404 880 1443; x_wconf 85' lang='lat' dir='ltr'><strong>testimonii</strong></span> <span class='ocrx_word' id='word_1_165' title='bbox 894 1404 1190 1443; x_wconf 86' lang='lat' dir='ltr'><strong>denuntiatione</strong></span> <span class='ocrx_word' id='word_1_166' title='bbox 1211 1413 1363 1442; x_wconf 86' lang='lat' dir='ltr'><strong>terreret</strong></span> <span class='ocrx_word' id='word_1_167' title='bbox 1379 1422 1391 1449; x_wconf 89' lang='lat'>;</span> <span class='ocrx_word' id='word_1_168' title='bbox 1423 1404 1491 1456; x_wconf 89' lang='lat' dir='ltr'><strong>qui</strong></span> <span class='ocrx_word' id='word_1_169' title='bbox 1511 1403 1619 1441; x_wconf 89' lang='lat' dir='ltr'><strong>domi</strong></span> <span class='ocrx_word' id='word_1_170' title='bbox 1639 1403 1731 1441; x_wconf 87' lang='lat' dir='ltr'><strong>stare</strong></span> <span class='ocrx_word' id='word_1_171' title='bbox 1758 1416 1836 1441; x_wconf 93' lang='lat' dir='ltr'><strong>non</strong></span> 
     </span>
     <span class='ocr_line' id='line_1_20' title="bbox 446 1469 1836 1525; baseline -0.003 -15"><span class='ocrx_word' id='word_1_172' title='bbox 446 1481 633 1525; x_wconf 90' lang='lat' dir='ltr'><strong>poterant,</strong></span> <span class='ocrx_word' id='word_1_173' title='bbox 665 1471 770 1523; x_wconf 88' lang='lat' dir='ltr'><strong>largo</strong></span> <span class='ocrx_word' id='word_1_174' title='bbox 797 1480 835 1508; x_wconf 91' lang='lat' dir='ltr'><strong>et</strong></span> <span class='ocrx_word' id='word_1_175' title='bbox 861 1470 1010 1508; x_wconf 90' lang='lat' dir='ltr'><strong>liberali</strong></span> <span class='ocrx_word' id='word_1_176' title='bbox 1036 1471 1176 1508; x_wconf 89' lang='lat' dir='ltr'><strong>viatico</strong></span> <span class='ocrx_word' id='word_1_177' title='bbox 1205 1479 1481 1508; x_wconf 88' lang='lat' dir='ltr'><strong>commoveret.</strong></span> <span class='ocrx_word' id='word_1_178' title='bbox 1514 1469 1576 1508; x_wconf 83' lang='lat' dir='ltr'><strong>Sic</strong></span> <span class='ocrx_word' id='word_1_179' title='bbox 1605 1469 1836 1514; x_wconf 83' lang='lat' dir='ltr'><strong>adolescens,</strong></span> 
     </span>
     <span class='ocr_line' id='line_1_21' title="bbox 447 1534 1836 1590; baseline -0.003 -15"><span class='ocrx_word' id='word_1_180' title='bbox 447 1537 592 1590; x_wconf 86' lang='lat' dir='ltr'><strong>ingenii</strong></span> <span class='ocrx_word' id='word_1_181' title='bbox 615 1537 764 1589; x_wconf 87' lang='lat' dir='ltr'><strong>plenus,</strong></span> <span class='ocrx_word' id='word_1_182' title='bbox 795 1535 1006 1588; x_wconf 87' lang='lat' dir='ltr'><strong>locupletes</strong></span> <span class='ocrx_word' id='word_1_183' title='bbox 1027 1544 1150 1581; x_wconf 91' lang='lat' dir='ltr'><strong>metu,</strong></span> <span class='ocrx_word' id='word_1_184' title='bbox 1181 1545 1314 1573; x_wconf 91' lang='lat' dir='ltr'><strong>tenues</strong></span> <span class='ocrx_word' id='word_1_185' title='bbox 1334 1535 1507 1589; x_wconf 86' lang='lat' dir='ltr'><strong>praemio,</strong></span> <span class='ocrx_word' id='word_1_186' title='bbox 1537 1534 1672 1572; x_wconf 90' lang='lat' dir='ltr'><strong>stultos</strong></span> <span class='ocrx_word' id='word_1_187' title='bbox 1698 1547 1836 1579; x_wconf 92' lang='lat' dir='ltr'><strong>errore,</strong></span> 
     </span>
     <span class='ocr_line' id='line_1_22' title="bbox 446 1599 1837 1656; baseline -0.002 -15"><span class='ocrx_word' id='word_1_188' title='bbox 446 1604 651 1656; x_wconf 88' lang='lat' dir='ltr'><strong>permovit.</strong></span> <span class='ocrx_word' id='word_1_189' title='bbox 683 1603 744 1641; x_wconf 90' lang='lat' dir='ltr'><strong>Sic</strong></span> <span class='ocrx_word' id='word_1_190' title='bbox 771 1602 857 1641; x_wconf 90' lang='lat' dir='ltr'><strong>sunt</strong></span> <span class='ocrx_word' id='word_1_191' title='bbox 885 1601 1052 1654; x_wconf 80' lang='lat' dir='ltr'><strong>expressa</strong></span> <span class='ocrx_word' id='word_1_192' title='bbox 1078 1602 1145 1639; x_wconf 88' lang='lat' dir='ltr'><strong>ista</strong></span> <span class='ocrx_word' id='word_1_193' title='bbox 1171 1601 1360 1654; x_wconf 84' lang='lat' dir='ltr'><strong>praeclara,</strong></span> <span class='ocrx_word' id='word_1_194' title='bbox 1392 1615 1477 1654; x_wconf 87' lang='lat' dir='ltr'><strong>quae</strong></span> <span class='ocrx_word' id='word_1_195' title='bbox 1499 1601 1721 1645; x_wconf 86' lang='lat' dir='ltr'><strong>recitantur,</strong></span> <span class='ocrx_word' id='word_1_196' title='bbox 1751 1599 1837 1653; x_wconf 90' lang='lat' dir='ltr'><strong>pse-</strong></span> 
     </span>
     <span class='ocr_line' id='line_1_23' title="bbox 447 1667 1837 1722; baseline -0.003 -15"><span class='ocrx_word' id='word_1_197' title='bbox 447 1668 650 1722; x_wconf 88' lang='lat' dir='ltr'><strong>phismata,</strong></span> <span class='ocrx_word' id='word_1_198' title='bbox 685 1682 763 1707; x_wconf 90' lang='lat' dir='ltr'><strong>non</strong></span> <span class='ocrx_word' id='word_1_199' title='bbox 795 1667 1004 1713; x_wconf 88' lang='lat' dir='ltr'><strong>sententiis,</strong></span> <span class='ocrx_word' id='word_1_200' title='bbox 1039 1681 1164 1719; x_wconf 87' lang='lat' dir='ltr'><strong>neque</strong></span> <span class='ocrx_word' id='word_1_201' title='bbox 1194 1668 1497 1712; x_wconf 67' lang='lat' dir='ltr'><strong>auctoritatibus,</strong></span> <span class='ocrx_word' id='word_1_202' title='bbox 1534 1667 1731 1711; x_wconf 88' lang='lat' dir='ltr'><strong>declarata,</strong></span> <span class='ocrx_word' id='word_1_203' title='bbox 1765 1679 1837 1704; x_wconf 90' lang='lat' dir='ltr'><strong>nec</strong></span> 
     </span>
     <span class='ocr_line' id='line_1_24' title="bbox 442 1730 1838 1787; baseline -0.004 -14"><span class='ocrx_word' id='word_1_204' title='bbox 442 1735 686 1787; x_wconf 86' lang='lat' dir='ltr'><strong>jurejurando</strong></span> <span class='ocrx_word' id='word_1_205' title='bbox 717 1734 930 1778; x_wconf 64' lang='lat' dir='ltr'><strong>constricta,</strong></span> <span class='ocrx_word' id='word_1_206' title='bbox 965 1732 1027 1770; x_wconf 91' lang='lat' dir='ltr'><strong>sed</strong></span> <span class='ocrx_word' id='word_1_207' title='bbox 1060 1733 1287 1785; x_wconf 88' lang='lat' dir='ltr'><strong>porrigenda</strong></span> <span class='ocrx_word' id='word_1_208' title='bbox 1321 1746 1454 1777; x_wconf 90' lang='lat' dir='ltr'><strong>manu,</strong></span> <span class='ocrx_word' id='word_1_209' title='bbox 1491 1730 1838 1784; x_wconf 88' lang='lat' dir='ltr'><strong>profundendoque</strong></span> 
     </span>
     <span class='ocr_line' id='line_1_25' title="bbox 448 1798 1158 1846; baseline -0.004 -8"><span class='ocrx_word' id='word_1_210' title='bbox 448 1801 629 1846; x_wconf 91' lang='lat' dir='ltr'><strong>clamore,</strong></span> <span class='ocrx_word' id='word_1_211' title='bbox 660 1799 924 1838; x_wconf 85' lang='lat' dir='ltr'><strong>multitudinis</strong></span> <span class='ocrx_word' id='word_1_212' title='bbox 945 1798 1158 1836; x_wconf 84' lang='lat' dir='ltr'><strong>concitatae.</strong></span> 
     </span>
    </p>

    <p class='ocr_par' dir='ltr' id='par_1_3' title="bbox 448 1856 1837 2382">
     <span class='ocr_line' id='line_1_26' title="bbox 504 1856 1836 1917; baseline -0.003 -12"><span class='ocrx_word' id='word_1_213' title='bbox 504 1856 596 1905; x_wconf 81' lang='lat' dir='ltr'><strong>VH.</strong></span> <span class='ocrx_word' id='word_1_214' title='bbox 631 1868 667 1904; x_wconf 90' lang='lat' dir='ltr'>O</span> <span class='ocrx_word' id='word_1_215' title='bbox 688 1879 837 1904; x_wconf 85' lang='lat' dir='ltr'><strong>morem</strong></span> <span class='ocrx_word' id='word_1_216' title='bbox 858 1865 1096 1917; x_wconf 73' lang='lat' dir='ltr'><strong>praeclarum,</strong></span> <span class='ocrx_word' id='word_1_217' title='bbox 1127 1864 1461 1917; x_wconf 88' lang='lat' dir='ltr'><strong>disciplinamque,</strong></span> <span class='ocrx_word' id='word_1_218' title='bbox 1492 1876 1610 1915; x_wconf 90' lang='lat' dir='ltr'><strong>quam</strong></span> <span class='ocrx_word' id='word_1_219' title='bbox 1638 1877 1658 1901; x_wconf 91' lang='lat' dir='ltr'><strong>a</strong></span> <span class='ocrx_word' id='word_1_220' title='bbox 1677 1864 1836 1915; x_wconf 88' lang='lat' dir='ltr'><strong>majori-</strong></span> 
     </span>
     <span class='ocr_line' id='line_1_27' title="bbox 450 1928 1836 1983; baseline -0.001 -13"><span class='ocrx_word' id='word_1_221' title='bbox 450 1933 520 1970; x_wconf 87' lang='lat' dir='ltr'><strong>bus</strong></span> <span class='ocrx_word' id='word_1_222' title='bbox 541 1932 774 1983; x_wconf 87' lang='lat' dir='ltr'><strong>accepimus,</strong></span> <span class='ocrx_word' id='word_1_223' title='bbox 806 1930 831 1968; x_wconf 89' lang='lat' dir='ltr'>fi</span> <span class='ocrx_word' id='word_1_224' title='bbox 849 1931 1007 1982; x_wconf 90' lang='lat' dir='ltr'><strong>quidem</strong></span> <span class='ocrx_word' id='word_1_225' title='bbox 1031 1929 1269 1968; x_wconf 88' lang='lat' dir='ltr'><strong>teneremus!</strong></span> <span class='ocrx_word' id='word_1_226' title='bbox 1302 1929 1364 1967; x_wconf 91' lang='lat' dir='ltr'><strong>sed</strong></span> <span class='ocrx_word' id='word_1_227' title='bbox 1384 1928 1510 1967; x_wconf 88' lang='lat' dir='ltr'><strong>nescio</strong></span> <span class='ocrx_word' id='word_1_228' title='bbox 1531 1942 1609 1980; x_wconf 90' lang='lat' dir='ltr'><strong>quo</strong></span> <span class='ocrx_word' id='word_1_229' title='bbox 1629 1931 1739 1981; x_wconf 68' lang='lat' dir='ltr'><strong>pacto</strong></span> <span class='ocrx_word' id='word_1_230' title='bbox 1753 1930 1836 1981; x_wconf 88' lang='lat' dir='ltr'><strong>jam</strong></span> 
     </span>
     <span class='ocr_line' id='line_1_28' title="bbox 448 1995 1837 2048; baseline -0.002 -11"><span class='ocrx_word' id='word_1_231' title='bbox 448 2001 494 2037; x_wconf 88' lang='lat' dir='ltr'><strong>de</strong></span> <span class='ocrx_word' id='word_1_232' title='bbox 510 1998 689 2036; x_wconf 87' lang='lat' dir='ltr'><strong>manibus</strong></span> <span class='ocrx_word' id='word_1_233' title='bbox 705 1998 880 2035; x_wconf 88' lang='lat' dir='ltr'><strong>elabitur.</strong></span> <span class='ocrx_word' id='word_1_234' title='bbox 901 1997 1065 2035; x_wconf 91' lang='lat' dir='ltr'><strong>Nullam</strong></span> <span class='ocrx_word' id='word_1_235' title='bbox 1082 1997 1140 2035; x_wconf 89' lang='lat' dir='ltr'><strong>illi</strong></span> <span class='ocrx_word' id='word_1_236' title='bbox 1156 1997 1270 2035; x_wconf 90' lang='lat' dir='ltr'><strong>nostri</strong></span> <span class='ocrx_word' id='word_1_237' title='bbox 1287 1995 1548 2048; x_wconf 87' lang='lat' dir='ltr'><strong>sapientiffimi</strong></span> <span class='ocrx_word' id='word_1_238' title='bbox 1565 2004 1603 2033; x_wconf 91' lang='lat' dir='ltr'><strong>et</strong></span> <span class='ocrx_word' id='word_1_239' title='bbox 1619 1995 1837 2034; x_wconf 68' lang='lat' dir='ltr'><strong>sanctissimi</strong></span> 
     </span>
     <span class='ocr_line' id='line_1_29' title="bbox 448 2062 1837 2116; baseline -0.003 -11"><span class='ocrx_word' id='word_1_240' title='bbox 448 2067 517 2105; x_wconf 86' lang='lat' dir='ltr'><strong>viri</strong></span> <span class='ocrx_word' id='word_1_241' title='bbox 539 2066 618 2102; x_wconf 87' lang='lat' dir='ltr'><strong>vim</strong></span> <span class='ocrx_word' id='word_1_242' title='bbox 640 2064 837 2103; x_wconf 88' lang='lat' dir='ltr'><strong>concionis</strong></span> <span class='ocrx_word' id='word_1_243' title='bbox 859 2063 928 2101; x_wconf 85' lang='lat' dir='ltr'><strong>effe</strong></span> <span class='ocrx_word' id='word_1_244' title='bbox 947 2064 1151 2102; x_wconf 87' lang='lat' dir='ltr'><strong>voluerunt</strong></span> <span class='ocrx_word' id='word_1_245' title='bbox 1169 2078 1177 2102; x_wconf 94' lang='lat'><strong>:</strong></span> <span class='ocrx_word' id='word_1_246' title='bbox 1210 2077 1294 2116; x_wconf 90' lang='lat' dir='ltr'><strong>quae</strong></span> <span class='ocrx_word' id='word_1_247' title='bbox 1315 2062 1484 2100; x_wconf 89' lang='lat' dir='ltr'><strong>scisceret</strong></span> <span class='ocrx_word' id='word_1_248' title='bbox 1504 2062 1627 2115; x_wconf 87' lang='lat' dir='ltr'><strong>plebs,</strong></span> <span class='ocrx_word' id='word_1_249' title='bbox 1658 2071 1723 2100; x_wconf 88' lang='lat' dir='ltr'><strong>aut</strong></span> <span class='ocrx_word' id='word_1_250' title='bbox 1751 2077 1837 2115; x_wconf 87' lang='lat' dir='ltr'><strong>quae</strong></span> 
     </span>
     <span class='ocr_line' id='line_1_30' title="bbox 448 2128 1836 2186; baseline -0.001 -17"><span class='ocrx_word' id='word_1_251' title='bbox 448 2132 614 2186; x_wconf 85' lang='lat' dir='ltr'><strong>populus</strong></span> <span class='ocrx_word' id='word_1_252' title='bbox 639 2131 807 2183; x_wconf 89' lang='lat' dir='ltr'><strong>juberet,</strong></span> <span class='ocrx_word' id='word_1_253' title='bbox 844 2129 1036 2167; x_wconf 91' lang='lat' dir='ltr'><strong>summota</strong></span> <span class='ocrx_word' id='word_1_254' title='bbox 1069 2130 1271 2174; x_wconf 90' lang='lat' dir='ltr'><strong>concione,</strong></span> <span class='ocrx_word' id='word_1_255' title='bbox 1307 2128 1517 2167; x_wconf 89' lang='lat' dir='ltr'><strong>distributis</strong></span> <span class='ocrx_word' id='word_1_256' title='bbox 1546 2129 1732 2181; x_wconf 88' lang='lat' dir='ltr'><strong>partibus,</strong></span> <span class='ocrx_word' id='word_1_257' title='bbox 1765 2129 1836 2167; x_wconf 88' lang='lat' dir='ltr'><strong>tri-</strong></span> 
     </span>
     <span class='ocr_line' id='line_1_31' title="bbox 450 2194 1836 2249; baseline -0.003 -13"><span class='ocrx_word' id='word_1_258' title='bbox 450 2199 577 2237; x_wconf 85' lang='lat' dir='ltr'><strong>butim</strong></span> <span class='ocrx_word' id='word_1_259' title='bbox 609 2207 646 2235; x_wconf 92' lang='lat' dir='ltr'><strong>et</strong></span> <span class='ocrx_word' id='word_1_260' title='bbox 677 2197 921 2235; x_wconf 88' lang='lat' dir='ltr'><strong>centuriatim</strong></span> <span class='ocrx_word' id='word_1_261' title='bbox 953 2195 1149 2249; x_wconf 87' lang='lat' dir='ltr'><strong>descriptis</strong></span> <span class='ocrx_word' id='word_1_262' title='bbox 1179 2196 1393 2239; x_wconf 87' lang='lat' dir='ltr'><strong>ordinibus,</strong></span> <span class='ocrx_word' id='word_1_263' title='bbox 1424 2194 1614 2239; x_wconf 82' lang='lat' dir='ltr'><strong>claffibus,</strong></span> <span class='ocrx_word' id='word_1_264' title='bbox 1646 2196 1836 2240; x_wconf 81' lang='lat' dir='ltr'><strong>aetatibus,</strong></span> 
     </span>
     <span class='ocr_line' id='line_1_32' title="bbox 449 2262 1835 2315; baseline -0.002 -13"><span class='ocrx_word' id='word_1_265' title='bbox 449 2265 587 2303; x_wconf 86' lang='lat' dir='ltr'><strong>auditis</strong></span> <span class='ocrx_word' id='word_1_266' title='bbox 607 2264 838 2307; x_wconf 65' lang='lat' dir='ltr'><strong>auctoribus,</strong></span> <span class='ocrx_word' id='word_1_267' title='bbox 870 2276 907 2300; x_wconf 90' lang='lat' dir='ltr'><strong>re</strong></span> <span class='ocrx_word' id='word_1_268' title='bbox 928 2263 1072 2301; x_wconf 88' lang='lat' dir='ltr'><strong>multos</strong></span> <span class='ocrx_word' id='word_1_269' title='bbox 1093 2263 1172 2300; x_wconf 88' lang='lat' dir='ltr'><strong>dies</strong></span> <span class='ocrx_word' id='word_1_270' title='bbox 1193 2262 1434 2315; x_wconf 87' lang='lat' dir='ltr'><strong>promulgata</strong></span> <span class='ocrx_word' id='word_1_271' title='bbox 1454 2270 1491 2299; x_wconf 88' lang='lat' dir='ltr'><strong>et</strong></span> <span class='ocrx_word' id='word_1_272' title='bbox 1513 2262 1680 2314; x_wconf 91' lang='lat' dir='ltr'><strong>cognita,</strong></span> <span class='ocrx_word' id='word_1_273' title='bbox 1706 2262 1835 2314; x_wconf 89' lang='lat' dir='ltr'><strong>juberi</strong></span> 
     </span>
     <span class='ocr_line' id='line_1_33' title="bbox 450 2330 879 2382; baseline -0.005 -14"><span class='ocrx_word' id='word_1_274' title='bbox 450 2330 643 2382; x_wconf 87' lang='lat' dir='ltr'><strong>vetarique</strong></span> <span class='ocrx_word' id='word_1_275' title='bbox 663 2330 879 2367; x_wconf 85' lang='lat' dir='ltr'><strong>voluerunt.</strong></span> 
     </span>
    </p>

    <p class='ocr_par' dir='ltr' id='par_1_4' title="bbox 448 2363 1834 2513">
     <span class='ocr_line' id='line_1_34' title="bbox 503 2363 1833 2446; baseline -0.002 -13"><span class='ocrx_word' id='word_1_276' title='bbox 503 2398 730 2434; x_wconf 59' lang='lat' dir='ltr'><strong>Graecorum</strong></span> <span class='ocrx_word' id='word_1_277' title='bbox 757 2404 887 2432; x_wconf 85' lang='lat' dir='ltr'><strong>autem</strong></span> <span class='ocrx_word' id='word_1_278' title='bbox 914 2403 1002 2432; x_wconf 84' lang='lat' dir='ltr'><strong>totae</strong></span> <span class='ocrx_word' id='word_1_279' title='bbox 1028 2363 1250 2446; x_wconf 63' lang='lat' dir='ltr'><strong>respublicae</strong></span> <span class='ocrx_word' id='word_1_280' title='bbox 1271 2393 1432 2431; x_wconf 90' lang='lat' dir='ltr'><strong>sedentis</strong></span> <span class='ocrx_word' id='word_1_281' title='bbox 1451 2393 1649 2431; x_wconf 89' lang='lat' dir='ltr'><strong>concionis</strong></span> <span class='ocrx_word' id='word_1_282' title='bbox 1676 2392 1833 2431; x_wconf 89' lang='lat' dir='ltr'><strong>temeri-</strong></span> 
     </span>
     <span class='ocr_line' id='line_1_35' title="bbox 448 2458 1834 2513; baseline -0.003 -13"><span class='ocrx_word' id='word_1_283' title='bbox 448 2472 520 2500; x_wconf 85' lang='lat' dir='ltr'><strong>tate</strong></span> <span class='ocrx_word' id='word_1_284' title='bbox 541 2461 862 2499; x_wconf 80' lang='lat' dir='ltr'><strong>administrantur.</strong></span> <span class='ocrx_word' id='word_1_285' title='bbox 896 2462 1042 2513; x_wconf 83' lang='lat' dir='ltr'><strong>Itaque,</strong></span> <span class='ocrx_word' id='word_1_286' title='bbox 1075 2469 1115 2498; x_wconf 89' lang='lat' dir='ltr'><strong>ut</strong></span> <span class='ocrx_word' id='word_1_287' title='bbox 1136 2458 1234 2498; x_wconf 82' lang='lat' dir='ltr'><strong>hanc</strong></span> <span class='ocrx_word' id='word_1_288' title='bbox 1257 2460 1463 2505; x_wconf 77' lang='lat' dir='ltr'><strong>Graeciim,</strong></span> <span class='ocrx_word' id='word_1_289' title='bbox 1489 2473 1574 2512; x_wconf 81' lang='lat' dir='ltr'><strong>quae</strong></span> <span class='ocrx_word' id='word_1_290' title='bbox 1588 2459 1739 2512; x_wconf 88' lang='lat' dir='ltr'><strong>jamdiu</strong></span> <span class='ocrx_word' id='word_1_291' title='bbox 1760 2458 1834 2496; x_wconf 86' lang='lat' dir='ltr'><strong>suis</strong></span> 
     </span>
    </p>
   </div>
  </div>
 </body>
</html>
