2212 2835
382 188 428 215 10
871 174 1271 212 ORATIO

418 274 596 318 Utinam,
618 272 806 325 Qirites‚
824 273 994 310 virorum
1011 271 1172 311 fortium
1191 281 1304 326 atque
1323 272 1592 312 innocentium
1607 273 1761 326 copiam

377 349 522 378 tantam
545 338 749 383 haberetis,
772 347 814 376 ut
834 336 915 376 haec
935 339 1043 376 vobis
1064 338 1285 376 deliberatio
1305 339 1474 377 difficilis
1495 338 1597 384 esset,
1619 353 1760 391 quem·

377 419 467 444 nam
487 404 727 458 potiffimum
749 405 863 442 tantis
884 405 1010 449 rebus,
1032 418 1073 442 ac
1097 414 1202 443 tanto
1221 404 1338 449 bello,
1370 404 1660 457 praeficiendum
1687 419 1761 458 pu-

376 470 526 510 taretis!
558 470 680 509 Nunc
700 483 788 508 vero
807 484 900 508 cum
920 471 965 508 fit
985 484 1082 509 unus
1105 472 1179 509 Cn.
1201 471 1423 524 Pompeius,
1455 472 1524 523 qui
1545 485 1623 509 non
1644 471 1764 509 modo

376 551 511 576 eorum
530 536 752 582 hominum,
774 537 844 589 qui
863 551 967 575 nunc
987 537 1087 582 sunt,
1108 537 1286 590 gloriam,
1305 537 1367 575 sed
1387 538 1505 575 etiam
1524 537 1763 590 antiquitatis

377 603 621 648 memoriam,
643 602 784 641 virtute
804 603 986 655 superarit
1001 621 1012 648 ;
1045 616 1129 655 quae
1150 616 1205 641 res
1226 603 1292 648 est,
1319 617 1406 655 quae
1425 603 1653 656 cujusquam
1679 603 1762 640 ani-

377 683 488 708 mum
509 669 549 707 in
569 668 641 707 hac
658 669 766 707 causa
785 669 950 707 dubium
971 667 1093 707 facere
1112 669 1251 722 poffit?
1274 670 1360 722 Ego
1375 670 1481 708 enim
1500 669 1550 708 fic
1569 669 1763 714 existimo,

377 735 418 773 in
436 735 589 773 summo
609 735 837 788 imperatore
857 743 1021 788 quatuor
1040 734 1106 773 has
1127 748 1183 774 res
1213 734 1327 774 ineffe
1346 745 1534 789 oportere,
1565 735 1763 774 scientiam

377 802 429 840 rei
449 802 641 847 militaris,
662 801 860 847 virtutem,
881 802 1159 847 auctoritatem,
1181 800 1421 840 felicitatem.

433 868 533 920 Qis
564 868 684 921 igitur
703 866 779 906 hoc
799 866 960 906 homine
980 868 1157 906 scientior
1187 882 1360 921 unquam
1387 877 1453 907 aut
1478 867 1568 914 fuit,
1599 876 1665 906 aut
1692 867 1765 906 effe

377 934 512 973 debuit
530 935 543 972 ?
572 935 639 987 qui
660 948 679 971 e
698 934 792 972 ludo
813 943 927 986 atque
946 934 1118 987 pueritiae
1138 934 1351 987 disciplina,
1373 934 1476 973 bello
1496 934 1682 979 maximo,
1703 943 1764 972 at-

377 1015 454 1054 que
471 1001 665 1039 acerrimis
685 1000 872 1045 hostibus,
890 1001 936 1038 ad
951 1001 1066 1052 patris
1082 1000 1309 1045 exercitum,
1326 1009 1440 1053 atque
1459 1001 1500 1039 in
1519 1000 1669 1039 militiae
1687 1000 1764 1038 dis-

376 1067 577 1120 ciplinam,
598 1065 790 1119 profectus
811 1066 864 1104 est
881 1081 890 1103 ε
923 1066 992 1118 qui
1012 1075 1183 1104 extrema
1202 1067 1364 1119 pueritia
1384 1067 1496 1104 miles
1515 1065 1592 1105 fuit
1622 1065 1765 1105 summi

375 1132 617 1185 imperatoris
629 1150 642 1177 ς
673 1131 830 1169 ineunte
845 1130 1095 1169 adolescentia
1114 1131 1277 1170 maximi
1293 1131 1372 1185 ipse
1391 1132 1579 1171 exercitus
1595 1133 1764 1185 impera-

376 1207 463 1237 tor:
495 1198 564 1250 qui
584 1197 717 1250 saepius
738 1210 830 1235 cum
850 1196 956 1235 hoste
987 1197 1178 1243 conflixit,
1205 1211 1323 1250 quam
1344 1198 1546 1251 quisquam
1573 1212 1666 1236 cum
1685 1199 1765 1237 ini-

378 1265 483 1303 m1co
499 1264 731 1303 concertavit
743 1283 755 1309 5
774 1264 883 1317 plura
898 1263 998 1302 bella
1011 1264 1133 1316 gestit,
1150 1278 1268 1316 quam
1286 1265 1412 1303 caeteri
1424 1265 1599 1318 legerunt
1606 1283 1618 1310 ς
1636 1265 1766 1318 plures

377 1331 590 1384 provincias
610 1329 792 1375 confecit,
815 1343 933 1382 quarn
950 1330 1015 1368 alii
1034 1331 1362 1383 concupiverunt:
1385 1331 1494 1384 cujus
1514 1331 1767 1370 adolescentia

378 1397 424 1436 ad
446 1397 644 1436 scientiam
665 1397 718 1434 rei
735 1396 911 1435 militaris
929 1410 1007 1435 non
1022 1397 1153 1435 alienis
1171 1397 1383 1451 praeceptis,
1397 1398 1458 1436 sed
1474 1397 1548 1436 suis
1565 1398 1736 1451 imperiis
1750 1416 1763 1444 ;

379 1477 455 1503 non
476 1463 747 1502 offenfionibus
770 1462 875 1508 belli,
897 1463 958 1501 sed
977 1463 1169 1509 vietorii53
1201 1477 1279 1502 non
1299 1464 1512 1518 stipendiis,
1541 1464 1602 1502 sed
1622 1465 1765 1503 trium-

378 1528 483 1582 phis,
505 1529 557 1567 est
576 1529 736 1567 erudita.
769 1528 887 1580 Qod
907 1529 1074 1581 denique
1092 1542 1213 1582 genus
1243 1530 1338 1568 belli
1371 1529 1441 1568 effe
1460 1530 1595 1583 potest,
1626 1531 1666 1568 in
1687 1543 1767 1583 quo

380 1594 494 1633 illum
524 1608 602 1633 non
632 1594 843 1633 exercuerit
870 1593 1025 1633 fortuna
1054 1594 1302 1647 reipublicae?
1346 1595 1486 1641 Civile,
1518 1595 1764 1641 Africanum,

379 1661 694 1713 Transalpinum,
728 1660 994 1713 Hispaniense,
1035 1660 1194 1699 mistum
1225 1675 1273 1699 ex
1303 1661 1538 1706 civitatibus,
1570 1671 1684 1714 atque
1717 1675 1766 1700 ex

381 1726 669 1765 bellicofiffimis
700 1726 934 1771 nationibus,
970 1726 1113 1771 servile,
1137 1727 1266 1764 navale
1293 1726 1456 1764 bellum.
1489 1727 1604 1764 Varia
1635 1736 1673 1764 et
1703 1727 1764 1765 di-

379 1792 478 1830 versa
511 1805 649 1844 genera
679 1800 717 1830 et
742 1791 934 1829 bellorum
956 1800 993 1829 et
1012 1790 1198 1836 hostium,
1230 1805 1305 1830 non
1328 1791 1452 1830 solum
1483 1792 1584 1845 gesta
1612 1792 1658 1830 ab
1689 1791 1766 1831 hoc

380 1872 471 1903 uno,
494 1858 555 1896 sed
576 1858 691 1896 etiam
712 1856 900 1903 confecta,
918 1858 1065 1896 nullam
1084 1871 1164 1896 rem
1185 1858 1255 1896 effe
1275 1859 1480 1904 declarant,
1502 1860 1543 1897 in
1568 1859 1635 1897 usu
1656 1860 1764 1898 mili-

380 1924 449 1962 tari
469 1923 644 1976 positam,
665 1937 750 1976 quae
770 1921 884 1975 hujus
906 1924 977 1962 viri
998 1923 1196 1962 scientiam
1216 1923 1348 1976 fugere
1368 1924 1493 1977 poffit.

425 1992 498 2028 XI.
525 1991 613 2041 Jam
633 2003 721 2029 vero
741 1990 874 2028 virtuti
895 1991 970 2029 Cn.
990 1990 1166 2044 Pompeii
1188 2005 1272 2043 quae
1292 1991 1414 2044 potest
1433 2004 1500 2044 par
1519 1991 1639 2030 oratio
1658 1991 1765 2030 inve-

382 2057 483 2095 niri?
516 2056 623 2107 Qid
643 2056 708 2101 est,
731 2057 835 2108 quod
870 2056 1071 2109 quisquam
1091 2066 1156 2094 aut
1181 2057 1344 2110 dignum
1376 2058 1458 2103 illo,
1481 2067 1545 2096 aut
1564 2059 1673 2096 vobis
1694 2072 1766 2096 no-

379 2136 488 2166 vum,
510 2130 574 2159 aut
594 2122 777 2173 cuiquam
809 2122 1041 2166 inauditum,
1069 2122 1180 2174 poffit
1200 2121 1330 2160 afferre
1350 2123 1362 2159 ?
1394 2123 1535 2176 Neque
1556 2123 1661 2161 enim
1692 2123 1770 2161 illae

380 2188 467 2226 sunt
488 2187 571 2226 solae
592 2188 750 2225 virtutes
772 2188 1038 2240 imperatoria»,
1060 2201 1143 2240 quae
1163 2188 1280 2241 vulgo
1300 2188 1577 2234 existimantur,
1602 2189 1708 2227 labor
1727 2190 1768 2228 in

382 2254 550 2307 negotio,
572 2252 760 2292 fortitudo
781 2254 820 2291 in
840 2254 1036 2306 periculis,
1066 2254 1248 2292 industria
1268 2255 1308 2292 in
1339 2255 1499 2307 agendo,
1531 2255 1700 2293 celeritas
1726 2255 1768 2293 in

381 2320 636 2366 conficiendo,
669 2320 872 2358 confilium
904 2321 943 2359 in
976 2321 1238 2373 providendo:
1261 2335 1346 2374 quae
1378 2331 1482 2360 tanta
1507 2322 1594 2360 sunt
1624 2322 1663 2359 in
1692 2321 1767 2361 hoc

383 2399 474 2431 uno,
499 2396 638 2438 quanta
658 2387 698 2425 in
725 2386 906 2425 omnibus
928 2387 1084 2438 reliquis
1112 2387 1420 2441 imperatoribuS,
1453 2401 1549 2441 quos
1571 2397 1636 2426 aut
1665 2387 1766 2426 vidi-

383 2465 471 2490 mus
491 2461 554 2490 aut
575 2453 806 2498 audivimus,
827 2466 903 2492 non
925 2452 1095 2492 fuerunt.
