2212 2835
646 187 782 228 PRO
841 188 892 225 A.
954 181 1364 224 CLUENTIO.
1661 191 1712 232 27

316 292 425 331 taciti
444 290 672 345 cogitationi
691 289 817 328 vestrae
838 286 1046 340 subjiciatis
1064 304 1077 330 ;
1105 283 1168 323 sed
1183 283 1230 322 ad
1249 290 1468 321 extremum
1488 277 1712 332 expectetis,

318 369 357 399 et
376 374 439 398 me
459 372 594 398 meum
614 357 768 396 dicendi
787 355 966 393 ordinem
986 353 1129 391 servare
1148 349 1364 404 patiamini.
1397 349 1503 386 Cum
1521 358 1712 400 peroraro,

319 437 420 473 turn,
443 428 469 465 fi
490 425 586 478 quid
605 424 684 468 erit,
697 422 950 476 praeteritum,
971 434 992 458 a
1012 432 1076 458 me
1097 416 1313 470 requiratis.

374 494 448 531 III.
481 493 569 544 Ego
590 504 667 535 me,
690 489 861 541 Judices,
892 487 939 525 ad
958 500 1042 525 earn
1061 483 1211 524 causam
1231 481 1422 526 accedere,
1447 494 1532 533 quae
1547 480 1627 532 jam
1650 491 1717 532 per

319 572 437 598 annos
468 560 555 597 octo
584 557 790 595 continuos
824 568 872 593 ex
905 552 1094 592 contraria
1128 558 1234 604 parte
1264 548 1454 592 audiatur,
1491 555 1605 598 atque
1639 531 1728 597 ipsa>

318 625 503 677 opinione
522 623 734 662 hominum
754 621 869 660 tacita
888 633 1007 674 prope
1034 618 1208 657 convicta
1227 623 1342 667 atque
1369 613 1549 652 damnata
1568 611 1627 655 fit,
1658 608 1717 647 fa-

321 692 396 730 cile
416 691 592 744 intelligo
610 705 619 729 :
652 689 728 735 sed,
750 689 776 728 fi
797 688 882 742 quis
904 685 1006 726 mihi
1026 686 1134 724 Deus
1154 683 1314 723 vestram
1334 681 1381 720 ad
1400 694 1464 720 me
1483 677 1719 718 audiendum

322 759 633 798 benevolentiam
653 756 883 800 conciliarit,
916 753 1082 792 efficiam
1103 750 1290 806 profecto,
1322 758 1366 788 ut
1386 745 1626 800 intelligatis,
1656 743 1719 781 ni-

322 824 382 863 hil
402 825 474 864 effe
494 824 648 864 homini
670 833 750 863 tam
770 821 1007 866 timendum,
1026 833 1146 873 quam
1169 817 1382 861 invidiam;
1411 812 1512 853 nihil
1531 813 1721 850 innocen-

323 892 368 937 ti,
404 891 575 946 suscepta
604 891 762 935 invidia,
790 898 870 928 tam
901 886 1133 942 optandum,
1171 897 1289 937 quam
1324 894 1480 934 aequum
1510 877 1721 932 judicium,

325 959 431 1011 quod
450 959 491 996 in
511 958 587 997 hoc
608 971 686 996 uno
702 957 868 1008 denique
887 954 986 993 falsae
1007 951 1177 992 infamiae
1193 950 1281 989 finis
1302 949 1441 1001 aliquis
1462 956 1577 999 atque
1597 945 1723 983 exitus

327 1026 546 1078 reperiatur.
570 1023 839 1076 Qamobrem
861 1034 999 1073 magna
1020 1032 1084 1057 me
1104 1018 1186 1071 spes
1207 1025 1325 1060 tenet,
1347 1016 1373 1053 fi
1394 1028 1449 1059 ea,
1472 1027 1557 1066 quae
1576 1012 1664 1049 sunt
1683 1010 1725 1047 in

327 1091 447 1136 causa,
470 1091 674 1144 explicare,
695 1098 810 1141 atque
831 1087 964 1126 omnia
990 1084 1154 1123 dicendo
1179 1082 1378 1134 consequi,
1410 1089 1585 1134 potuero,
1619 1076 1725 1114 hunc

326 1157 460 1196 locum
479 1155 768 1207 consessumque
788 1152 969 1196 vestrum,
997 1163 1117 1203 quern
1138 1148 1196 1186 illi
1217 1146 1446 1186 horribilem
1468 1146 1517 1183 A.
1541 1142 1725 1182 Cluentio

328 1237 370 1262 ac
390 1221 688 1262 formidolosum
709 1220 790 1259 fore
811 1218 1055 1273 putaverunt,
1078 1229 1170 1254 eum
1186 1213 1342 1253 tandem
1361 1213 1442 1265 ejus
1462 1210 1627 1249 fortunae
1648 1208 1726 1246 mi-

327 1289 428 1335 serae,
450 1290 703 1340 multumque
716 1288 880 1340 ja&atae‚
911 1293 1072 1339 portum
1090 1295 1133 1320 ac
1151 1279 1375 1335 perfugium
1395 1277 1590 1317 futurum.

386 1356 558 1395 Tametfi
578 1353 772 1409 permulta
792 1353 892 1396 sunt,
915 1365 1000 1404 quae
1021 1349 1135 1394 mihi,
1161 1358 1369 1399 antequam
1390 1345 1436 1383 de
1456 1343 1565 1383 causa
1584 1341 1727 1386 dicam,

329 1423 377 1461 de
397 1421 677 1461 communibus
698 1419 852 1458 invidiae
873 1416 1055 1471 periculis
1071 1414 1233 1454 dicenda
1248 1412 1319 1451 effe
1337 1412 1559 1454 videantur;
1583 1417 1728 1452 tamen,

331 1503 378 1528 ne
398 1489 543 1528 diutius
563 1489 735 1527 oratione
755 1499 840 1524 mea
869 1482 1041 1537 suspensa
1070 1480 1284 1534 expectatio
1310 1478 1427 1517 vestra
1447 1484 1632 1518 teneatur,
1661 1487 1730 1525 ag-

332 1557 479 1608 grediar
499 1557 543 1594 ad
565 1556 714 1594 crimen
735 1567 828 1592 cum
848 1552 914 1589 illa
935 1549 1218 1602 deprecatione,
1242 1546 1413 1598 Judices,
1446 1557 1521 1596 qua
1542 1541 1643 1580 mihi
1664 1540 1731 1578 sae·

335 1623 418 1675 pius
439 1622 630 1660 utendum
649 1620 720 1658 effe
740 1618 932 1670 intelligo,
964 1616 1013 1653 fic
1046 1623 1088 1652 ut
1109 1627 1172 1652 me
1192 1612 1369 1656 audiatis,
1402 1610 1504 1663 quasl
1531 1608 1606 1646 hoc
1629 1617 1731 1645 tem-

333 1703 425 1741 pore
445 1687 527 1726 haec
556 1687 663 1725 causa
682 1686 856 1738 primum
877 1684 1039 1726 dicatur,
1063 1680 1173 1718 sicuti
1204 1678 1373 1721 dicitur;
1405 1690 1484 1714 non
1506 1673 1608 1727 quali
1639 1673 1734 1725 saepc

329 1758 410 1808 jam
431 1755 544 1799 dieta,
575 1763 612 1792 et
632 1765 831 1804 nunquam
854 1750 1012 1804 probata
1032 1747 1089 1786 fit.
1129 1746 1332 1785 Hodierno
1352 1743 1457 1781 enim
1478 1742 1538 1779 die
1560 1741 1733 1793 primum

335 1823 470 1861 veteris
491 1822 597 1860 istius
617 1819 792 1859 criminis
813 1816 988 1856 diluendi
1009 1813 1168 1868 potestas
1189 1813 1242 1850 est
1263 1811 1375 1849 data:
1407 1818 1494 1847 ante
1523 1807 1598 1845 hoc
1630 1816 1733 1844 tem—

335 1903 407 1942 pus
428 1902 530 1927 error
561 1888 601 1924 in
622 1885 695 1924 hac
724 1885 833 1923 causa
852 1893 966 1936 atque
991 1881 1136 1919 invidia
1167 1878 1306 1917 versata
1337 1876 1402 1915 est.
1449 1873 1732 1926 Qamobrem,

336 1957 431 1994 dum
466 1956 683 1994 multorum
717 1964 907 1990 annorum
943 1947 1174 1987 accusationi
1195 1945 1359 1983 breviter
1391 1941 1639 1992 dilucideque
1674 1952 1734 1976 re-

338 2023 516 2076 spondeo,
534 2020 674 2074 quaeso,
697 2029 741 2057 ut
757 2033 834 2063 me,
852 2016 1023 2069 Judices,
1047 2015 1158 2052 ficuti
1177 2012 1300 2052 facere
1318 2008 1545 2052 instituistis,
1569 2006 1735 2058 benigne

338 2099 557 2142 attenteque
577 2088 752 2126 audiatis.

395 2157 465 2194 IV.
499 2153 717 2207 Corrupiffe
750 2153 892 2191 dicitur
913 2154 962 2189 A.
988 2148 1194 2188 Cluentius
1221 2144 1417 2198 judicium
1451 2141 1625 2195 pecunia,
1657 2151 1734 2190 qno

341 2223 549 2260 inimicum
584 2221 694 2259 suum
729 2220 976 2257 innocentem
995 2246 1005 2261 ,
1041 2215 1206 2253 Statium
1233 2211 1412 2254 Albium,
1447 2207 1733 2246 condemnaret.

344 2288 567 2333 Ostendam,
586 2288 757 2338 Judioes,
775 2285 963 2339 primum,
982 2282 1167 2336 quoniam
1187 2286 1304 2331 caput
1322 2277 1428 2315 illius
1449 2272 1655 2313 atrocitatis
1677 2280 1734 2307 at-

342 2368 417 2407 que
442 2354 594 2391 invidiae
614 2353 704 2398 fuit,
726 2354 971 2391 innocentem
995 2348 1158 2402 pecunia
1177 2346 1505 2385 circumventum,
1536 2337 1735 2376 neminem

284 2447 288 2451 ,
344 2434 516 2473 unquam
537 2420 746 2471 majoribus
767 2418 1012 2461 criminibus,
1045 2412 1283 2468 gravioribus
1305 2409 1476 2450 testibus,
1508 2405 1578 2442 effe
1604 2404 1643 2440 in
1669 2404 1736 2454 ju-

343 2489 491 2527 dicium
513 2496 720 2531 vocatum5
753 2484 902 2530 deinde,
938 2497 980 2521 ea
999 2483 1045 2520 de
1066 2495 1110 2520 eo
1131 2477 1350 2533 praejudicia
1369 2473 1439 2512 effe
1461 2471 1557 2510 fausta
1584 2470 1630 2507 ab
1651 2469 1737 2521 ipsis

1336 2541 1429 2579 D2
