2212 2835
468 157 543 198 302
975 133 1380 176 ORATIO

465 243 655 298 cupiditas
678 238 885 279 retinendae
911 236 1142 291 poffeffionis
1158 265 1169 282 ,
1200 249 1242 274 ea
1268 235 1409 274 Cincio
1435 248 1514 275 non
1538 235 1682 283 fuerit,
1713 236 1864 291 praediis

467 310 686 362 diminutis.

522 378 610 427 Jam
649 388 739 413 vero
775 372 873 411 illud
911 384 1031 424 quam
1069 369 1320 416 incredibile,
1360 383 1478 422 quam
1517 369 1757 409 absurdum?
1798 370 1868 422 qui

466 444 604 481 Romae
621 442 766 480 caedem
786 439 923 484 facere,
956 439 1025 490 qui
1045 437 1146 476 hanc
1169 438 1305 475 urbem
1325 437 1582 483 inflammare,
1614 437 1744 482 vellet,
1775 450 1869 475 eum

466 508 808 548 familiariffimum
839 506 951 545 suum
982 505 1178 543 dimittere
1208 504 1254 542 ab
1286 503 1336 548 se,
1367 513 1405 542 et
1435 504 1615 542 mandare
1645 504 1686 542 in
1710 503 1869 542 ultimas

467 587 582 616 terras
602 578 614 614 ?
646 577 794 614 Utrum
815 588 893 627 quo
914 572 1065 610 facilius
1088 573 1227 610 Romae
1248 584 1302 616 ea,
1334 585 1419 623 quae
1439 571 1664 616 conabatur,
1686 571 1868 615 efficeret,

468 645 495 681 fi
516 645 556 681 in
578 642 767 695 Hispania
788 641 988 678 turbatum
1008 637 1098 676 effet
1117 638 1129 675 ?
1161 647 1198 676 at
1218 636 1300 676 haec
1320 637 1399 691 ipsa
1418 651 1485 690 per
1504 638 1540 676 se
1564 638 1639 676 fine
1667 637 1746 676 ulla
1773 650 1870 675 con-

461 710 666 764 junffione
695 708 921 761 agebantur.
953 706 1018 743 An
1048 706 1089 742 in
1121 705 1235 741 tantis
1268 704 1402 749 rebus,
1433 713 1514 742 tam
1545 705 1653 742 novis
1684 703 1869 748 consiliis,

470 787 550 815 tam
572 774 792 829 periculofis
806 803 817 818 ‚
850 782 929 810 tam
950 771 1205 814 turbulentis,
1235 769 1441 808 hominem
1460 770 1767 809 amantiffimum
1788 770 1870 815 sui,

468 840 809 881 familiariffimum
825 868 836 885 ,
867 837 1225 890 conjundfiffimum
1245 835 1384 874 officiis
1399 865 1410 881 ‚
1441 835 1537 880 usu,
1568 836 1869 881 consuetudine,

470 907 752 948 dimittendum
782 905 853 944 effe
870 903 1142 943 arbitraretur?
1173 901 1380 941 verisimile
1399 915 1479 940 non
1499 901 1572 947 est,
1602 911 1670 947 ut,
1693 915 1812 954 quem
1832 902 1874 939 in

471 976 643 1014 secundis
680 974 808 1018 rebus,
845 986 963 1025 quem
997 972 1038 1009 in
1068 971 1163 1016 otio,
1194 969 1324 1008 secum
1354 968 1502 1022 semper
1531 967 1734 1014 habuisset,
1765 966 1873 1006 hunc

471 1044 510 1081 in
545 1041 718 1086 adverfis,
749 1049 787 1078 et
820 1040 861 1078 in
892 1052 938 1076 eo
972 1037 1161 1083 tumultu,
1198 1050 1319 1089 quem
1353 1036 1432 1089 ipse
1464 1035 1727 1089 comparabat,
1759 1035 1806 1074 ab
1838 1033 1875 1073 se

467 1109 699 1148 dimitteret.

526 1175 611 1228 Ipse
645 1183 776 1212 autem
812 1171 974 1210 Cincius
1011 1171 1120 1222 (non
1152 1169 1259 1207 enim
1299 1167 1400 1207 mihi
1439 1168 1640 1216 deserenda
1676 1168 1730 1206 est
1767 1166 1876 1206 causa

473 1243 589 1281 amici
619 1241 754 1279 veteris
785 1248 899 1291 atque
930 1237 1121 1290 hospitis)
1155 1235 1338 1283 isvhomo
1367 1236 1433 1282 est,
1465 1245 1530 1274 aut
1560 1249 1602 1273 ea
1637 1235 1801 1279 familia,
1831 1247 1875 1272 ac

472 1309 690 1361 disciplina,
722 1316 765 1345 ut
798 1305 874 1344 hoc
905 1305 1008 1342 credi
1039 1304 1166 1356 possit,
1197 1317 1288 1341 eum
1319 1303 1467 1340 bellum
1499 1302 1722 1355 reipublicae
1751 1300 1878 1339 facere

473 1375 662 1414 voluiffe?
695 1383 751 1418 ut,
783 1373 893 1425 cujus
915 1381 1034 1424 pater,
1067 1384 1160 1408 cum
1187 1370 1313 1408 caeteri
1340 1370 1549 1407 deficerent
1568 1368 1731 1406 finitimi
1751 1368 1876 1406 aevi-

474 1443 578 1487 cini,
610 1440 790 1494 singulari
810 1440 981 1478 extiterit
1008 1438 1049 1475 in
1077 1436 1360 1490 rempublicam
1382 1436 1549 1479 nostram
1569 1435 1700 1474 officio
1717 1444 1754 1473 et
1774 1434 1876 1479 fide,

474 1512 506 1549 is
537 1510 606 1548 fibi
636 1507 828 1547 nefarium
855 1506 1005 1544 bellum
1035 1513 1168 1542 contra
1195 1504 1357 1557 patriam
1387 1503 1671 1556 suscipiendum
1692 1501 1877 1555 putaret?

475 1577 585 1629 cujus
607 1590 653 1615 aes
674 1575 845 1614 alienum
867 1573 1043 1611 videmus
1058 1600 1069 1617 ,
1099 1571 1257 1623 Judices
1273 1601 1284 1617 ,
1316 1585 1395 1609 non
1421 1571 1585 1609 libidine
1599 1599 1610 1616 ,
1641 1569 1705 1608 sed
1730 1568 1881 1622 negotii

474 1644 632 1697 gerendi
654 1643 803 1687 studio,
835 1640 906 1679 effe
926 1640 1196 1678 contractum:
1229 1639 1298 1691 qui
1324 1639 1377 1677 ita
1404 1639 1543 1677 Romae
1574 1637 1735 1682 debuit,
1766 1644 1811 1675 ut
1837 1636 1879 1674 in

476 1710 701 1764 provinciis,
732 1709 831 1747 etin
852 1707 994 1760 regnis,
1025 1705 1207 1743 maximae
1228 1705 1264 1742 ei
1290 1705 1464 1757 pecuniae
1493 1704 1751 1742 deberentur:
1783 1714 1878 1755 quas

476 1791 567 1815 cum
590 1785 748 1829 peteret,
769 1788 846 1813 non
866 1772 1075 1817 commifit,
1093 1780 1137 1809 ut
1157 1770 1213 1808 sui
1232 1779 1495 1824 procuratores
1517 1770 1734 1822 quidquam
1750 1768 1878 1807 one-ris

479 1843 634 1881 absente
651 1841 687 1879 se
707 1841 931 1878 sustinerent
947 1857 959 1884 3
992 1838 1121 1875 venire
1141 1850 1276 1875 omnes
1297 1836 1377 1875 suas
1399 1836 1636 1890 poss‘effiones
1651 1864 1662 1881 ,
1693 1844 1732 1873 et
1758 1834 1879 1887 patri-

478 1910 614 1948 monio
634 1908 668 1946 se
688 1906 926 1945 ornatiffimo
948 1904 1112 1958 spoliari,
1144 1903 1297 1948 maluit,
1331 1917 1448 1956 quam
1471 1902 1592 1941 ullam
1613 1915 1763 1940 moram
1792 1901 1880 1939 cui-

479 1989 596 2029 quam
619 1974 700 2012 fieri
720 1973 958 2012 creditorum
979 1971 1149 2009 suorum.
1186 1972 1223 2008 A
1244 1984 1323 2022 quo
1343 1970 1502 2022 quidem
1523 1982 1674 2022 genere,
1707 1967 1880 2020 Judices,

479 2056 552 2095 ego
573 2054 775 2093 nunquam
796 2039 927 2083 timui,
954 2052 1046 2076 curn
1066 2038 1108 2075 in
1128 2036 1194 2075 illa
1214 2037 1437 2090 reipublicae
1456 2035 1680 2088 tempestate
1706 2034 1880 2073 versarer.

483 2108 585 2148 Illud
620 2116 696 2145 erat
730 2118 852 2158 genus
887 2103 1098 2142 hominum
1128 2101 1313 2141 horribile
1342 2112 1381 2140 et
1411 2100 1778 2155 pertimescendum,
1813 2099 1883 2152 qui

482 2183 589 2213 tanto
609 2186 736 2211 amore
757 2172 837 2210 suas
858 2170 1096 2224 poffeffiones
1117 2169 1286 2223 amplexi
1307 2169 1503 2214 tenebant,
1536 2176 1579 2206 ut
1603 2167 1649 2205 ab
1670 2166 1730 2206 his
1752 2181 1882 2206 mem-

484 2244 549 2280 bra
583 2240 715 2278 divelli
749 2239 864 2277 citius
900 2251 943 2276 ac
973 2235 1129 2275 distrahi
1158 2236 1260 2290 poffe
1291 2236 1446 2274 diceres.
1485 2235 1648 2273 Cincius
1680 2247 1882 2287 nunquam

484 2309 552 2346 {ibi
583 2306 854 2360 cognationem
885 2318 979 2342 cum
1008 2304 1160 2357 praediis
1192 2303 1263 2341 effe
1295 2302 1525 2341 existimavit
1553 2301 1656 2340 suis:
1689 2302 1820 2354 itaque
1847 2299 1884 2338 se

485 2388 561 2412 non
584 2374 701 2411 modo
720 2386 767 2410 ex
788 2371 1001 2425 suspicione
1021 2370 1118 2408 tanti
1136 2369 1299 2414 sceleris,
1323 2382 1457 2407 verum
1478 2368 1594 2407 etiam
1614 2381 1660 2406 ex
1679 2367 1789 2406 omni
1808 2365 1882 2404 ho—

484 2442 640 2480 minum
662 2440 848 2486 sermone,
880 2452 959 2479 non
979 2437 1109 2484 armis,
1141 2437 1203 2477 sed
1222 2436 1458 2492 patrimonio
1480 2435 1558 2481 suo,
1591 2434 1812 2475 vindicavit.
