2212 2835
376 156 398 182 2
868 145 1268 183 ORATIO

373 242 599 280 dilationem
619 241 871 279 comitiorum
902 250 958 279 ter
978 242 1120 280 Praetor
1145 243 1294 295 primus
1325 242 1506 281 centuriis
1527 242 1676 282 cunctis
1697 255 1757 280 re-

372 310 569 346 nuntiatus
591 308 689 351 sum,
711 307 823 345 facile
854 308 1041 353 intellexi,
1070 309 1258 360 Qirites,
1279 318 1317 347 et
1336 309 1431 361 quid
1451 309 1497 346 de
1517 322 1579 347 me
1603 309 1756 361 judica-

373 375 476 418 retis,
509 383 546 411 et
564 373 658 425 quid
678 372 760 410 aliis
791 373 1096 425 praescriberetis.
1127 374 1262 419 Nunc,
1294 389 1386 412 cum
1407 384 1445 412 et
1464 375 1696 413 auctoritatis
1716 374 1758 412 in

372 453 436 477 me
457 449 607 477 tantum
634 439 692 483 fit,
710 449 899 491 quantum
919 453 983 477 vos
1006 438 1217 478 honoribus
1237 441 1461 479 mandandis
1482 441 1552 478 effe
1570 441 1756 485 voluistis,

371 515 409 544 et
429 507 475 544 ad
495 506 687 559 agendum
718 505 911 544 facultatis
933 516 1098 552 tantum,
1123 516 1312 559 quantum
1343 507 1496 546 homini
1516 508 1691 560 vigilanti
1710 520 1758 546 ex

370 571 506 610 forensi
529 572 596 610 usu
616 585 734 625 prope
754 572 975 624 quotidiana
1004 573 1156 611 dicendi
1187 574 1412 612 exercitatio
1436 574 1565 626 potuit
1595 572 1726 611 afferre
1742 592 1755 619 ;

370 649 486 684 certe,
508 649 545 677 et
564 639 590 677 fi
612 639 706 691 quid
726 639 956 677 auctoritatis
977 639 1017 677 in
1038 653 1101 677 me
1117 640 1183 685 est,
1205 654 1246 678 ea
1265 641 1366 693 apud
1385 654 1447 679 eos
1468 649 1564 686 utar,
1583 641 1652 692 qui
1671 653 1757 678 eam

370 704 472 743 mihi
505 705 704 749 dederunt,
735 714 772 742 et
793 705 818 742 fi
840 705 934 756 quid
964 706 1081 743 etiam
1111 705 1273 744 dicendo
1304 706 1485 759 consequi
1513 706 1678 759 poffum,
1709 706 1755 743 iis

369 771 562 809 ostendam
582 770 837 824 potissimum,
853 771 921 822 qui
941 771 975 809 ei
996 785 1150 824 quoque
1171 773 1225 810 rei
1244 772 1415 810 fructum
1436 772 1664 825 suojudicio
1684 772 1755 810 tri-

369 837 570 875 buendum
590 837 660 875 effe
679 837 919 875 censuerunt.
943 840 1074 890 Atque
1094 838 1191 876 illud
1212 838 1251 876 in
1272 839 1407 891 primis
1428 837 1529 876 mihi
1548 838 1756 877 laetandum

362 904 450 955 jure
470 902 540 941 effe
559 903 683 948 video,
715 903 818 954 quod
845 903 885 940 in
905 902 977 941 hac
996 903 1148 942 insolita
1178 903 1280 944 mihi
1309 918 1355 942 ex
1385 903 1462 942 hoc
1492 904 1580 942 loco
1609 905 1755 942 ratione

368 969 522 1007 dicendi
552 969 660 1007 causa
680 969 764 1007 talis
784 969 911 1007 oblata
931 969 996 1013 est,
1016 969 1057 1006 in
1077 983 1152 1020 qua
1171 970 1290 1006 oratio
1310 969 1427 1006 deeffe
1449 970 1596 1006 nemini
1616 970 1752 1022 potest.

367 1035 592 1073 Dicendum
613 1034 666 1072 est
684 1034 790 1072 enim
810 1034 857 1071 de
874 1034 950 1072 Cn.
967 1034 1145 1087 Pompeii
1160 1034 1339 1087 singulari
1354 1035 1573 1087 eximiaque
1592 1035 1732 1073 virtute
1739 1053 1752 1080 ς

364 1099 480 1153 hujus
502 1109 631 1138 autern
650 1099 830 1137 orationis
851 1098 1047 1138 difficilius
1078 1100 1131 1137 est
1160 1101 1323 1145 exitum,
1356 1114 1473 1152 quarn
1499 1101 1752 1154 principium,

365 1167 562 1205 invenire:
594 1165 647 1204 ita
680 1164 781 1204 mihi
807 1179 885 1204 non
915 1174 995 1204 tam
1025 1167 1148 1219 copia,
1181 1181 1299 1220 quam
1330 1167 1485 1213 modus,
1515 1167 1556 1206 in
1589 1167 1754 1207 dicendo

365 1233 590 1285 quaerendus
610 1232 677 1271 cst.

421 1300 475 1337 ΙΙ.
507 1300 638 1350 Atque
659 1308 701 1336 ut
734 1297 821 1336 inde
850 1298 971 1336 oratio
992 1312 1077 1337 mea
1097 1298 1370 1351 proficiscatur,
1402 1299 1502 1338 unde
1522 1297 1605 1338 haec
1624 1300 1752 1338 omnis

365 1364 473 1402 causa
493 1364 672 1402 ducitur:
705 1363 853 1402 bellum
873 1377 985 1415 grave
1010 1373 1047 1402 et
1068 1364 1325 1416 periculosum
1355 1365 1482 1403 vestris
1502 1365 1751 1418 vectigalibus
1802 1416 1804 1418 v

365 1441 478 1483 atque
498 1429 609 1469 sociis
636 1443 656 1467 a
679 1429 828 1468 duobus
848 1430 1118 1481 potentiffimis
1140 1431 1294 1483 regibus
1324 1430 1500 1476 infertur,
1520 1431 1751 1470 Mithridate

365 1508 401 1535 et
422 1498 618 1549 Tigrane,
651 1509 818 1548 quorum
850 1496 943 1534 alter
974 1497 1141 1542 relictus,
1173 1497 1266 1536 alter
1285 1497 1486 1543 laceffitus‚
1514 1498 1750 1536 occafionem

363 1563 432 1600 fibi
462 1563 508 1600 ad
538 1562 799 1614 occupandam
830 1561 959 1599 Afiam
990 1562 1158 1600 oblatam
1190 1562 1261 1600 effe
1290 1563 1505 1602 arbitratur.
1538 1564 1750 1616 Equitibus

365 1628 565 1672 Romanis,
597 1626 866 1665 honestiffimis
887 1628 991 1672 viris,
1013 1627 1222 1666 afferuntur
1249 1642 1296 1667 ex
1316 1629 1404 1668 Afia
1423 1629 1597 1681 quotidie
1617 1629 1749 1675 literae,

363 1708 529 1747 quorum
552 1707 699 1746 magnae
720 1707 777 1731 res
803 1703 982 1745 aguntur,
1012 1694 1053 1731 in
1087 1694 1216 1732 vestris
1250 1695 1499 1748 vectigalibus
1531 1693 1749 1734 exercendis

362 1770 583 1814 occupatae,
615 1760 682 1812 qui
713 1760 758 1797 ad
790 1774 852 1798 me
871 1774 941 1813 pro
961 1761 1245 1807 neceffitudine,
1267 1775 1351 1814 quae
1372 1761 1472 1800 mihi
1498 1762 1550 1800 est
1569 1775 1660 1800 cum
1680 1762 1749 1800 illo

361 1828 507 1872 ordine,
539 1827 688 1868 causam
710 1827 942 1880 reipublicae,
975 1827 1218 1881 periculaque
1249 1841 1376 1866 rerum
1398 1828 1566 1873 suarum,
1597 1828 1746 1866 detule-

362 1905 477 1933 runt:
508 1893 717 1946 Bithyniae,
749 1908 833 1947 quae
863 1909 968 1933 nunc
994 1896 1112 1935 vestra
1144 1896 1338 1950 provincia
1367 1896 1432 1941 est,
1465 1896 1568 1934 vicos
1598 1896 1746 1934 exustos

360 1961 429 2000 effe
450 1961 667 2014 complures
687 1976 695 1999 :
728 1975 891 2014 regnum
911 1963 1197 2009 Ariobarzanis,
1225 1963 1330 2016 quod
1350 1963 1565 2001 finitimum
1585 1962 1637 2000 est
1664 1963 1745 2000 ves-

361 2029 426 2066 tris
455 2027 717 2080 vectigalibus,
749 2037 877 2066 toturn
906 2029 976 2067 effe
1005 2030 1045 2067 in
1075 2029 1243 2068 hostium
1273 2029 1481 2082 potestate:
1515 2029 1743 2073 Lucullum,

359 2095 509 2148 magnis
531 2094 641 2132 rebus
661 2094 788 2147 gestis,
810 2095 856 2133 ab
877 2109 921 2134 eo
942 2096 1045 2134 bello
1065 2096 1279 2135 discedere:
1301 2095 1394 2134 huic
1416 2096 1483 2148 qui
1504 2095 1744 2139 succurrerit,

358 2175 434 2198 non
456 2161 540 2198 satis
561 2160 631 2198 effe
647 2171 820 2214 paratum
836 2162 882 2200 ad
899 2171 1051 2201 tantum
1069 2163 1217 2201 bellum
1233 2162 1576 2201 administrandum
1594 2177 1601 2200 ε
1622 2175 1745 2200 unum

357 2228 403 2265 ab
423 2227 605 2264 omnibus
628 2227 736 2265 sociis
757 2236 794 2265 et
814 2228 962 2267 civibus
984 2228 1029 2266 ad
1049 2229 1088 2267 id
1109 2229 1257 2267 bellum
1278 2230 1547 2282 imperatorem
1576 2228 1742 2279 deposci,

356 2302 469 2345 atque
487 2293 614 2345 expeti
633 2307 642 2331 ε
674 2293 839 2331 eundem
859 2292 964 2333 hunc
993 2308 1116 2334 unum
1137 2296 1184 2334 ab
1204 2295 1376 2333 hostibus
1398 2295 1535 2339 metui,
1567 2303 1744 2346 praeterea

356 2359 566 2397 neminem.
1795 2357 1799 2360 ’

411 2424 531 2463 Causa
551 2439 634 2477 quae
654 2425 712 2472 sit,
745 2426 880 2467 vidctis
900 2442 908 2466 :
942 2441 1059 2473 nunc,
1086 2427 1180 2480 quid
1200 2427 1390 2481 agendum
1412 2427 1468 2472 fit,
1494 2425 1740 2464 confiderate.
