2212 2835
915 174 1146 229 [149]

934 374 1136 410 PRO

446 568 544 644 C.
677 566 1621 672 RABIRIO,

510 789 1320 837 PERDUELLIONIS
1375 789 1560 846 REO,

782 1002 867 1042 An
927 1002 1286 1055 QurRrTEs

716 1207 754 1246 O
785 1205 822 1244 R
853 1206 890 1244 A
919 1205 1008 1246 T,1
1039 1206 1076 1245 O
1174 1205 1355 1246 XVIII.

339 1410 371 1449 1.
509 1412 633 1458 TSI,
664 1411 852 1462 Qirites‚
883 1423 963 1449 non
993 1411 1045 1450 est
1075 1424 1170 1450 meae
1201 1410 1503 1458 consuetudinis,
1534 1411 1648 1451 initio
1672 1413 1734 1451 di-

520 1479 633 1518 cendi
652 1479 843 1518 rationem
863 1477 1031 1523 reddere,
1064 1491 1140 1530 qua
1167 1479 1214 1517 de
1241 1479 1351 1518 causa
1376 1493 1573 1533 quemque
1597 1479 1734 1519 defen-

339 1545 444 1589 dam,
475 1554 675 1598 propterea
693 1545 800 1597 quod
820 1558 914 1582 cum
937 1544 1121 1583 omnibus
1148 1545 1298 1584 civibus
1325 1546 1367 1584 in
1392 1560 1528 1585 eorum
1554 1547 1736 1600 periculis

341 1612 489 1664 semper
509 1611 594 1650 satis
610 1611 753 1664 justam
774 1610 876 1649 mihi
897 1611 1046 1649 causam
1063 1611 1348 1650 neceffitudinis
1363 1612 1434 1651 effe
1450 1614 1542 1652 duxi
1556 1631 1567 1657 5
1591 1623 1734 1659 tamen,

339 1678 380 1715 in
418 1676 490 1715 hac
538 1676 756 1716 defenfione
803 1678 953 1731 capitis,
1002 1676 1128 1723 famae,
1177 1677 1501 1732 fortunarumque
1538 1680 1735 1724 omnium,

339 1745 387 1782 C.
411 1744 576 1790 Rabirii,
607 1744 854 1797 proponenda
874 1745 970 1783 ratio
994 1745 1148 1783 videtur
1169 1744 1240 1783 effe
1260 1746 1380 1784 officii
1400 1747 1479 1784 mei
1497 1761 1505 1784 :
1539 1755 1737 1799 propterea

337 1810 455 1863 quod,
486 1824 572 1863 quae
584 1811 788 1863 justiffima
808 1809 909 1849 mihi
929 1811 1036 1849 causa
1055 1811 1102 1849 ad
1120 1810 1226 1850 hunc
1253 1811 1540 1851 defendendum
1566 1813 1637 1851 effe
1661 1811 1737 1851 visa

337 1877 403 1923 est,
435 1877 568 1915 eadem
589 1877 698 1916 vobis
719 1877 766 1915 ad
786 1877 1060 1916 absolvendum
1083 1877 1198 1917 debet
1218 1878 1353 1918 videri.

393 1944 501 1982 Nam
522 1958 585 1982 me
603 1958 696 1983 cum
716 1944 898 1983 amicitiae
918 1945 1096 1990 vetustas,
1127 1954 1214 1984 tum
1236 1945 1402 1999 dignitas
1430 1944 1617 1991 hominis,
1649 1955 1736 1984 tum

339 2010 435 2048 ratio
465 2009 731 2056 humanitatis,
764 2020 850 2049 tum
877 2024 972 2049 meae
998 2011 1085 2050 vitae
1116 2021 1300 2065 perpetua
1326 2012 1577 2057 consuetudo,
1609 2013 1655 2050 ad
1685 2013 1734 2050 C.

338 2075 546 2114 Rabirium
567 2075 854 2115 defendendum
876 2077 927 2114 est
947 2076 1172 2115 adhortata:
1205 2087 1292 2116 tum
1321 2091 1423 2123 vero,
1456 2087 1499 2116 ut
1525 2079 1565 2116 id
1589 2078 1734 2116 studio-

338 2141 473 2180 fiffime
492 2141 674 2188 facerem,
695 2143 791 2181 salus
812 2143 1048 2196 reipublicae,
1078 2143 1273 2182 consulare
1293 2145 1484 2189 officium,
1518 2144 1734 2183 consulatus

339 2207 506 2259 denique
534 2209 624 2261 ipse,
656 2208 756 2248 mihi
784 2223 858 2247 una
886 2209 1086 2248 vobiscum
1114 2224 1206 2248 cum
1233 2210 1351 2248 salute
1377 2211 1598 2262 reipublicae
1622 2223 1734 2246 com-

340 2272 556 2317 mendatus,
588 2275 727 2326 coegit.
760 2275 854 2313 Non
886 2275 990 2313 enim
1024 2276 1072 2313 C.
1106 2275 1313 2313 Rabirium
1341 2275 1454 2327 culpa
1481 2274 1624 2317 delicti,
1657 2287 1734 2310 non

341 2334 498 2377 invidia,
530 2334 692 2386 vitaeque
713 2336 928 2388 turpitudo,
961 2350 1038 2374 non
1062 2336 1228 2388 denique
1248 2346 1404 2379 veteres,
1430 2336 1553 2387 justae,
1585 2334 1734 2385 graves-

340 2413 416 2452 que
436 2400 652 2438 inimicitiae
672 2401 834 2447 civium,
856 2403 896 2440 in
918 2402 1122 2441 discrimen
1143 2403 1279 2455 capitis
1301 2410 1530 2439 vocaverunt
1549 2416 1557 2438 ;
1591 2400 1666 2444 sed,
1693 2410 1735 2438 ut

341 2466 439 2507 illud
459 2466 660 2505 summum
681 2467 871 2507 auxilium
893 2469 1097 2522 majestatis
1118 2478 1231 2521 atque
1251 2467 1417 2521 imperii,
1449 2467 1553 2519 quod
1576 2467 1687 2506 nobis
1715 2480 1734 2505 ο.
