2212 2835
384 238 457 280 172
774 220 1398 260 ORATIOI.&c.

377 326 535 363 tolletur
550 342 562 369 3
593 322 811 361 videbimur
838 321 986 360 fortaffe
1011 322 1057 360 ad
1084 322 1195 360 breve
1220 321 1416 374 quoddam
1444 329 1596 373 tempus
1615 333 1703 360 cura
1722 332 1759 361 et

376 399 483 428 metu
512 389 583 427 effe
613 389 789 427 relevati:
822 389 1039 441 periculum
1064 398 1191 426 autem
1212 387 1400 433 residebit,
1421 395 1458 425 et
1477 387 1549 425 erit
1568 386 1761 426 inclusum

375 456 528 508 penitus
549 456 589 493 in
611 455 714 492 venis
734 463 848 506 atque
868 455 907 491 in
928 454 1132 492 visceribus
1154 453 1388 506 reipublicae.
1439 454 1496 491 Ut
1515 452 1608 505 saepe
1627 451 1760 491 homi-

376 535 442 559 nes
469 522 558 574 aegri
587 520 724 559 morbo
753 520 872 572 gravi,
902 534 995 558 cum
1025 520 1113 558 aestu
1142 519 1316 571 febrique
1339 520 1544 571 jaetantuss
1575 519 1601 556 fi
1621 532 1761 571 aquam

374 588 544 640 gelidam
565 587 747 631 biberint,
770 586 897 638 primo
917 586 1070 624 relevari
1091 586 1280 630 videntur,
1308 585 1445 623 deinde
1465 585 1591 623 multo
1611 585 1761 638 gravius

376 653 716 705 vehementiusque
730 652 977 696 afflietantun
1000 653 1048 690 fic
1065 651 1131 690 hic
1147 652 1319 697 morbus,
1337 652 1404 704 qui
1422 652 1474 690 est
1490 652 1531 690 in
1551 651 1759 705 republica,

376 719 559 757 relevatus
580 719 685 756 istius
707 732 831 771 poena,
855 717 1119 756 vehementius
1141 718 1235 756 vivis
1256 717 1412 770 reliquis
1431 716 1678 770 ingravescet.

432 786 574 836 Qare,
611 785 738 822 Patres
768 784 988 836 conscripti,
1023 783 1198 821 secedant
1232 783 1416 835 improbi,
1450 783 1641 822 secernant
1676 783 1711 820 se
1742 795 1760 820 a

378 850 505 894 bonis,
538 864 660 888 unum
691 850 883 888 inlocum
905 858 1210 902 congregentur3
1244 862 1358 886 muro
1387 849 1566 899 denique,
1597 849 1636 887 id
1656 849 1759 900 quod

374 915 468 969 saepe
483 917 566 968 jam
586 916 681 960 dixi,
711 916 950 953 secernantur
970 929 989 952 a
1015 915 1125 952 nobis
1144 929 1153 952 ε
1187 914 1355 951 definant
1375 914 1542 951 infidiari
1561 913 1669 951 domi
1689 914 1761 951 suae

373 982 535 1027 consuli,
567 982 810 1020 circumstare
831 981 997 1019 tribunal
1018 981 1186 1033 praetoris
1208 980 1356 1025 urbani,
1378 979 1545 1018 obsidere
1565 993 1655 1018 cum
1676 980 1759 1032 gla-

373 1047 447 1085 diis
467 1047 629 1092 curiam,
661 1047 858 1085 malleolos
884 1055 921 1084 et
942 1045 1042 1084 faces
1070 1046 1114 1084 ad
1140 1045 1457 1084 inflammandam
1485 1045 1622 1083 urbem
1647 1059 1759 1084 com-

371 1126 526 1167 parare:
562 1113 606 1151 fit
637 1113 802 1165 denique
832 1112 1061 1165 inscriptum
1091 1112 1132 1149 in
1162 1111 1289 1149 fronte
1320 1110 1617 1164 uniuscujusque
1650 1112 1760 1157 civis,

372 1179 469 1232 quid
489 1179 535 1217 de
556 1178 752 1231 republica
771 1177 918 1216 sentiat.
943 1176 1133 1216 Polliceor
1152 1176 1227 1215 hoc
1248 1177 1371 1222 vobis,
1395 1178 1523 1215 Patres
1539 1177 1759 1230 conscripti,

371 1254 518 1284 tantam
550 1245 590 1282 in
621 1245 731 1283 nobis
763 1244 985 1283 consulibus
1011 1242 1093 1282 fore
1120 1244 1377 1296 diligentiam,
1408 1252 1555 1281 tantam
1581 1244 1622 1281 in
1650 1244 1759 1283 vobis

371 1312 650 1356 auetoritatem,
680 1320 826 1349 tantam
846 1311 885 1348 in
905 1310 1099 1363 equitibus
1121 1310 1308 1348 Romanis
1329 1311 1525 1355 virtutem,
1554 1318 1700 1348 tantam
1719 1310 1760 1348 in

372 1377 555 1416 omnibus
590 1378 701 1415 bonis
736 1377 1036 1422 consensionem,
1075 1386 1118 1416 ut
1152 1377 1328 1415 Catilinae
1361 1376 1596 1430 profeffione
1628 1376 1759 1414 omnia

371 1442 571 1496 patefacta,
601 1443 798 1487 illustrata,
829 1443 1011 1496 oppressa,
1043 1443 1245 1488 vindicata,
1276 1442 1347 1481 effe
1367 1443 1537 1482 videatis.

427 1509 547 1548 Hisce
573 1509 769 1553 omnibus,
802 1509 983 1554 Catilina,
1013 1522 1107 1546 cum
1134 1509 1283 1547 summa
1313 1509 1533 1561 reipublicae
1560 1508 1690 1553 salute,
1721 1516 1761 1547 et

370 1589 462 1614 cum
485 1584 548 1614 tua
573 1575 673 1628 peste
701 1589 744 1613 ac
765 1575 947 1628 pernicie,
977 1588 1148 1628 cumque
1167 1588 1302 1613 eorum
1321 1575 1453 1620 exitio,
1484 1574 1551 1627 qui
1572 1574 1607 1612 se
1628 1583 1758 1612 tecum

371 1642 479 1680 omni
513 1641 648 1679 scelere
678 1641 959 1694 parricidioque
984 1642 1212 1693 junxerunt,
1247 1640 1483 1694 proficiscere
1513 1640 1560 1678 acl
1589 1640 1760 1693 impium

370 1708 533 1753 bellum,
559 1722 601 1747 ac
622 1707 827 1746 nefarium.
858 1709 969 1745 Tum
990 1716 1047 1752 tu,
1069 1708 1234 1759 Jupiter,
1256 1708 1324 1759 qui
1343 1707 1492 1751 iisdem,
1513 1706 1655 1758 quibus
1675 1706 1757 1745 haec

369 1774 474 1818 urbs,
505 1774 681 1826 auspiciis
708 1787 728 1810 a
748 1772 921 1810 Romulo
946 1785 984 1810 es
1012 1772 1254 1816 constitutus,
1285 1785 1400 1824 quern
1430 1774 1616 1809 Statorem
1642 1771 1757 1823 hujus

371 1835 476 1872 urbis
497 1844 610 1886 atque
631 1833 783 1886 imperii
803 1846 888 1870 vere
908 1833 1182 1878 nominamus;
1213 1832 1333 1877 hunc,
1364 1841 1402 1870 et
1427 1831 1542 1884 hujus
1573 1832 1706 1876 socios,
1737 1846 1757 1870 a

371 1900 447 1938 tuis
475 1899 546 1936 aris
573 1899 791 1951 caeterisque
815 1899 983 1951 templis,
1015 1912 1035 1936 a
1062 1900 1169 1937 tecitis
1197 1899 1301 1937 urbis
1331 1912 1372 1936 ac
1402 1898 1611 1942 moenibus,
1642 1912 1662 1936 a
1681 1899 1758 1936 vita

369 1964 608 2016 fortunisque
628 1965 774 2002 civium
793 1965 986 2010 omnium,
1018 1965 1159 2002 arcebis
1176 1984 1188 2009 ς
1219 1974 1256 2002 et
1276 1977 1409 2003 omnes
1431 1964 1609 2002 inimicos
1631 1964 1755 2002 bono-

371 2044 473 2074 rum,
504 2028 628 2068 hostes
648 2031 790 2083 patriae,
822 2031 983 2069 latrones
1005 2031 1135 2075 Italiae,
1158 2031 1341 2069 scelerum
1362 2029 1504 2068 foedere
1524 2030 1622 2067 inter
1643 2029 1690 2074 se,
1712 2043 1755 2068 ac

367 2095 510 2135 nefaria
530 2095 720 2142 societate,
741 2097 980 2149 conjnnd'cos,
1003 2098 1150 2136 aeternis
1169 2097 1366 2150 suppliciis
1382 2097 1487 2135 vivos
1510 2095 1755 2148 mortuosque

370 2161 566 2201 mactabis.
