2212 2835
771 177 909 215 PRO
969 178 1017 216 L.
1078 178 1386 217 FLACCO.
1710 193 1785 233 257

459 274 512 311 At
545 273 649 311 enim
686 287 797 327 negas
832 274 987 313 fratrem
1024 290 1171 321 meum,
1213 277 1281 329 qui
1315 278 1363 316 L.
1388 277 1527 316 Flacco
1562 278 1785 323 successerit,

402 339 605 389 pecuniam
628 339 745 378 ullam
771 341 812 378 in
840 342 1002 394 remiges
1029 342 1237 394 imperasse.
1270 343 1466 394 Equidem
1493 345 1635 396 Qinti
1663 344 1787 383 fratris

403 404 480 440 mei
501 404 610 441 laude
631 404 814 449 dele&0r;
837 406 898 443 sed
918 406 1001 444 aliis
1019 408 1154 458 magis,
1176 408 1412 458 gravioribus
1430 418 1542 461 atque
1563 410 1786 462 majoribus·

401 470 523 507 Aliud
561 471 745 522 quiddam
783 471 926 516 statuit,
965 472 1070 509 aliud
1106 473 1229 510 vidit:
1270 473 1513 517 existimavit,
1557 489 1789 528 quocunque

402 543 574 587 tempore
601 536 777 574 auditum
798 537 892 588 quid
910 536 998 574 esset
1019 537 1065 575 de
1086 538 1342 590 praedonibus,
1374 553 1492 591 quam
1513 540 1628 578 vellet
1648 541 1788 587 subito,

402 599 437 636 se
457 599 608 638 classem
628 610 955 654 comparaturum.
988 603 1169 655 Denique
1191 602 1267 642 hoc
1294 604 1443 656 primus
1472 604 1588 643 frater
1613 619 1721 644 meus
1750 607 1790 644 in

399 665 488 703 Afia
516 665 621 711 fecit,
655 676 697 705 ut
723 666 800 705 hoc
831 667 989 721 sumptu
1021 670 1216 722 remigum
1241 670 1413 708 civitates
1441 671 1606 710 levaret:
1642 673 1791 710 crimen

401 740 530 770 autem
551 741 636 770 tum
657 733 777 771 videri
798 733 905 779 solet,
936 748 1028 772 cum
1056 735 1193 787 aliquis
1220 735 1397 788 sumptus
1423 737 1589 776 instituit
1615 752 1692 784 eos,
1724 739 1792 791 qui

401 807 510 836 antea
540 812 617 837 non
649 809 755 838 erant
784 800 963 845 instituti,
995 815 1073 839 non
1099 815 1192 840 cum
1223 801 1405 840 successor
1433 804 1579 856 aliquid
1606 805 1792 843 immutat

401 863 448 900 de
478 864 662 903 institutis
693 867 882 918 priorum.
915 866 1090 912 Flaccus,
1122 868 1218 920 quid
1248 868 1312 906 alii
1342 869 1467 921 postea
1496 869 1633 908 fafturi
1661 870 1790 916 essent,

402 929 495 967 scire
515 944 593 968 non
613 941 788 984 poterat;
821 932 915 984 quid
938 931 1123 979 fecissent,
1155 934 1321 973 videbat.

459 997 550 1035 XV.
584 997 668 1042 Sed,
701 998 885 1050 quoniam
907 999 953 1037 de
971 1000 1174 1038 communi
1195 1001 1312 1039 totius
1340 1002 1437 1040 Afiae
1462 1003 1626 1041 crimine
1644 1003 1792 1042 di&um

403 1062 468 1107 est,
490 1064 685 1116 aggrediar
699 1065 781 1116 jam
802 1064 847 1102 ad
869 1064 1032 1117 singulas
1053 1066 1223 1105 civitates
1243 1082 1251 1104 ε
1284 1081 1331 1105 ex
1351 1069 1493 1120 quibus
1514 1069 1558 1107 fit
1578 1069 1662 1107 sane
1682 1070 1793 1108 nobis

403 1128 529 1181 prima
558 1129 690 1166 civitas
723 1131 991 1168 Acmonenfis.
1033 1132 1138 1170 Citat
1169 1146 1292 1184 praeco
1323 1147 1415 1171 voce
1449 1135 1618 1173 maxima
1650 1135 1794 1188 legatos

403 1193 678 1233 Acmonenses.
719 1195 898 1233 Procedit
938 1209 1035 1234 unus
1071 1197 1326 1250 Asclepiades.
1369 1199 1571 1238 Prodeant.
1612 1201 1795 1239 Etiamne

402 1273 619 1312 praeconem
650 1261 807 1298 mentiri
838 1261 1025 1314 coegisti?
1066 1263 1133 1301 Est
1166 1263 1286 1308 enim,
1323 1264 1450 1310 credo,
1486 1265 1519 1303 is
1550 1265 1606 1303 vir
1636 1265 1716 1312 iste,
1752 1275 1796 1305 ut

402 1326 568 1365 civitatis
600 1340 743 1365 nomen
772 1327 837 1365 sua
867 1329 1089 1367 auctoritate
1118 1329 1307 1375 sustineat,
1339 1330 1540 1369 damnatus
1568 1332 1793 1385 turpiffimis

398 1393 557 1445 judiciis
577 1393 699 1438 domi,
730 1403 881 1432 notatus
903 1394 1022 1434 literis
1049 1396 1245 1448 publicis:
1279 1398 1387 1449 cujus
1415 1398 1462 1436 de
1488 1399 1652 1451 probris,
1684 1399 1795 1437 adul-

405 1459 522 1504 teriis,
554 1473 596 1498 ac
627 1460 778 1513 stupris,
809 1470 941 1498 extant
972 1462 1277 1500 Acmonensium
1308 1463 1453 1508 literae3
1492 1478 1584 1517 quas
1615 1479 1687 1518 ego
1717 1479 1797 1504 non

405 1524 528 1563 solum
563 1535 717 1578 propter
752 1527 1052 1578 longitudinem,
1094 1528 1155 1565 sed
1194 1529 1310 1566 etiam
1349 1539 1503 1583 propter
1541 1531 1797 1584 turpiffimam

403 1589 694 1628 obscoenitatem
714 1591 935 1636 verborum,
964 1593 1241 1644 praetereundas
1260 1603 1369 1646 puto.
1402 1595 1517 1634 Dixit
1536 1597 1692 1649 publice
1712 1598 1798 1636 data

407 1655 677 1695 drachmarum
707 1670 805 1696 ccw
836 1659 971 1696 millia.
1005 1660 1120 1697 Dixit
1149 1669 1327 1698 tantum:
1361 1660 1460 1699 nihil
1486 1663 1663 1708 ostendit,
1695 1663 1795 1702 nihil

406 1722 586 1775 protulit:
607 1722 668 1760 sed
689 1723 868 1774 adjunxit
889 1724 942 1768 id,
961 1725 1065 1777 quod
1087 1735 1200 1770 certe,
1224 1727 1407 1778 quoniam
1429 1736 1506 1765 erat
1526 1728 1794 1775 domesticum,

406 1788 542 1826 docere
573 1788 734 1834 debuit;
766 1790 802 1827 se
832 1791 1012 1842 privatim
1044 1791 1314 1830 drachmarum
1350 1806 1451 1831 ccvi
1486 1794 1611 1832 millia
1641 1795 1794 1834 dediffe.

407 1855 610 1907 Qantum
641 1855 711 1894 fibi
746 1856 918 1894 ablatum
955 1857 1076 1897 homo
1111 1859 1463 1912 impudentiffimus
1498 1860 1606 1906 dicit,
1643 1870 1796 1900 tantum

407 1934 606 1973 nunquam
627 1921 680 1960 est
699 1922 821 1968 ausus,
853 1932 895 1961 ut
916 1923 1084 1969 haberet,
1115 1935 1257 1978 optare.

462 1988 526 2025 Ab
548 1988 654 2026 Aulo
675 1989 834 2028 Sextilio
861 1989 956 2028 dicit
983 1990 1019 2029 se
1046 1991 1198 2036 dediffe,
1229 2001 1267 2030 et
1293 2006 1314 2030 a
1339 1993 1413 2031 suis
1433 1993 1629 2033 fratribus.
1663 1995 1796 2034 Potuit

406 2053 492 2091 dare
512 2055 692 2094 Sextilius
710 2070 719 2094 ε
751 2069 841 2094 nam
862 2055 993 2094 fratres
1014 2058 1172 2110 quidem
1193 2058 1382 2098 consortes
1410 2059 1497 2098 sunt
1519 2061 1793 2099 mendicitatis.

408 2120 623 2159 Audiamus
643 2121 762 2174 igitur
782 2123 1004 2162 Sextilium:
1027 2123 1158 2163 fratres
1180 2125 1348 2178 denique
1365 2127 1433 2179 ipfi
1450 2127 1652 2179 prodeant:
1676 2140 1794 2179 quam

408 2185 552 2231 volent,
583 2186 828 2239 impudenter
848 2190 1111 2234 mentiantur3
1143 2200 1195 2235 et,
1227 2192 1331 2243 quod
1353 2205 1552 2244 nunquam
1574 2192 1792 2238 habuerint,

409 2251 546 2290 dediffe
567 2251 602 2289 se
621 2253 763 2291 dicant.
796 2256 948 2293 Tamen
969 2256 1115 2308 aliquid
1135 2256 1283 2295 fortasse
1303 2271 1431 2295 coram
1452 2258 1626 2311 produCti
1647 2257 1791 2303 dicent,

410 2319 449 2356 in
477 2331 555 2370 quo
582 2317 919 2370 reprehendantur.
952 2323 1047 2360 Non
1075 2323 1230 2368 deduxi,
1262 2324 1403 2376 inquit,
1436 2323 1653 2361 Sextilium.
1687 2323 1793 2361 Cedo

409 2385 579 2423 tabulas:
618 2397 694 2422 non
729 2386 936 2438 deportavi.
972 2390 1118 2428 Fratres
1158 2382 1289 2428 saltem
1323 2390 1485 2428 exhibe:
1527 2403 1604 2426 non
1641 2389 1792 2427 denun-

409 2451 514 2489 tiavi.
546 2449 663 2501 Qod
690 2464 780 2503 ergo
808 2466 905 2491 unus
934 2454 1188 2507 Asclepiades,
1220 2455 1372 2493 fortuna
1398 2468 1525 2506 egens,
1557 2455 1634 2493 vita
1654 2456 1789 2508 turpis,

491 2517 558 2555 To
571 2529 621 2554 M.
645 2516 694 2555 V.
1399 2521 1434 2558 Κ
1466 2520 1489 2557 k
