2212 2835
589 176 664 216 IN
723 177 773 216 L.
833 176 1290 218 CATILINAM.
1580 194 1654 234 175

257 276 362 321 dero,
392 275 613 314 concident.
645 276 747 321 Hos,
778 289 876 328 quos
905 276 1018 315 video
1048 277 1205 315 volitare
1236 277 1277 315 in
1306 275 1404 322 foro,
1436 291 1531 330 quos
1562 278 1657 317 stare

257 343 304 382 ad
324 343 486 388 curiam,
509 356 603 395 quos
624 343 743 381 etiam
763 343 804 380 in
824 342 996 382 senatum
1017 344 1146 382 venire
1158 363 1171 389 ς
1194 344 1263 396 qui
1282 344 1410 382 nitent
1430 347 1652 398 unguentis,

257 410 326 462 qui
359 409 514 462 fulgent
546 422 728 462 purpura,
770 408 928 447 mallem
967 409 1097 447 secum
1137 409 1222 448 suos
1259 410 1405 449 milites
1440 412 1624 450 eduxisset
1643 427 1651 450 :

257 476 327 528 qui
361 476 388 514 fi
417 474 484 513 hic
517 483 758 527 permanent,
795 484 1035 513 mementote
1068 488 1146 513 non
1181 485 1262 513 tam
1293 477 1508 515 exercitum
1540 478 1656 516 illum

257 542 329 581 effe
364 542 490 586 nobis,
526 554 644 593 quam
678 539 764 586 hos,
798 541 867 594 qui
904 541 1121 580 exercitum
1158 541 1417 588 deseruerunt,
1453 544 1654 596 pertimes-

257 608 412 646 cendos.

313 674 445 725 Atque
464 671 541 710 hoc
567 672 684 711 etiam
712 672 799 711 sunt
827 673 993 711 timendi
1023 673 1161 726 magis,
1193 675 1312 727 quod,
1344 675 1439 727 quid
1466 676 1653 729 cogitent,

257 753 320 779 me
335 740 427 778 scire
446 739 616 779 sentiunt
625 758 637 785 ς
660 753 787 792 neque
806 747 938 778 tamen
955 749 1245 793 permoventur.
1264 742 1404 787 Video,
1426 744 1489 780 cui
1510 743 1656 795 Apulia

227 806 301 844 'fit
330 806 526 852 attributa,
557 806 626 859 qui
656 804 796 845 habeat
826 806 1041 851 Etruriam,
1075 806 1145 859 qui
1177 821 1311 860 agrum
1344 809 1547 854 Picenum,
1585 810 1655 861 qui

258 873 473 925 Gallicum,
495 874 564 926 qui
584 873 653 911 fibi
672 872 741 911 has
763 873 923 912 urbanas
944 873 1096 912 infidias
1115 874 1228 913 caedis
1248 885 1363 928 atque
1383 876 1655 914 incendiorum

257 940 534 994 depoposcerit.
560 941 709 979 Omnia
728 940 929 994 superioris
949 941 1072 979 noetis
1093 942 1250 980 consilia
1269 943 1314 981 ad
1336 957 1400 982 me
1420 944 1562 997 perlata
1583 943 1659 982 effe

257 1007 445 1046 sentiunt:
466 1006 629 1060 patefeci
645 1007 687 1045 in
707 1007 836 1045 senatu
856 1006 1031 1046 hesterno
1047 1008 1128 1046 die:
1153 1009 1321 1047 Catilina
1337 1010 1415 1063 ipse
1434 1011 1653 1063 pertimuit,

258 1072 433 1127 profugit
450 1089 459 1112 ε
482 1073 525 1112 hi
545 1073 641 1126 quid
660 1074 889 1126 expectant?
912 1087 969 1112 nae
989 1073 1048 1111 illi
1069 1072 1317 1113 vehementer
1336 1086 1476 1121 errant,
1499 1077 1524 1114 fi
1545 1077 1654 1114 illam

257 1152 386 1183 meam
407 1139 604 1193 pristinam
624 1139 821 1177 lenitatem
843 1147 1067 1191 perpetuam
1089 1139 1237 1192 sperant
1257 1140 1442 1180 futuram.

312 1207 385 1245 IV.
418 1206 537 1258 Qod
556 1205 766 1258 expectavi,
782 1205 866 1258 jam
888 1204 972 1243 sum
993 1205 1193 1252 assecutus,
1215 1216 1258 1245 ut
1278 1221 1344 1246 vos
1364 1221 1497 1246 omnes
1514 1208 1656 1247 factam

257 1272 328 1317 effe
358 1282 485 1325 aperte
515 1272 821 1325 conjurationem
852 1281 986 1311 contra
1018 1273 1303 1326 rempublicam
1338 1275 1540 1314 videretis:
1583 1276 1653 1314 nisi

258 1352 347 1378 vero
366 1339 393 1377 fi
414 1339 500 1392 quis
525 1339 591 1384 est,
623 1339 691 1392 qui
720 1339 899 1378 Catilinae
925 1338 1067 1378 fimiles
1095 1353 1187 1378 cum
1219 1340 1388 1379 Catilina
1413 1341 1549 1380 sentire
1576 1355 1655 1380 non

258 1414 382 1458 putet.
415 1406 510 1445 Non
530 1405 583 1444 est
597 1406 680 1458 jam
699 1405 850 1444 lenitati
871 1406 979 1444 locus
998 1421 1006 1444 :
1039 1406 1277 1446 severitatem
1304 1421 1360 1446 res
1391 1409 1468 1461 ipsa
1494 1408 1652 1462 flagitat.

259 1473 398 1511 Unum
417 1473 534 1511 etiam
555 1486 660 1512 nunc
677 1472 888 1511 concedam
908 1487 917 1510 ε
940 1482 1088 1517 exeant,
1110 1473 1414 1525 proficiscantur,
1438 1489 1485 1513 ne
1504 1476 1653 1528 patian—

258 1547 322 1577 tur
355 1539 538 1578 defiderio
569 1539 627 1577 sui
663 1539 874 1578 Catilinam
908 1538 1092 1577 miserum
1127 1540 1328 1580 tabescere.
1371 1543 1654 1581 Demonstrabo

260 1605 354 1643 iter:
388 1605 547 1643 Aurelia
565 1605 625 1643 via
644 1604 837 1658 profectus
856 1604 933 1643 est:
956 1604 983 1643 fi
1003 1605 1208 1644 accelerare
1228 1607 1373 1652 volent,
1396 1609 1441 1645 ad
1462 1609 1655 1661 vesperam

259 1670 555 1724 consequentur.
589 1672 625 1709 O
647 1671 882 1710 fortunatam
903 1672 1200 1725 rempublicam,
1223 1673 1248 1710 fi
1270 1674 1429 1725 quidem
1449 1673 1548 1713 hanc
1569 1675 1653 1713 sen-

259 1737 382 1775 tinam
408 1736 525 1790 hujus
554 1737 660 1776 urbis
683 1738 863 1791 ejecerit!
894 1738 987 1776 Uno
1012 1737 1235 1776 mehercule
1264 1740 1430 1778 Catilina
1457 1740 1653 1787 exhausto,

259 1802 421 1841 relevata
441 1802 542 1841 mihi
562 1813 600 1842 et
619 1813 783 1842 recreata
804 1803 1016 1856 respublica
1036 1804 1199 1843 videtur.
1224 1805 1333 1857 Qid
1353 1807 1458 1844 enim
1481 1807 1573 1844 mali
1590 1817 1656 1845 aut

258 1868 405 1908 sceleris
437 1869 532 1923 fingi
562 1879 627 1908 aut
658 1871 868 1924 excogitari
899 1870 1035 1923 potest,
1067 1872 1172 1923 quod
1204 1885 1282 1910 non
1310 1873 1377 1910 ille
1403 1875 1652 1926 conceperit?

259 1936 359 1987 Qis
377 1945 455 1975 tota
472 1936 581 1975 Italia
596 1937 802 1982 veneficus,
825 1938 911 1990 quis
927 1937 1128 1990 gladiator,
1151 1939 1238 1990 quis
1254 1939 1365 1984 latro,
1385 1941 1471 1992 quis
1488 1940 1654 1986 sicarius,

260 2001 347 2053 quis
365 2002 564 2054 parricida,
595 2004 682 2055 quis
704 2003 1020 2042 testamentorum
1042 2004 1243 2057 subjector,
1273 2007 1360 2057 quis
1381 2007 1653 2060 circumscrip-

259 2077 333 2112 tor,
365 2069 451 2120 quis
471 2083 606 2122 ganeo,
637 2071 724 2122 quis
746 2084 877 2123 nepos,
909 2071 996 2123 quis
1017 2071 1177 2117 adulter,
1210 2086 1293 2124 quae
1314 2072 1455 2110 mulier
1481 2073 1653 2118 infamis,

259 2133 345 2186 quis
366 2144 566 2187 corruptor
580 2137 810 2188 juventutis,
832 2137 918 2189 quis
940 2147 1156 2190 corruptus,
1178 2140 1264 2190 quis
1282 2139 1467 2191 perditus,
1490 2140 1654 2177 inveniri

260 2199 396 2253 potest,
427 2201 494 2252 qui
516 2202 551 2239 se
571 2215 663 2240 curn
686 2203 854 2241 Catilina
881 2217 959 2241 non
986 2203 1275 2242 familiarissime
1302 2205 1432 2243 vixisse
1461 2205 1652 2243 fateatur?

261 2267 360 2316 Qae
386 2266 503 2303 caedes
532 2280 596 2319 per
622 2267 735 2306 hosce
761 2282 878 2307 annos
906 2269 980 2306 fine
1006 2269 1075 2307 illo
1101 2269 1197 2307 faeta
1214 2271 1265 2307 cst
1295 2272 1307 2307 ,Ρ
1340 2271 1444 2322 quod
1465 2271 1654 2308 nefarium

262 2332 436 2385 stuprum
465 2346 540 2370 non
569 2347 635 2385 per
662 2335 807 2373 illum?
841 2337 928 2386 Jam
957 2350 1045 2374 vero
1071 2351 1155 2388 quae
1184 2346 1286 2375 tanta
1313 2338 1352 2374 in
1382 2338 1460 2374 ullo
1484 2351 1654 2388 unquam

261 2397 423 2436 homine
439 2400 654 2450 juventutis
675 2400 854 2438 illecebra
873 2401 962 2446 fuit,
995 2414 1136 2454 quanta
1163 2404 1201 2440 in
1231 2403 1331 2440 illo?
1364 2403 1430 2454 qui
1459 2403 1549 2439 alios
1577 2403 1654 2455 ipse

262 2465 412 2507 amabat
430 2465 655 2518 turpissime,
686 2466 849 2505 aliorum
870 2469 990 2506 amori
1018 2468 1300 2520 flagitiosissime
1330 2468 1537 2505 serviebat:
1571 2470 1653 2506 aliis
