<?xml version="1.0" encoding="UTF-8"?>
<!DOCTYPE html PUBLIC "-//W3C//DTD XHTML 1.0 Transitional//EN"
    "http://www.w3.org/TR/xhtml1/DTD/xhtml1-transitional.dtd">
<html xmlns="http://www.w3.org/1999/xhtml" xml:lang="en" lang="en">
 <head>
  <title>
</title>
<meta http-equiv="Content-Type" content="text/html;charset=utf-8" />
  <meta name='ocr-system' content='tesseract 3.04.00' />
  <meta name='ocr-capabilities' content='ocr_page ocr_carea ocr_par ocr_line ocrx_word'/>
</head>
<body>
  <div class='ocr_page' id='page_1' title='image "./operacumindicibu05ciceuoft_0115.png"; bbox 0 0 2212 2835; ppageno 0'>
   <div class='ocr_carea' id='block_1_1' title="bbox 958 150 1185 204">
    <p class='ocr_par' dir='ltr' id='par_1_1' title="bbox 958 150 1185 204">
     <span class='ocr_line' id='line_1_1' title="bbox 958 150 1185 204; baseline 0 0"><span class='ocrx_word' id='word_1_1' title='bbox 958 150 1185 204; x_wconf 88' lang='lat'>[107]</span> 
     </span>
    </p>
   </div>
   <div class='ocr_carea' id='block_1_2' title="bbox 1018 369 1126 404">
    <p class='ocr_par' dir='ltr' id='par_1_2' title="bbox 1018 369 1126 404">
     <span class='ocr_line' id='line_1_2' title="bbox 1018 369 1126 404; baseline 0 0"><span class='ocrx_word' id='word_1_2' title='bbox 1018 369 1126 404; x_wconf 89' lang='lat' dir='ltr'>DE</span> 
     </span>
    </p>
   </div>
   <div class='ocr_carea' id='block_1_3' title="bbox 513 564 1633 626">
    <p class='ocr_par' dir='ltr' id='par_1_3' title="bbox 513 564 1633 626">
     <span class='ocr_line' id='line_1_3' title="bbox 513 564 1633 626; baseline 0 -2"><span class='ocrx_word' id='word_1_3' title='bbox 513 564 857 625; x_wconf 88' lang='lat' dir='ltr'>LEGE</span> <span class='ocrx_word' id='word_1_4' title='bbox 981 564 1633 626; x_wconf 89' lang='lat' dir='ltr'>AGRARIA</span> 
     </span>
    </p>
   </div>
   <div class='ocr_carea' id='block_1_4' title="bbox 837 814 1306 842">
    <p class='ocr_par' dir='ltr' id='par_1_4' title="bbox 837 814 1306 842">
     <span class='ocr_line' id='line_1_4' title="bbox 837 814 1306 842; baseline -0.002 0"><span class='ocrx_word' id='word_1_5' title='bbox 837 815 919 842; x_wconf 82' lang='lat' dir='ltr'>AD</span> <span class='ocrx_word' id='word_1_6' title='bbox 981 814 1306 842; x_wconf 82' lang='lat' dir='ltr'>POPULUM</span> 
     </span>
    </p>
   </div>
   <div class='ocr_carea' id='block_1_5' title="bbox 770 1018 1375 1059">
    <p class='ocr_par' dir='ltr' id='par_1_5' title="bbox 770 1018 1375 1059">
     <span class='ocr_line' id='line_1_5' title="bbox 770 1018 1375 1059; baseline -0.003 0"><span class='ocrx_word' id='word_1_7' title='bbox 770 1019 1175 1059; x_wconf 90' lang='lat' dir='ltr'>ORATIO</span> <span class='ocrx_word' id='word_1_8' title='bbox 1260 1018 1375 1058; x_wconf 90' lang='lat' dir='ltr'>XVI.</span> 
     </span>
    </p>
   </div>
   <div class='ocr_carea' id='block_1_6' title="bbox 371 1232 1777 2419">
    <p class='ocr_par' dir='ltr' id='par_1_6' title="bbox 372 1232 1772 1290">
     <span class='ocr_line' id='line_1_6' title="bbox 372 1232 1772 1290; baseline -0.003 -12"><span class='ocrx_word' id='word_1_9' title='bbox 372 1242 407 1282; x_wconf 87' lang='grc' dir='ltr'>Ι.</span> <span class='ocrx_word' id='word_1_10' title='bbox 537 1238 612 1278; x_wconf 90' lang='lat' dir='ltr'>ST</span> <span class='ocrx_word' id='word_1_11' title='bbox 642 1235 719 1276; x_wconf 91' lang='lat' dir='ltr'>hoc</span> <span class='ocrx_word' id='word_1_12' title='bbox 743 1236 787 1275; x_wconf 89' lang='lat' dir='ltr'>in</span> <span class='ocrx_word' id='word_1_13' title='bbox 811 1249 921 1276; x_wconf 90' lang='lat' dir='ltr'>more</span> <span class='ocrx_word' id='word_1_14' title='bbox 939 1235 1124 1290; x_wconf 75' lang='lat' dir='ltr'>politum,</span> <span class='ocrx_word' id='word_1_15' title='bbox 1155 1232 1346 1287; x_wconf 86' lang='lat' dir='ltr'>Qirites,</span> <span class='ocrx_word' id='word_1_16' title='bbox 1376 1233 1629 1288; x_wconf 85' lang='lat' dir='ltr'>institutoque</span> <span class='ocrx_word' id='word_1_17' title='bbox 1648 1235 1772 1288; x_wconf 81' lang='lat' dir='ltr'>majo-</span> 
     </span>
    </p>

    <p class='ocr_par' dir='ltr' id='par_1_7' title="bbox 371 1300 1777 1948">
     <span class='ocr_line' id='line_1_7' title="bbox 559 1300 1774 1357; baseline -0.004 -12"><span class='ocrx_word' id='word_1_18' title='bbox 559 1320 662 1352; x_wconf 89' lang='lat' dir='ltr'>rum,</span> <span class='ocrx_word' id='word_1_19' title='bbox 691 1312 736 1344; x_wconf 88' lang='lat' dir='ltr'>ut</span> <span class='ocrx_word' id='word_1_20' title='bbox 759 1304 803 1350; x_wconf 85' lang='lat' dir='ltr'>ii,</span> <span class='ocrx_word' id='word_1_21' title='bbox 833 1304 903 1357; x_wconf 92' lang='lat' dir='ltr'>qui</span> <span class='ocrx_word' id='word_1_22' title='bbox 929 1302 1120 1342; x_wconf 90' lang='lat' dir='ltr'>beneficio</span> <span class='ocrx_word' id='word_1_23' title='bbox 1147 1302 1270 1341; x_wconf 89' lang='lat' dir='ltr'>vestro</span> <span class='ocrx_word' id='word_1_24' title='bbox 1295 1301 1484 1355; x_wconf 88' lang='lat' dir='ltr'>imagines</span> <span class='ocrx_word' id='word_1_25' title='bbox 1514 1300 1673 1340; x_wconf 83' lang='lat' dir='ltr'>familiae</span> <span class='ocrx_word' id='word_1_26' title='bbox 1701 1302 1774 1341; x_wconf 81' lang='lat' dir='ltr'>suae</span> 
     </span>
     <span class='ocr_line' id='line_1_8' title="bbox 371 1368 1775 1426; baseline -0.004 -12"><span class='ocrx_word' id='word_1_27' title='bbox 371 1372 569 1414; x_wconf 88' lang='lat' dir='ltr'>consecuti</span> <span class='ocrx_word' id='word_1_28' title='bbox 600 1373 702 1418; x_wconf 90' lang='lat' dir='ltr'>sunt,</span> <span class='ocrx_word' id='word_1_29' title='bbox 732 1385 818 1411; x_wconf 90' lang='lat' dir='ltr'>eam</span> <span class='ocrx_word' id='word_1_30' title='bbox 846 1371 1017 1426; x_wconf 89' lang='lat' dir='ltr'>primam</span> <span class='ocrx_word' id='word_1_31' title='bbox 1042 1369 1209 1409; x_wconf 87' lang='lat' dir='ltr'>habeant</span> <span class='ocrx_word' id='word_1_32' title='bbox 1238 1369 1485 1414; x_wconf 87' lang='lat' dir='ltr'>concionem,</span> <span class='ocrx_word' id='word_1_33' title='bbox 1517 1382 1594 1421; x_wconf 92' lang='lat' dir='ltr'>qua</span> <span class='ocrx_word' id='word_1_34' title='bbox 1611 1368 1775 1422; x_wconf 88' lang='lat' dir='ltr'>gratiam</span> 
     </span>
     <span class='ocr_line' id='line_1_9' title="bbox 373 1434 1774 1489; baseline -0.004 -9"><span class='ocrx_word' id='word_1_35' title='bbox 373 1440 552 1480; x_wconf 87' lang='lat' dir='ltr'>beneficii</span> <span class='ocrx_word' id='word_1_36' title='bbox 577 1439 688 1479; x_wconf 91' lang='lat' dir='ltr'>vestri</span> <span class='ocrx_word' id='word_1_37' title='bbox 713 1452 806 1478; x_wconf 91' lang='lat' dir='ltr'>cum</span> <span class='ocrx_word' id='word_1_38' title='bbox 834 1437 992 1476; x_wconf 89' lang='lat' dir='ltr'>suorum</span> <span class='ocrx_word' id='word_1_39' title='bbox 1018 1436 1129 1475; x_wconf 88' lang='lat' dir='ltr'>laude</span> <span class='ocrx_word' id='word_1_40' title='bbox 1152 1438 1415 1489; x_wconf 84' lang='lat' dir='ltr'>conjungant:</span> <span class='ocrx_word' id='word_1_41' title='bbox 1447 1448 1523 1488; x_wconf 89' lang='lat' dir='ltr'>qua</span> <span class='ocrx_word' id='word_1_42' title='bbox 1541 1434 1583 1473; x_wconf 89' lang='lat' dir='ltr'>in</span> <span class='ocrx_word' id='word_1_43' title='bbox 1603 1435 1774 1474; x_wconf 85' lang='lat' dir='ltr'>oratione</span> 
     </span>
     <span class='ocr_line' id='line_1_10' title="bbox 374 1502 1776 1559; baseline -0.004 -13"><span class='ocrx_word' id='word_1_44' title='bbox 374 1507 555 1546; x_wconf 86' lang='lat' dir='ltr'>nonnulli</span> <span class='ocrx_word' id='word_1_45' title='bbox 584 1506 791 1559; x_wconf 86' lang='lat' dir='ltr'>aliquando</span> <span class='ocrx_word' id='word_1_46' title='bbox 821 1504 931 1558; x_wconf 86' lang='lat' dir='ltr'>digni</span> <span class='ocrx_word' id='word_1_47' title='bbox 962 1504 1154 1556; x_wconf 87' lang='lat' dir='ltr'>majorum</span> <span class='ocrx_word' id='word_1_48' title='bbox 1185 1502 1273 1541; x_wconf 86' lang='lat' dir='ltr'>loco</span> <span class='ocrx_word' id='word_1_49' title='bbox 1300 1502 1568 1555; x_wconf 87' lang='lat' dir='ltr'>reperiuntur;</span> <span class='ocrx_word' id='word_1_50' title='bbox 1600 1502 1776 1555; x_wconf 86' lang='lat' dir='ltr'>plerique</span> 
     </span>
     <span class='ocr_line' id='line_1_11' title="bbox 374 1567 1776 1624; baseline -0.003 -13"><span class='ocrx_word' id='word_1_51' title='bbox 374 1582 505 1612; x_wconf 82' lang='lat' dir='ltr'>autem</span> <span class='ocrx_word' id='word_1_52' title='bbox 524 1572 599 1610; x_wconf 91' lang='lat' dir='ltr'>hoc</span> <span class='ocrx_word' id='word_1_53' title='bbox 620 1571 838 1624; x_wconf 89' lang='lat' dir='ltr'>perficiunt,</span> <span class='ocrx_word' id='word_1_54' title='bbox 870 1578 914 1608; x_wconf 92' lang='lat' dir='ltr'>ut</span> <span class='ocrx_word' id='word_1_55' title='bbox 941 1578 1094 1610; x_wconf 88' lang='lat' dir='ltr'>tantum</span> <span class='ocrx_word' id='word_1_56' title='bbox 1122 1568 1333 1620; x_wconf 89' lang='lat' dir='ltr'>majoribus</span> <span class='ocrx_word' id='word_1_57' title='bbox 1353 1581 1487 1606; x_wconf 89' lang='lat' dir='ltr'>eorum</span> <span class='ocrx_word' id='word_1_58' title='bbox 1507 1567 1685 1606; x_wconf 87' lang='lat' dir='ltr'>debitum</span> <span class='ocrx_word' id='word_1_59' title='bbox 1705 1568 1776 1607; x_wconf 82' lang='lat' dir='ltr'>effe</span> 
     </span>
     <span class='ocr_line' id='line_1_12' title="bbox 375 1633 1776 1689; baseline -0.003 -12"><span class='ocrx_word' id='word_1_60' title='bbox 375 1639 563 1683; x_wconf 84' lang='lat' dir='ltr'>videatur,</span> <span class='ocrx_word' id='word_1_61' title='bbox 587 1637 686 1676; x_wconf 86' lang='lat' dir='ltr'>unde</span> <span class='ocrx_word' id='word_1_62' title='bbox 706 1637 838 1681; x_wconf 85' lang='lat' dir='ltr'>etiam,</span> <span class='ocrx_word' id='word_1_63' title='bbox 860 1635 965 1689; x_wconf 91' lang='lat' dir='ltr'>quod</span> <span class='ocrx_word' id='word_1_64' title='bbox 985 1635 1141 1688; x_wconf 85' lang='lat' dir='ltr'>posteris</span> <span class='ocrx_word' id='word_1_65' title='bbox 1159 1633 1380 1678; x_wconf 90' lang='lat' dir='ltr'>solveretur,</span> <span class='ocrx_word' id='word_1_66' title='bbox 1402 1633 1644 1672; x_wconf 84' lang='lat' dir='ltr'>redundaret.</span> <span class='ocrx_word' id='word_1_67' title='bbox 1666 1633 1776 1673; x_wconf 84' lang='lat' dir='ltr'>Mihi</span> 
     </span>
     <span class='ocr_line' id='line_1_13' title="bbox 374 1699 1774 1758; baseline -0.002 -15"><span class='ocrx_word' id='word_1_68' title='bbox 374 1705 535 1758; x_wconf 85' lang='lat' dir='ltr'>quidem</span> <span class='ocrx_word' id='word_1_69' title='bbox 556 1703 656 1757; x_wconf 91' lang='lat' dir='ltr'>apud</span> <span class='ocrx_word' id='word_1_70' title='bbox 677 1717 743 1741; x_wconf 88' lang='lat' dir='ltr'>vos</span> <span class='ocrx_word' id='word_1_71' title='bbox 764 1703 810 1741; x_wconf 91' lang='lat' dir='ltr'>de</span> <span class='ocrx_word' id='word_1_72' title='bbox 829 1702 926 1741; x_wconf 87' lang='lat' dir='ltr'>meis</span> <span class='ocrx_word' id='word_1_73' title='bbox 947 1701 1158 1754; x_wconf 86' lang='lat' dir='ltr'>majoribus</span> <span class='ocrx_word' id='word_1_74' title='bbox 1180 1700 1336 1739; x_wconf 89' lang='lat' dir='ltr'>dicendi</span> <span class='ocrx_word' id='word_1_75' title='bbox 1354 1699 1517 1738; x_wconf 87' lang='lat' dir='ltr'>facultas</span> <span class='ocrx_word' id='word_1_76' title='bbox 1536 1713 1617 1739; x_wconf 91' lang='lat' dir='ltr'>non</span> <span class='ocrx_word' id='word_1_77' title='bbox 1636 1699 1748 1740; x_wconf 90' lang='lat' dir='ltr'>datur</span> <span class='ocrx_word' id='word_1_78' title='bbox 1761 1715 1774 1740; x_wconf 68' lang='grc' dir='ltr'>ς</span> 
     </span>
     <span class='ocr_line' id='line_1_14' title="bbox 373 1766 1775 1824; baseline -0.004 -13"><span class='ocrx_word' id='word_1_79' title='bbox 373 1785 454 1811; x_wconf 90' lang='lat' dir='ltr'>non</span> <span class='ocrx_word' id='word_1_80' title='bbox 473 1770 580 1824; x_wconf 90' lang='lat' dir='ltr'>quod</span> <span class='ocrx_word' id='word_1_81' title='bbox 599 1783 678 1808; x_wconf 91' lang='lat' dir='ltr'>non</span> <span class='ocrx_word' id='word_1_82' title='bbox 697 1769 790 1808; x_wconf 88' lang='lat' dir='ltr'>tales</span> <span class='ocrx_word' id='word_1_83' title='bbox 807 1768 966 1814; x_wconf 90' lang='lat' dir='ltr'>fuerint,</span> <span class='ocrx_word' id='word_1_84' title='bbox 988 1767 1119 1822; x_wconf 90' lang='lat' dir='ltr'>quales</span> <span class='ocrx_word' id='word_1_85' title='bbox 1136 1781 1220 1813; x_wconf 88' lang='lat' dir='ltr'>nos,</span> <span class='ocrx_word' id='word_1_86' title='bbox 1241 1766 1402 1806; x_wconf 88' lang='lat' dir='ltr'>illorum</span> <span class='ocrx_word' id='word_1_87' title='bbox 1417 1766 1601 1820; x_wconf 85' lang='lat' dir='ltr'>sanguine</span> <span class='ocrx_word' id='word_1_88' title='bbox 1615 1776 1775 1813; x_wconf 78' lang='lat' dir='ltr'>creat08,</span> 
     </span>
     <span class='ocr_line' id='line_1_15' title="bbox 374 1832 1777 1891; baseline -0.004 -14"><span class='ocrx_word' id='word_1_89' title='bbox 374 1837 662 1891; x_wconf 86' lang='lat' dir='ltr'>disciplinisque</span> <span class='ocrx_word' id='word_1_90' title='bbox 682 1835 892 1881; x_wconf 87' lang='lat' dir='ltr'>institutos,</span> <span class='ocrx_word' id='word_1_91' title='bbox 913 1835 1077 1881; x_wconf 67' lang='lat' dir='ltr'>videtis,</span> <span class='ocrx_word' id='word_1_92' title='bbox 1109 1834 1172 1873; x_wconf 86' lang='lat' dir='ltr'>sed</span> <span class='ocrx_word' id='word_1_93' title='bbox 1192 1833 1300 1887; x_wconf 91' lang='lat' dir='ltr'>quod</span> <span class='ocrx_word' id='word_1_94' title='bbox 1319 1832 1429 1872; x_wconf 84' lang='lat' dir='ltr'>laude</span> <span class='ocrx_word' id='word_1_95' title='bbox 1449 1832 1640 1887; x_wconf 86' lang='lat' dir='ltr'>populari,</span> <span class='ocrx_word' id='word_1_96' title='bbox 1661 1841 1777 1886; x_wconf 90' lang='lat' dir='ltr'>atque</span> 
     </span>
     <span class='ocr_line' id='line_1_16' title="bbox 375 1903 1036 1948; baseline -0.006 -4"><span class='ocrx_word' id='word_1_97' title='bbox 375 1903 533 1944; x_wconf 89' lang='lat' dir='ltr'>honoris</span> <span class='ocrx_word' id='word_1_98' title='bbox 554 1903 665 1942; x_wconf 88' lang='lat' dir='ltr'>vestri</span> <span class='ocrx_word' id='word_1_99' title='bbox 685 1903 786 1948; x_wconf 90' lang='lat' dir='ltr'>luce,</span> <span class='ocrx_word' id='word_1_100' title='bbox 819 1911 1036 1941; x_wconf 90' lang='lat' dir='ltr'>caruerunt.</span> 
     </span>
    </p>

    <p class='ocr_par' dir='ltr' id='par_1_8' title="bbox 377 1966 1777 2419">
     <span class='ocr_line' id='line_1_17' title="bbox 431 1966 1774 2022; baseline -0.004 -13"><span class='ocrx_word' id='word_1_101' title='bbox 431 1972 494 2010; x_wconf 90' lang='lat' dir='ltr'>De</span> <span class='ocrx_word' id='word_1_102' title='bbox 513 1984 578 2009; x_wconf 90' lang='lat' dir='ltr'>me</span> <span class='ocrx_word' id='word_1_103' title='bbox 597 1979 726 2008; x_wconf 89' lang='lat' dir='ltr'>autem</span> <span class='ocrx_word' id='word_1_104' title='bbox 753 1969 849 2022; x_wconf 90' lang='lat' dir='ltr'>ipso,</span> <span class='ocrx_word' id='word_1_105' title='bbox 880 1982 1024 2014; x_wconf 89' lang='lat' dir='ltr'>vereor,</span> <span class='ocrx_word' id='word_1_106' title='bbox 1055 1980 1103 2006; x_wconf 90' lang='lat' dir='ltr'>ne</span> <span class='ocrx_word' id='word_1_107' title='bbox 1123 1967 1331 2020; x_wconf 86' lang='lat' dir='ltr'>arrogantis</span> <span class='ocrx_word' id='word_1_108' title='bbox 1352 1966 1397 2005; x_wconf 88' lang='lat' dir='ltr'>fit</span> <span class='ocrx_word' id='word_1_109' title='bbox 1416 1966 1517 2020; x_wconf 90' lang='lat' dir='ltr'>apud</span> <span class='ocrx_word' id='word_1_110' title='bbox 1536 1979 1601 2006; x_wconf 86' lang='lat' dir='ltr'>vos</span> <span class='ocrx_word' id='word_1_111' title='bbox 1622 1966 1747 2004; x_wconf 87' lang='lat' dir='ltr'>dicere</span> <span class='ocrx_word' id='word_1_112' title='bbox 1761 1984 1774 2012; x_wconf 63' lang='grc' dir='ltr'>ς</span> 
     </span>
     <span class='ocr_line' id='line_1_18' title="bbox 377 2032 1774 2090; baseline -0.004 -14"><span class='ocrx_word' id='word_1_113' title='bbox 377 2038 529 2090; x_wconf 86' lang='lat' dir='ltr'>ingrati,</span> <span class='ocrx_word' id='word_1_114' title='bbox 561 2047 696 2076; x_wconf 89' lang='lat' dir='ltr'>tacere.</span> <span class='ocrx_word' id='word_1_115' title='bbox 728 2036 836 2074; x_wconf 84' lang='lat' dir='ltr'>Nam</span> <span class='ocrx_word' id='word_1_116' title='bbox 864 2044 916 2080; x_wconf 91' lang='lat' dir='ltr'>et,</span> <span class='ocrx_word' id='word_1_117' title='bbox 947 2034 1090 2088; x_wconf 86' lang='lat' dir='ltr'>quibus</span> <span class='ocrx_word' id='word_1_118' title='bbox 1114 2034 1247 2072; x_wconf 88' lang='lat' dir='ltr'>studiis</span> <span class='ocrx_word' id='word_1_119' title='bbox 1267 2033 1368 2072; x_wconf 91' lang='lat' dir='ltr'>hanc</span> <span class='ocrx_word' id='word_1_120' title='bbox 1389 2033 1620 2086; x_wconf 85' lang='lat' dir='ltr'>dignitatem</span> <span class='ocrx_word' id='word_1_121' title='bbox 1640 2032 1774 2072; x_wconf 90' lang='lat' dir='ltr'>conse-</span> 
     </span>
     <span class='ocr_line' id='line_1_19' title="bbox 377 2099 1777 2156; baseline -0.004 -14"><span class='ocrx_word' id='word_1_122' title='bbox 377 2114 489 2142; x_wconf 89' lang='lat' dir='ltr'>cutus</span> <span class='ocrx_word' id='word_1_123' title='bbox 509 2105 593 2149; x_wconf 89' lang='lat' dir='ltr'>fim,</span> <span class='ocrx_word' id='word_1_124' title='bbox 625 2103 900 2156; x_wconf 88' lang='lat' dir='ltr'>memetipsum</span> <span class='ocrx_word' id='word_1_125' title='bbox 926 2114 1247 2146; x_wconf 86' lang='lat' dir='ltr'>commemorare,</span> <span class='ocrx_word' id='word_1_126' title='bbox 1277 2114 1463 2154; x_wconf 88' lang='lat' dir='ltr'>perquam</span> <span class='ocrx_word' id='word_1_127' title='bbox 1489 2113 1603 2153; x_wconf 87' lang='lat' dir='ltr'>grave</span> <span class='ocrx_word' id='word_1_128' title='bbox 1630 2099 1706 2145; x_wconf 89' lang='lat' dir='ltr'>est;</span> <span class='ocrx_word' id='word_1_129' title='bbox 1738 2108 1777 2137; x_wconf 90' lang='lat' dir='ltr'>et</span> 
     </span>
     <span class='ocr_line' id='line_1_20' title="bbox 377 2164 1775 2220; baseline -0.003 -13"><span class='ocrx_word' id='word_1_130' title='bbox 377 2169 480 2207; x_wconf 89' lang='lat' dir='ltr'>filere</span> <span class='ocrx_word' id='word_1_131' title='bbox 505 2170 551 2208; x_wconf 91' lang='lat' dir='ltr'>de</span> <span class='ocrx_word' id='word_1_132' title='bbox 577 2170 692 2208; x_wconf 87' lang='lat' dir='ltr'>tantis</span> <span class='ocrx_word' id='word_1_133' title='bbox 720 2169 848 2207; x_wconf 85' lang='lat' dir='ltr'>vestris</span> <span class='ocrx_word' id='word_1_134' title='bbox 869 2167 1065 2206; x_wconf 89' lang='lat' dir='ltr'>beneficiis</span> <span class='ocrx_word' id='word_1_135' title='bbox 1094 2167 1205 2205; x_wconf 90' lang='lat' dir='ltr'>nullo</span> <span class='ocrx_word' id='word_1_136' title='bbox 1226 2166 1344 2205; x_wconf 93' lang='lat' dir='ltr'>modo</span> <span class='ocrx_word' id='word_1_137' title='bbox 1363 2165 1526 2220; x_wconf 85' lang='lat' dir='ltr'>poffum.</span> <span class='ocrx_word' id='word_1_138' title='bbox 1559 2166 1689 2215; x_wconf 85' lang='lat' dir='ltr'>Qare</span> <span class='ocrx_word' id='word_1_139' title='bbox 1708 2164 1775 2202; x_wconf 84' lang='lat' dir='ltr'>ad·</span> 
     </span>
     <span class='ocr_line' id='line_1_21' title="bbox 379 2230 1777 2285; baseline -0.004 -13"><span class='ocrx_word' id='word_1_140' title='bbox 379 2234 578 2274; x_wconf 87' lang='lat' dir='ltr'>hibebitur</span> <span class='ocrx_word' id='word_1_141' title='bbox 609 2250 629 2274; x_wconf 92' lang='lat' dir='ltr'>a</span> <span class='ocrx_word' id='word_1_142' title='bbox 661 2249 723 2274; x_wconf 86' lang='lat' dir='ltr'>me</span> <span class='ocrx_word' id='word_1_143' title='bbox 749 2245 851 2273; x_wconf 89' lang='lat' dir='ltr'>certa</span> <span class='ocrx_word' id='word_1_144' title='bbox 878 2235 987 2280; x_wconf 88' lang='lat' dir='ltr'>ratio,</span> <span class='ocrx_word' id='word_1_145' title='bbox 1019 2233 1322 2285; x_wconf 88' lang='lat' dir='ltr'>moderatioque,</span> <span class='ocrx_word' id='word_1_146' title='bbox 1354 2232 1522 2277; x_wconf 89' lang='lat' dir='ltr'>dicendi,</span> <span class='ocrx_word' id='word_1_147' title='bbox 1554 2241 1611 2276; x_wconf 86' lang='lat' dir='ltr'>ut,</span> <span class='ocrx_word' id='word_1_148' title='bbox 1643 2230 1737 2282; x_wconf 84' lang='lat' dir='ltr'>quid</span> <span class='ocrx_word' id='word_1_149' title='bbox 1757 2243 1777 2267; x_wconf 92' lang='lat' dir='ltr'>a</span> 
     </span>
     <span class='ocr_line' id='line_1_22' title="bbox 378 2296 1777 2354; baseline -0.004 -15"><span class='ocrx_word' id='word_1_150' title='bbox 378 2301 487 2339; x_wconf 82' lang='lat' dir='ltr'>vobis</span> <span class='ocrx_word' id='word_1_151' title='bbox 521 2302 749 2354; x_wconf 83' lang='lat' dir='ltr'>acceperim,</span> <span class='ocrx_word' id='word_1_152' title='bbox 780 2314 1112 2339; x_wconf 86' lang='lat' dir='ltr'>commemorem:</span> <span class='ocrx_word' id='word_1_153' title='bbox 1155 2312 1271 2352; x_wconf 88' lang='lat' dir='ltr'>quare</span> <span class='ocrx_word' id='word_1_154' title='bbox 1301 2299 1440 2351; x_wconf 85' lang='lat' dir='ltr'>dignus</span> <span class='ocrx_word' id='word_1_155' title='bbox 1473 2297 1593 2335; x_wconf 91' lang='lat' dir='ltr'>vestro</span> <span class='ocrx_word' id='word_1_156' title='bbox 1623 2296 1777 2334; x_wconf 87' lang='lat' dir='ltr'>summo</span> 
     </span>
     <span class='ocr_line' id='line_1_23' title="bbox 379 2360 1777 2419; baseline -0.004 -15"><span class='ocrx_word' id='word_1_157' title='bbox 379 2366 524 2406; x_wconf 91' lang='lat' dir='ltr'>honore</span> <span class='ocrx_word' id='word_1_158' title='bbox 552 2366 808 2419; x_wconf 87' lang='lat' dir='ltr'>fingularique</span> <span class='ocrx_word' id='word_1_159' title='bbox 829 2367 980 2419; x_wconf 88' lang='lat' dir='ltr'>judicio</span> <span class='ocrx_word' id='word_1_160' title='bbox 1006 2367 1092 2412; x_wconf 85' lang='lat' dir='ltr'>firn,</span> <span class='ocrx_word' id='word_1_161' title='bbox 1123 2365 1200 2419; x_wconf 89' lang='lat' dir='ltr'>ipse</span> <span class='ocrx_word' id='word_1_162' title='bbox 1227 2365 1380 2404; x_wconf 90' lang='lat' dir='ltr'>modice</span> <span class='ocrx_word' id='word_1_163' title='bbox 1408 2363 1550 2407; x_wconf 85' lang='lat' dir='ltr'>dicam,</span> <span class='ocrx_word' id='word_1_164' title='bbox 1582 2361 1607 2399; x_wconf 89' lang='lat' dir='ltr'>fi</span> <span class='ocrx_word' id='word_1_165' title='bbox 1634 2360 1777 2400; x_wconf 86' lang='lat' dir='ltr'>neceffe</span> 
     </span>
    </p>
   </div>
   <div class='ocr_carea' id='block_1_7' title="bbox 377 2426 1577 2531">
    <p class='ocr_par' dir='ltr' id='par_1_9' title="bbox 377 2426 1577 2531">
     <span class='ocr_line' id='line_1_24' title="bbox 377 2426 1577 2486; baseline -0.004 -15"><span class='ocrx_word' id='word_1_166' title='bbox 377 2430 450 2471; x_wconf 81' lang='lat' dir='ltr'>erit</span> <span class='ocrx_word' id='word_1_167' title='bbox 463 2451 475 2478; x_wconf 84' lang='lat'>3</span> <span class='ocrx_word' id='word_1_168' title='bbox 506 2445 573 2471; x_wconf 92' lang='lat' dir='ltr'>vos</span> <span class='ocrx_word' id='word_1_169' title='bbox 593 2431 743 2470; x_wconf 85' lang='lat' dir='ltr'>eosdem</span> <span class='ocrx_word' id='word_1_170' title='bbox 763 2432 1042 2471; x_wconf 83' lang='lat' dir='ltr'>existimaturos</span> <span class='ocrx_word' id='word_1_171' title='bbox 1064 2440 1213 2486; x_wconf 87' lang='lat' dir='ltr'>putem,</span> <span class='ocrx_word' id='word_1_172' title='bbox 1245 2430 1314 2483; x_wconf 86' lang='lat' dir='ltr'>qui</span> <span class='ocrx_word' id='word_1_173' title='bbox 1327 2426 1577 2481; x_wconf 79' lang='lat' dir='ltr'>judicavistiS.</span> 
     </span>
     <span class='ocr_line' id='line_1_25' title="bbox 1381 2494 1473 2531; baseline 0 0"><span class='ocrx_word' id='word_1_174' title='bbox 1381 2494 1418 2531; x_wconf 92' lang='lat' dir='ltr'>O</span> <span class='ocrx_word' id='word_1_175' title='bbox 1453 2506 1473 2531; x_wconf 85' lang='lat'><strong>2</strong></span> 
     </span>
    </p>
   </div>
  </div>
 </body>
</html>
