2212 2835
421 176 496 215 192
843 158 1249 198 ORATIO
1330 158 1406 196 111.

419 270 560 305 tamen,
594 269 636 298 ut
656 259 838 297 levislime
858 258 1000 302 dicam,
1030 255 1298 293 dimicandum
1318 254 1429 293 nobis
1450 267 1541 293 cum
1562 254 1630 292 illo
1649 253 1799 299 fuiffet3

418 340 542 377 neque
562 339 630 363 nos
651 337 837 376 unquam,
868 324 963 361 dum
989 322 1055 360 ille
1080 322 1120 359 in
1148 321 1241 359 urbe
1259 320 1376 359 hostis
1397 319 1536 365 fuisset,
1568 321 1681 358 tantis
1701 321 1802 374 peri-

417 392 514 428 culis
545 390 826 443 rempublicam
854 398 956 428 tanta
981 401 1088 442 pace,
1120 396 1226 425 tanto
1251 388 1346 432 otio,
1377 395 1484 425 tanto
1509 385 1673 431 filentio,
1704 385 1803 424 libe-

418 457 609 495 rassemuS.

478 525 587 562 VIII.
621 525 855 575 Oganquam
875 521 957 560 haec
984 521 1129 566 omnia,
1161 520 1348 572 Qirites,
1380 520 1432 558 ita
1451 519 1537 557 sunt
1557 533 1577 556 a
1596 532 1658 558 me
1679 517 1805 556 admi-

418 590 582 634 nistrata,
607 599 649 627 ut
670 591 844 627 Deorum
865 588 1146 626 immortalium
1167 595 1264 624 nutu
1285 595 1398 638 atque
1417 586 1575 624 consilio
1593 594 1630 623 et
1650 584 1749 638 gesta
1768 593 1810 622 et:

418 656 563 708 provisa
582 656 651 694 effe
671 656 882 693 videantur.
906 655 1028 706 quue
1049 667 1140 691 cum
1161 654 1377 704 conjectura
1396 653 1577 704 consequi
1594 651 1805 705 poffumuS,

419 722 524 774 quod
546 722 609 759 vix
629 722 779 759 videtur
797 720 959 758 humani
977 719 1124 757 confilii
1143 728 1334 757 tantarum
1351 733 1477 758 rerum
1495 718 1721 771 gubernatio
1737 716 1807 754 effe

421 788 608 839 potuiss‘e3
641 796 726 824 tum
754 800 842 825 vero
868 787 920 824 ita
946 785 1142 837 praesentes
1166 783 1226 822 his
1248 785 1484 836 temporibus
1505 798 1619 837 opem
1640 793 1677 822 et
1697 783 1808 821 auxi-

420 854 517 890 lium
541 854 650 891 nobis
670 853 854 897 tulerunt,
886 862 929 890 ut
949 864 1011 889 eos
1032 864 1129 903 pene
1148 850 1270 887 oculis
1299 850 1425 887 videre
1448 850 1653 902 poffemuS.
1685 850 1807 893 Nam,

421 928 464 956 ut
485 919 548 956 illa
567 920 762 964 omittam,
794 918 884 956 visas
906 919 1092 955 noeturno
1113 926 1285 968 tempore
1311 916 1357 953 ab
1380 916 1580 954 occidente
1601 914 1716 959 faces,
1746 928 1807 952 ar-

423 985 633 1036 doremque
664 985 773 1029 caeli3
812 993 854 1021 ut
883 982 1100 1020 fulminum
1125 983 1264 1034 jaetuS,
1302 990 1345 1019 ut
1376 990 1481 1019 terrae
1512 989 1656 1025 motus,
1691 979 1810 1017 relin-

421 1064 566 1102 quam;
600 1060 642 1088 ut
668 1051 848 1088 omittam
876 1058 1022 1093 caetera‚
1053 1062 1137 1100 quae
1164 1056 1244 1085 tam
1271 1047 1409 1092 multa,
1440 1047 1552 1085 nobis
1572 1045 1809 1090 consulibus,

421 1115 517 1153 facta
538 1116 637 1160 sunt,
660 1125 703 1153 ut
723 1114 819 1160 haec,
841 1129 926 1167 quae
946 1128 1049 1152 nunc
1069 1113 1182 1158 fiunt,
1204 1126 1337 1150 canere
1358 1113 1427 1150 Dii
1446 1112 1682 1151 immortales
1702 1111 1811 1150 vide-

422 1191 552 1220 rentur
571 1196 579 1219 :
611 1181 686 1219 hoc
707 1190 822 1225 certe,
855 1180 1043 1231 Qirites,
1072 1179 1176 1230 quod
1197 1178 1280 1216 sum
1302 1178 1487 1223 dicturus,
1509 1191 1633 1230 neque
1653 1186 1810 1230 praeter-

423 1247 675 1291 mittendum,
707 1260 830 1299 neque
851 1245 1146 1298 relinquendum
1167 1244 1232 1282 est.

478 1314 584 1351 Nam
606 1313 776 1366 profecto
797 1312 984 1351 memoria
1004 1313 1157 1358 tenetis,
1176 1313 1291 1349 Cotta
1306 1320 1343 1349 et
1359 1311 1559 1363 Torquato
1575 1309 1809 1355 consulibus,

423 1380 642 1432 complures
674 1380 714 1417 in
747 1379 941 1432 Capitolio
973 1387 1092 1416 turres
1124 1378 1171 1416 de
1201 1378 1294 1415 caelo
1324 1377 1393 1416 effe
1424 1377 1623 1430 percussas,
1655 1390 1747 1414 cum
1774 1384 1813 1413 et

423 1445 623 1483 fimulacra
643 1447 819 1483 Deorum
839 1445 1122 1482 immortalium
1142 1443 1296 1495 depulsa
1315 1443 1414 1488 sunt,
1436 1452 1473 1481 et
1493 1443 1619 1481 statuae
1639 1451 1813 1481 veterum

424 1510 633 1549 hominum
665 1511 829 1562 dejectae,
860 1519 898 1548 et
929 1510 1061 1562 legum
1092 1522 1163 1547 aera
1192 1508 1409 1560 liquefacta.
1441 1510 1586 1546 Tactus
1618 1508 1671 1545 est
1696 1508 1815 1546 etiam

424 1578 503 1622 ille,
543 1578 610 1629 qui
644 1576 743 1614 hanc
779 1577 915 1614 urbem
953 1576 1142 1620 condidit,
1182 1575 1376 1613 Romulus
1395 1589 1404 1612 ε
1445 1588 1563 1627 quem
1597 1574 1816 1612 inauratum

426 1644 466 1680 in
500 1644 693 1696 Capitolio
724 1656 884 1696 parvum
916 1651 1030 1694 atque
1060 1642 1280 1686 lactentem,
1317 1641 1499 1679 uberibus
1531 1640 1674 1693 lupinis
1707 1638 1815 1677 inhi-

426 1718 568 1753 antem,
599 1709 707 1747 fuiss'e
728 1708 968 1747 meministis.
1005 1708 1098 1757 Qo
1124 1706 1283 1758 quidem
1312 1716 1484 1757 tempore
1510 1719 1601 1744 cum
1629 1705 1814 1757 aruspices

426 1790 472 1814 ex
506 1787 583 1814 tota
614 1777 768 1814 Etruria
798 1773 1071 1817 convenissent,
1103 1773 1220 1810 caedes
1253 1781 1367 1823 atque
1393 1772 1582 1817 incendia,
1613 1780 1650 1809 et
1681 1772 1815 1824 legum

428 1842 644 1886 interitum,
669 1850 706 1878 et
726 1840 873 1878 bellum
894 1839 1006 1877 civile
1026 1852 1068 1875 ac
1089 1837 1357 1882 domesticum,
1379 1846 1415 1874 et
1437 1837 1554 1875 totius
1576 1837 1679 1874 urbis
1701 1846 1815 1889 atque

430 1907 580 1959 imperii
607 1906 800 1950 occasum,
829 1905 1133 1958 appropinquare
1153 1903 1345 1948 dixerunt,
1377 1903 1445 1940 nifi
1467 1903 1537 1940 Dii
1560 1903 1814 1948 immortales,

429 1973 537 2010 omni
560 1972 702 2009 ratione
723 1971 874 2023 placati,
906 1970 971 2007 suo
992 1969 1152 2007 numine
1172 1982 1290 2021 prope
1309 1967 1385 2006 fata
1406 1968 1483 2021 ipsa
1503 1968 1700 2006 flexiffent.

485 2036 616 2089 Itaque
636 2037 793 2074 illorum
815 2036 992 2087 responsis
1014 2045 1105 2072 tunc
1127 2045 1163 2072 et
1180 2034 1261 2072 ludi
1279 2035 1411 2073 decem
1428 2048 1494 2086 per
1509 2034 1587 2071 dies
1604 2033 1693 2072 facti
1715 2034 1815 2079 sunt,

430 2116 554 2155 neque
575 2116 629 2140 res
651 2102 740 2146 ulla,
772 2115 856 2153 quae
876 2101 920 2138 ad
942 2101 1171 2153 placandum
1195 2101 1298 2138 Deos
1322 2100 1542 2152 pertineret,
1573 2099 1817 2152 praetermiffa

429 2170 507 2207 est:
542 2169 737 2220 iidemque
757 2167 959 2218 jusserunt,
991 2166 1239 2204 simulacrum
1267 2166 1373 2217 Jovis
1400 2165 1521 2203 facere
1547 2167 1685 2217 majus,
1716 2174 1753 2203 et
1776 2166 1817 2203 in

431 2234 578 2272 excelso
613 2234 812 2278 collocare,
853 2241 890 2269 et
924 2241 1069 2276 contra,
1109 2240 1221 2283 atque
1255 2240 1340 2268 ante
1375 2230 1511 2275 fuerat,
1551 2231 1597 2268 ad
1631 2231 1818 2269 orientem

431 2309 675 2338 convertere:
708 2313 749 2337 ac
777 2299 811 2336 se
837 2298 980 2350 sperare
1000 2298 1192 2342 dixerunt,
1223 2297 1249 2334 fi
1270 2296 1367 2334 illud
1388 2297 1553 2349 fignum,
1585 2297 1690 2350 quod
1710 2297 1815 2335 vide-

434 2367 496 2411 tis,
528 2366 613 2404 solis
640 2375 783 2409 ortum,
814 2373 851 2401 et
877 2362 1006 2401 forum
1034 2365 1271 2415 curiamque,
1304 2363 1550 2416 conspiceret,
1581 2363 1676 2407 fore,
1709 2371 1750 2399 ut
1775 2374 1817 2399 ea

432 2432 601 2478 consilia,
617 2446 700 2486 quae
718 2432 818 2471 clam
834 2429 948 2469 effent
964 2430 1057 2471 inita
1073 2440 1203 2470 contra
1218 2429 1378 2468 salutem
1396 2430 1500 2469 urbis
1518 2437 1631 2482 atque
1648 2428 1815 2481 imperii,
