2212 2835
354 192 402 242 36
846 190 1245 228 ORATIO

352 292 510 343 Qanto
532 289 770 343 Oppianicus
802 289 842 326 in
862 290 993 328 eadem
1019 290 1158 342 injuria
1190 290 1332 342 majore
1351 288 1540 343 supplicio
1565 289 1735 342 dignus?

349 358 535 410 siquidem
556 356 634 400 illa,
656 370 747 394 cum
768 355 834 393 suo
853 356 1005 408 corpori
1026 356 1106 394 vim
1126 356 1319 400 attulisset,
1334 355 1369 393 se
1388 356 1510 408 ipsam
1526 355 1710 394 cruciavit
1722 372 1735 399 ς

348 422 413 460 hic
434 433 562 461 autem
582 422 688 460 idem
717 422 816 460 illud
834 421 962 460 effecit
990 436 1057 474 per
1077 422 1190 460 alieni
1220 423 1388 475 corporis
1420 430 1589 460 mortem
1619 431 1735 472 atque

347 490 576 527 cruciatum.
610 488 747 526 Caeteri
777 501 856 526 non
887 488 1064 526 videntur
1093 488 1134 525 in
1165 487 1321 540 fingulis
1352 486 1578 526 hominibus
1611 486 1735 524 multa

346 555 546 607 parricidia
566 554 751 606 suscipere
782 552 881 605 poffe
899 568 907 591 ε
942 553 1182 606 Oppianicus
1214 553 1391 592 inventus
1411 553 1477 598 est,
1506 553 1575 605 qui
1595 551 1635 590 in
1657 564 1733 589 uno

345 635 503 674 corpore
523 621 649 674 plures
670 628 832 657 necaret.

383 689 477 725 XII.
501 688 649 738 Itaque,
671 699 764 723 cum
784 684 883 723 hanc
903 685 983 737 ejus
1005 685 1322 724 consuetudinem
1342 685 1616 736 audaciamque
1636 696 1729 736 cog-

344 754 514 792 nosceret
543 751 755 791 avunculus
785 751 890 789 illius
921 751 1167 790 adolescentis
1189 752 1411 805 Oppianici,
1444 753 1520 790 Cn.
1543 751 1729 803 Magius,

344 820 450 872 isque
475 819 578 872 gravi
599 816 736 856 morbo
765 815 920 855 affectus
941 816 1044 862 effet,
1075 826 1113 855 et
1143 816 1324 855 heredem
1355 817 1470 855 illum
1501 816 1636 856 sororis
1657 816 1729 854 suae

343 885 472 923 filium
491 884 631 923 faceret
647 902 658 928 3
681 883 814 922 amicis
835 882 1033 928 adhibitis,
1056 883 1234 936 praesente
1254 892 1373 921 matre
1391 883 1453 921 sua
1468 883 1608 927 Dinea,
1630 896 1729 920 uxo-

342 965 425 990 rem
445 951 550 990 suam
581 949 842 1001 interrogavit,
869 948 1007 987 essetne
1027 962 1238 1001 praegnans.
1271 950 1370 999 Qae
1389 962 1481 986 cum
1502 949 1537 986 se
1563 947 1633 986 effe
1653 947 1727 985 res-

340 1018 542 1072 pondiffet,
563 1018 610 1055 ab
630 1030 673 1054 ea
690 1016 842 1068 petivit,
864 1024 907 1053 ut
926 1016 961 1053 se
981 1024 1136 1053 mortuo
1155 1015 1256 1067 apud
1278 1016 1461 1060 Dineam‚
1483 1029 1568 1067 quae
1588 1024 1674 1053 tum
1694 1015 1729 1052 ei

338 1085 494 1123 mulieri
527 1083 652 1121 socrus
681 1090 773 1126 erat,
808 1081 935 1132 quoad
968 1089 1128 1133 pareret,
1163 1079 1351 1118 habitaret
1367 1099 1379 1125 ς
1411 1081 1730 1134 diligentiamque

339 1151 548 1194 adhiberet,
585 1158 627 1186 ut
658 1148 711 1191 id,
748 1147 852 1198 quod
872 1156 1114 1199 conceperat,
1150 1146 1322 1191 servaret,
1359 1156 1403 1185 ut
1422 1147 1568 1185 salvum
1600 1161 1729 1200 parere

339 1217 470 1269 poffet.
504 1217 637 1266 Itaque
668 1214 703 1251 ei
723 1208 948 1251 testamento
973 1213 1073 1265 legat
1103 1213 1286 1265 grandem
1307 1214 1512 1265 pecuniam
1533 1227 1552 1251 a
1572 1213 1667 1258 filio,
1700 1214 1727 1252 fi

339 1284 406 1336 qui
427 1292 535 1320 natus
557 1279 643 1318 effet
660 1298 671 1325 ;
708 1280 754 1317 ab
775 1279 939 1317 secundo
958 1278 1096 1317 herede
1116 1278 1216 1317 nihil
1235 1280 1347 1332 legat.

393 1348 502 1400 Qid
522 1348 568 1385 de
590 1346 809 1399 Oppianico
828 1345 1034 1398 suspicatus
1055 1346 1112 1390 fit,
1136 1345 1301 1391 videti83
1325 1345 1420 1398 quid
1434 1346 1629 1399 judicarit,
1651 1347 1725 1385 ob-

338 1416 489 1454 scurum
509 1428 586 1452 non
607 1413 687 1451 est:
720 1426 824 1457 nam,
857 1426 950 1451 cum
980 1414 1059 1465 ejus
1080 1412 1209 1450 filium
1235 1411 1374 1451 faceret
1405 1412 1598 1459 heredem,
1633 1428 1724 1452 eum

337 1491 504 1520 tutorem
525 1480 655 1518 liberis
677 1493 754 1517 non
774 1479 979 1531 adscripfit.
1003 1479 1112 1529 Qid
1135 1479 1375 1531 Oppianicus
1392 1478 1538 1525 fecerit,
1560 1481 1723 1533 cognos-

336 1549 411 1585 cite
428 1566 440 1592 ;
463 1556 505 1585 ut
525 1546 639 1584 illum
660 1545 840 1597 Magium
861 1545 1083 1596 intelligatis
1104 1544 1218 1596 longe
1238 1546 1369 1583 animo
1389 1546 1615 1598 prospexisse
1635 1561 1724 1585 mo-

334 1614 512 1651 rientem.
545 1613 642 1664 Qae
674 1611 835 1663 pecunia
854 1611 1009 1648 mulieri
1040 1610 1161 1663 legata
1191 1620 1268 1649 erat
1298 1625 1317 1648 a
1338 1611 1432 1656 filio,
1466 1612 1491 1649 fi
1514 1613 1583 1663 qui
1612 1621 1722 1651 natus

334 1680 436 1724 esset,
467 1693 550 1716 eam
571 1678 792 1730 praesentem
815 1677 1071 1729 Oppianicu5‚
1094 1691 1170 1715 non
1191 1677 1376 1721 debitam,
1405 1678 1560 1715 mulieri
1581 1678 1691 1717 solvit
1709 1695 1718 1718 :

334 1746 359 1783 fi
379 1744 460 1783 haec
481 1745 618 1783 solutio
649 1744 877 1795 legatorum,
907 1751 944 1780 et
965 1755 1043 1780 non
1064 1755 1208 1780 merces
1239 1742 1462 1786 abortionis,
1497 1743 1721 1795 appellanda

332 1812 397 1849 cst.
422 1812 513 1862 Qo
534 1810 598 1847 illa
617 1811 740 1862 pretio
760 1818 931 1861 accepto,
950 1808 1158 1860 multisque
1178 1817 1356 1860 praeterea
1375 1809 1612 1854 muneribus,
1635 1825 1719 1862 quae

331 1888 416 1915 tum
438 1890 484 1914 ex
506 1867 644 1914 tabulis
660 1875 868 1927 Oppianici
889 1875 1156 1919 recitabantur,
1173 1874 1277 1926 spem
1299 1874 1420 1919 illam,
1439 1889 1556 1927 quam
1579 1877 1617 1913 in
1633 1877 1719 1915 alvo

331 1943 642 1981 commendatam
662 1955 683 1979 a
704 1943 784 1979 viro
803 1941 1037 1986 continebat,
1067 1941 1164 1979 victa
1183 1942 1336 1979 avaritia
1356 1941 1485 1979 sceleri
1507 1943 1717 1995 Oppianici

329 2009 515 2047 vendidit.

384 2074 499 2113 Nihil
521 2074 622 2127 poffe
648 2076 728 2127 jam
749 2075 794 2112 ad
816 2073 914 2112 hanc
946 2074 1237 2126 improbitatem
1268 2074 1354 2111 addi
1376 2074 1538 2112 videtur.
1572 2077 1714 2114 Atten-

328 2141 405 2178 dite
425 2141 587 2178 exitum.
631 2142 729 2191 Qae
750 2140 889 2177 mulier
908 2140 1158 2178 obtestatione
1179 2139 1249 2177 viri
1270 2140 1403 2177 decem
1424 2140 1501 2178 illis
1522 2142 1714 2180 mensibus

328 2221 373 2244 ne
395 2207 556 2245 domum
591 2207 749 2259 quidem
785 2207 919 2251 ullam,
955 2206 1023 2244 nifi
1045 2206 1170 2244 socrus
1199 2205 1284 2249 suae,
1320 2206 1420 2243 nosse
1450 2207 1596 2252 debuit,
1632 2207 1714 2246 haec

327 2274 463 2325 quinto
480 2273 605 2310 mense
626 2273 708 2325 post
729 2273 798 2310 viri
816 2281 979 2310 mortem
1002 2272 1068 2324 ipsi
1088 2272 1307 2324 Oppianico
1328 2273 1468 2324 nupsit.
1492 2274 1589 2324 Qae
1610 2287 1712 2326 nup-

326 2341 385 2376 tiae
406 2353 481 2377 non
503 2339 692 2377 diuturnae
714 2338 895 2376 fuerunt:
927 2347 1032 2375 erant
1052 2339 1157 2376 enim
1178 2351 1254 2376 non
1276 2339 1515 2377 matrimonii
1542 2340 1710 2391 dignita-

325 2416 374 2449 te,
398 2405 456 2441 scd
477 2405 623 2443 sceleris
644 2405 833 2450 socictate,
855 2405 1082 2456 conjunctae.

379 2470 492 2508 XIII.
526 2471 661 2521 Qid?
693 2470 759 2509 illa
778 2471 898 2510 caedes
927 2470 1050 2509 Asinii
1072 2470 1277 2516 Larinatis,
1309 2471 1556 2510 adolescentis
1591 2483 1709 2523 pecu-
