2212 2835
666 178 744 217 IN
802 177 850 216 L.
911 177 1367 216 CATILINAM.
1655 179 1726 229 169

334 278 492 332 praesens
515 287 683 331 tempus,
715 279 859 317 recenti
887 280 1075 317 memoria
1100 279 1285 317 scelerum
1315 288 1485 323 tuorum,
1516 286 1553 315 at
1578 278 1617 316 in
1640 277 1727 330 pos·

335 347 542 390 teritatem‚
574 346 806 398 impendeat.
839 346 910 384 Sed
930 346 982 383 est
1003 344 1102 383 mihi
1124 346 1234 390 tanti,
1263 344 1479 383 dummodo
1499 344 1565 382 ista
1586 345 1729 397 privata

335 412 380 450 fit
400 412 609 456 calamitas,
630 421 668 449 et
683 424 703 448 a
719 411 939 463 reipublicae
953 411 1133 463 per1culis
1150 410 1381 463 sejungatur.
1405 411 1477 448 Sed
1498 419 1541 448 tu
1561 419 1604 448 ut
1624 410 1726 448 vitiis

335 478 411 515 tuis
432 489 711 520 commoveare,
743 485 786 513 ut
812 476 946 527 legum
972 488 1102 528 poenas
1131 475 1387 528 pertimescas,
1419 484 1462 512 ut
1489 476 1728 528 temporibus

341 541 562 593 reipublicae
587 541 787 586 concedas,
819 554 897 578 non
922 541 974 578 est
1000 540 1299 593 postulandum:
1332 553 1459 592 neque
1484 541 1590 578 enim
1616 541 1646 578 is
1673 554 1727 585 es,

334 607 515 652 Catilina,
538 617 580 646 ut
600 616 636 646 te
656 616 721 646 aut
742 607 865 660 pudor
884 621 905 645 a
920 607 1174 660 turpitudine,
1196 616 1262 645 aut
1277 615 1404 645 metus
1421 620 1441 644 a
1454 607 1643 660 periculo,
1665 617 1730 645 aut

334 675 429 712 ratio
449 687 469 712 a
488 673 630 719 furore,
661 674 858 712 revocarit.

391 741 675 792 Qamob‘rem,
707 750 750 779 ut
771 740 864 793 saepe
878 742 961 792 jam
982 739 1078 786 dixi,
1109 739 1371 794 proficiscere:
1404 754 1460 786 ac,
1481 740 1509 778 fi
1529 740 1631 779 mihi
1650 741 1728 779 ini-

334 808 454 853 mico,
481 817 524 846 ut
544 808 738 860 praedicas,
761 818 828 846 tuo
847 806 1012 845 conflare
1031 808 1086 845 vis
1105 807 1306 853 invidiam,
1329 809 1428 845 recta
1447 821 1563 861 perge
1583 808 1623 845 in
1644 808 1728 846 exi-

336 873 435 912 lium
455 889 464 911 :
497 875 561 912 vix
583 873 701 911 feram
721 873 911 911 sermones
932 871 1157 918 hominum,
1190 873 1215 911 fi
1237 873 1276 911 id
1303 873 1463 918 feceris3
1495 875 1560 912 vix
1581 874 1729 912 molem

336 939 444 978 istius
463 940 630 985 invidiae,
662 940 687 977 fi
715 941 754 977 in
785 940 947 977 exilium
974 940 1060 977 ieris
1081 939 1184 991 juffu
1212 939 1393 985 consulis,
1424 940 1629 979 sustinebo.
1663 940 1730 979 Sin

336 1015 464 1044 autem
484 1006 619 1044 servire
639 1020 732 1043 meae
752 1005 854 1043 laudi
875 1016 912 1043 et
931 1005 1062 1058 gloriae
1090 1006 1224 1050 mavis,
1255 1006 1432 1057 egredere
1460 1020 1552 1044 cum
1578 1007 1728 1060 impor-

337 1081 430 1110 tuna
450 1071 716 1110 sceleratorum
737 1085 878 1116 manu5
911 1070 1044 1109 confer
1065 1080 1102 1109 te
1121 1071 1167 1109 ad
1188 1071 1374 1109 Mallium
1388 1090 1399 1117 3
1427 1072 1580 1110 concita
1600 1073 1729 1125 perdi-

336 1148 395 1177 tos
415 1138 516 1176 cives
533 1156 545 1182 3
578 1137 726 1176 secerne
746 1147 783 1175 te
803 1151 823 1174 a
843 1137 954 1175 bonis
971 1155 983 1181 ;
1015 1136 1115 1174 infer
1134 1137 1263 1189 patriae
1284 1137 1432 1175 bellum
1449 1156 1460 1182 3
1483 1138 1630 1176 exsulta
1649 1139 1730 1177 im-

337 1205 401 1258 pio
420 1204 645 1242 latrocinio:
679 1212 722 1241 ut
748 1216 768 1241 a
788 1216 851 1241 me
873 1217 950 1241 non
970 1203 1113 1256 ejectus
1141 1203 1187 1240 ad
1210 1202 1368 1249 alienos,
1399 1204 1461 1242 sed
1482 1204 1662 1244 invitatus
1683 1205 1730 1244 ad

335 1280 436 1316 tuos,
468 1269 532 1308 iffe
552 1271 725 1308 videaris.
1096 1263 1102 1266 ¹

391 1337 629 1389 Qanquam
649 1336 744 1389 quid
762 1350 833 1389 ego
853 1344 889 1374 te
910 1336 1086 1381 invitem,
1108 1349 1129 1374 a
1144 1348 1222 1388 quo
1237 1336 1319 1388 jam
1336 1336 1452 1375 sciam
1468 1337 1538 1375 effe
1557 1338 1730 1390 praemis-

335 1403 407 1449 sos,
438 1404 505 1456 qui
532 1404 605 1442 tibi
631 1403 678 1442 ad
703 1402 833 1442 forum
860 1404 1067 1442 Aurelium
1088 1402 1391 1455 praestolarentur
1416 1404 1582 1442 armati?
1615 1405 1730 1444 sciam

335 1472 486 1523 paetam
506 1479 544 1508 et
563 1471 811 1508 constitutam
832 1470 902 1508 effe
922 1484 1014 1507 cum
1036 1469 1177 1507 Mallio
1193 1469 1295 1507 diem
1314 1469 1327 1506 ?
1348 1483 1369 1507 a
1389 1484 1468 1523 quo
1483 1471 1601 1509 etiam
1616 1472 1730 1524 aqui-

337 1536 415 1574 lam
447 1537 556 1574 illam
585 1546 818 1588 argenteam,
849 1549 965 1587 quam
997 1535 1068 1572 tibi
1098 1548 1139 1572 ac
1171 1536 1247 1572 tuis
1274 1536 1458 1575 omnibus
1479 1538 1732 1589 perniciosam

338 1601 409 1639 effe
428 1601 582 1640 confido
602 1612 639 1639 et
657 1601 845 1639 funestam
866 1601 1052 1645 futuram,
1082 1601 1146 1638 cui
1167 1601 1274 1638 domi
1296 1610 1369 1639 tuae
1390 1602 1590 1642 sacrarium
1612 1604 1730 1643 scele-

340 1682 426 1706 rum
449 1677 606 1706 tuorum
626 1668 881 1706 constitutum
903 1667 991 1712 fuit,
1014 1667 1130 1705 sciam
1149 1667 1220 1705 effe
1241 1668 1466 1720 praemiffam
1484 1670 1496 1706 ?
1520 1671 1585 1707 Tu
1605 1680 1646 1707 ut
1667 1671 1732 1709 illa

340 1735 484 1772 diutius
505 1748 627 1772 carere
645 1734 771 1787 poffis,
803 1747 919 1786 quam
941 1734 1107 1772 venerari
1129 1734 1172 1771 ad
1201 1733 1344 1772 caedem
1368 1735 1610 1786 proficiscens
1632 1737 1729 1776 soleo

339 1802 431 1846 bas5
463 1814 483 1838 a
507 1802 617 1853 cujus
649 1801 831 1839 altaribus
856 1799 950 1853 saepe
981 1801 1090 1838 istam
1120 1801 1316 1839 dexteram
1345 1801 1509 1855 impiam
1530 1803 1575 1841 ad
1596 1817 1731 1844 necem

337 1868 483 1906 civium
506 1867 725 1905 transtulisti
744 1867 756 1904 ?

394 1934 446 1972 X.
479 1934 558 1973 Ibis
579 1934 734 1972 tandem
755 1934 974 1986 aliquando,
1000 1947 1078 1986 quo
1099 1942 1136 1972 te
1150 1935 1382 1986 jampridem
1406 1944 1470 1974 tua
1489 1936 1556 1974 ista
1575 1937 1730 1990 cupidi«

338 2008 395 2038 tas
415 1998 595 2038 effrenata
614 2013 655 2038 ac
675 1999 814 2038 furiosa
833 2000 1012 2053 rapiebat.
1046 2000 1187 2053 Neque
1206 2001 1311 2038 enim
1335 2001 1407 2038 tibi
1437 2000 1518 2040 haec
1546 2016 1603 2040 res
1623 2002 1731 2041 affert

338 2064 525 2111 dolorem,
556 2065 618 2103 sed
652 2066 843 2119 quandam
877 2066 1147 2104 incredibilem
1180 2066 1418 2119 voluptatem
1438 2082 1447 2106 ε
1480 2068 1526 2106 ad
1560 2068 1660 2107 hanc
1694 2078 1732 2107 te

341 2134 549 2171 amentiam
583 2142 716 2172 natura
748 2134 909 2187 peperit,
940 2133 1114 2171 voluntas
1149 2134 1334 2177 exercuit,
1370 2133 1526 2173 fortuna
1557 2136 1727 2174 servavit.

340 2199 558 2251 Nunquam
593 2209 636 2238 tu
671 2214 749 2238 non
784 2200 902 2238 modo
932 2200 1073 2245 otium,
1106 2200 1167 2238 sed
1197 2214 1243 2238 nc
1277 2200 1424 2239 bellum
1455 2201 1628 2253 quidem,
1660 2201 1728 2239 nili

343 2264 532 2304 nefarium
552 2267 765 2319 concupisti
784 2282 792 2305 :
826 2269 956 2305 nactus
973 2279 1010 2304 es
1031 2280 1077 2305 ex
1098 2267 1270 2319 perditis,
1301 2276 1416 2319 atque
1443 2268 1489 2305 ab
1515 2267 1623 2305 omni
1651 2280 1729 2304 non

342 2333 460 2370 modo
479 2330 646 2377 fortuna,
677 2346 811 2372 verum
832 2333 948 2372 etiam
969 2332 1045 2386 spe,
1077 2333 1279 2377 derelictis,
1301 2333 1505 2371 conflatam
1528 2333 1729 2384 improbo-

343 2413 429 2438 rum
452 2412 627 2437 manum.

399 2465 479 2504 Hic
501 2474 543 2503 tu
565 2479 641 2517 qua
659 2465 791 2504 laetitia
810 2465 1016 2519 perfruere,
1039 2466 1180 2518 quibus
1201 2466 1348 2518 gaudiis
1368 2465 1572 2510 exultabis,
1592 2475 1733 2517 quanta

426 2532 492 2571 To
504 2543 555 2569 M.
579 2531 629 2570 V.
1395 2531 1431 2567 Υ
