2212 2835
413 181 488 221 218
917 174 1315 214 ORATIO

410 278 524 314 etiam
547 276 640 319 dies,
662 266 845 325 tanquam
865 285 884 308 a
905 259 1110 314 Chaldaeis,
1133 270 1371 323 petebantur.
1400 270 1584 309 Inventus
1603 269 1655 308 est
1674 269 1794 308 scriba

411 342 568 393 quidam
591 342 664 378 Cn.
690 339 859 383 Flavius,
889 338 957 389 qui
977 338 1177 375 cornicum
1203 337 1335 376 oculos
1361 336 1577 380 confixerit,
1607 344 1645 373 et
1664 335 1793 387 fingu-

411 409 457 445 lis
480 407 611 444 dicbus
632 404 849 443 ediscendos
870 403 981 441 fastos
1003 403 1148 455 populo
1167 402 1418 455 proposuerit,
1442 412 1480 441 et
1500 403 1546 440 ab
1567 402 1653 454 ipfis
1674 401 1796 440 cautis

405 472 684 525 jurisconsultis
705 485 837 509 eorum
860 470 1079 522 sapientiam
1096 469 1328 520 compilarit.
1348 470 1482 521 Itaque
1502 469 1587 506 irati
1604 468 1676 512 illi,
1694 467 1798 520 quod

412 540 498 577 sunt
526 539 649 582 veriti,
683 551 741 581 ne,
778 537 928 574 dierum
955 535 1097 573 ratione
1124 535 1344 587 pervulgata
1368 544 1405 573 et
1433 535 1600 588 cognita,
1632 535 1708 572 fine
1736 533 1799 571 sua

412 618 524 657 opera
544 605 626 656 lege
648 602 766 655 poffet
786 602 860 654 agi,
891 611 997 639 notas
1019 600 1199 653 quasdam
1219 600 1530 653 composuerunt,
1552 609 1595 639 ut
1613 599 1797 638 omnibus

413 671 453 708 in
476 671 584 707 rebus
607 670 673 721 ips]
695 667 924 705 interessent.

470 736 563 772 XII.
597 736 699 772 Cum
720 733 794 770 hoc
815 732 896 769 fieri
924 731 1123 769 belliffime
1149 730 1267 783 poffet
1286 746 1295 769 ε
1328 731 1486 770 Fundus
1508 731 1668 770 Sabinus
1689 743 1797 768 meus

413 800 487 838 est:
521 801 645 837 immo
665 811 797 835 meus:
830 797 966 834 deinde
981 796 1198 848 judicium:
1220 796 1438 834 noluerunt.
1470 796 1633 840 Fundus,
1653 796 1796 848 inquit,

415 866 479 918 qui
501 865 545 917 cst
570 865 606 902 in
632 878 735 916 agro,
766 863 829 916 qui
851 862 1003 900 Sabinus
1028 872 1196 900 vocatur.
1230 861 1325 899 Satis
1352 861 1533 899 verbose:
1565 861 1673 905 cedo,
1703 860 1801 912 quid

413 930 570 982 postea?
602 931 697 968 Eum
727 943 786 980 ego
816 943 858 966 ex
874 927 962 979 jure
991 926 1190 977 Qiritium
1219 940 1330 964 meum
1359 925 1418 979 “z'ffi’
1441 926 1510 964 aio.
1542 925 1651 977 Qid
1681 924 1799 964 tum?

414 996 502 1034 Inde
521 1010 580 1047 ego
600 1004 635 1033 te
653 1009 694 1032 ex
701 995 789 1045 jure
807 1008 914 1031 manu
933 994 1127 1046 corfirtum
1147 1007 1244 1030 voco.
1277 992 1386 1042 Qid
1412 991 1506 1030 huic
1526 1001 1605 1030 tam
1624 991 1799 1044 loquaci-

414 1070 472 1099 ter
509 1060 675 1113 litigioso
713 1059 954 1112 responderet
991 1059 1070 1103 ille,
1118 1058 1217 1095 unde
1255 1058 1467 1110 petebatur,
1508 1071 1585 1096 non
1621 1056 1800 1096 habebat.

415 1126 568 1164 Tranfit
587 1126 691 1163 idem
706 1124 1011 1176 jurisconsultus,
1043 1123 1212 1161 tibicinis
1234 1123 1365 1161 Latini
1385 1123 1524 1161 modo:
1558 1123 1656 1162 Unde
1674 1133 1716 1162 tu
1734 1138 1800 1169 me,

417 1192 560 1244 inquit,
582 1206 624 1229 ex
630 1191 720 1242 jure
738 1204 846 1228 manu
865 1191 1060 1242 cmgsbrtum
1079 1188 1222 1240 vocrsti,
1243 1187 1321 1226 inde
1339 1188 1391 1227 ibi
1405 1203 1465 1240 ego
1483 1197 1519 1227 te
1537 1203 1674 1228 revoco.
1697 1190 1800 1228 Prae-

417 1267 478 1295 tor
498 1258 638 1294 interea
658 1269 704 1293 ne
724 1253 932 1307 pulchrum
955 1254 989 1292 se
1009 1267 1051 1292 ac
1072 1254 1227 1291 beatum
1246 1262 1409 1306 putaret,
1426 1263 1538 1306 atque
1557 1254 1704 1306 aliquid
1723 1254 1802 1307 ipse

417 1322 482 1361 sua
500 1322 633 1374 sponte
654 1321 887 1372 loqueretur,
918 1320 952 1357 ei
973 1332 1127 1372 quoque
1146 1333 1299 1357 carmen
1325 1320 1582 1372 compofitum
1611 1320 1677 1365 est,
1708 1334 1801 1358 cum

418 1388 562 1427 caeteris
583 1386 694 1424 rebus
715 1385 938 1430 absurdum,
969 1394 1055 1423 turn
1076 1399 1163 1424 vero
1188 1385 1297 1423 nullo
1324 1385 1391 1423 usu
1409 1400 1419 1424 ε
1453 1385 1800 1440 Utrffquestcpeisti-

418 1453 526 1499 tibus,
554 1452 804 1507 praest’ntibus,
838 1451 936 1504 istam
966 1452 1064 1489 viam
1085 1451 1169 1490 dico
1184 1467 1197 1490 .·
1232 1451 1319 1489 inite
1352 1452 1464 1490 viam.
1506 1451 1642 1490 Praesto
1675 1452 1802 1490 aderat

418 1519 563 1572 sapiens
590 1519 668 1563 ille,
699 1519 767 1571 qui
794 1518 889 1556 inire
914 1517 1014 1555 viam
1043 1517 1208 1556 doceret.
1240 1517 1366 1556 Redite
1386 1518 1513 1556 viam.-
1544 1518 1680 1556 eodem
1706 1518 1803 1556 duce

419 1585 606 1624 redibant.
647 1585 744 1623 Haec
770 1585 851 1636 jam
889 1593 974 1622 turn
1005 1583 1106 1636 apud
1137 1583 1223 1622 illos
1255 1583 1431 1622 barbatos
1463 1584 1638 1629 ridicula,
1673 1583 1800 1629 credo,

419 1651 670 1689 videbantur:
711 1649 904 1694 homines,
940 1663 1032 1688 cum
1066 1650 1164 1687 reete
1197 1658 1312 1701 atque
1344 1650 1385 1688 in
1419 1649 1506 1688 loco
1538 1649 1801 1694 constitissent,

414 1716 542 1768 juberi
562 1716 664 1754 abire
680 1734 693 1762 3
726 1725 781 1760 ut,
812 1715 913 1753 unde
935 1713 1106 1758 abissent,
1136 1714 1270 1751 eodem
1298 1714 1424 1752 statim
1452 1714 1631 1752 redirent.
1663 1713 1804 1752 Iisdem

419 1782 573 1834 ineptiis
604 1781 732 1819 fucata
758 1781 845 1819 sunt
871 1781 936 1818 illa
964 1780 1108 1824 omnia,
1139 1779 1288 1830 Qando
1315 1788 1350 1817 te
1377 1779 1413 1817 in
1428 1779 1516 1830 jure
1543 1779 1734 1833 conspicio:
1764 1788 1803 1817 et

419 1847 514 1892 haec,
546 1847 617 1886 Sed
638 1862 729 1886 anne
756 1857 798 1885 tu
822 1846 907 1885 dicis
931 1848 1035 1899 causa
1059 1844 1302 1884 vindicaveris
1318 1845 1337 1884 ἓ
1368 1846 1466 1897 Qae
1486 1845 1582 1883 dum
1607 1854 1712 1883 erant
1732 1857 1800 1883 oc-

419 1913 536 1958 culta,
573 1912 772 1950 necessario
805 1913 852 1950 ab
886 1912 953 1957 eis,
984 1911 1052 1964 qui
1088 1924 1130 1949 ea
1163 1911 1355 1956 tenebant,
1390 1911 1642 1963 petebantur:
1680 1910 1804 1963 postea

417 1993 507 2017 vero
526 1978 762 2031 pervulgata,
792 1987 905 2030 atque
925 1978 964 2015 in
985 1977 1162 2015 manibus
1179 1978 1317 2029 jactata
1335 1985 1372 2015 et
1398 1976 1560 2021 excuffa,
1590 1976 1805 2014 inaniffima

419 2044 630 2097 prudentia:
651 2053 793 2097 reperta
813 2043 899 2082 sunt
916 2062 928 2089 ;
959 2042 1099 2081 fraudis
1118 2052 1245 2081 autem
1265 2052 1302 2081 et
1324 2042 1491 2081 stultitiae
1511 2042 1738 2096 pleniffima.

475 2110 597 2154 Nam,
633 2123 723 2148 cum
754 2109 947 2162 permulta
981 2109 1156 2162 praeclare
1187 2109 1335 2161 legibus
1367 2108 1483 2147 essent
1510 2108 1728 2154 constituta,
1761 2121 1804 2146 ea

417 2175 773 2227 jurisconsultorum
803 2175 968 2228 ingeniis
996 2176 1175 2228 pleraque
1205 2183 1385 2227 corrupta
1410 2188 1451 2212 ac
1478 2174 1675 2228 depravata²
1700 2174 1801 2214 sunt.

420 2241 608 2279 Mulieres
624 2255 758 2280 omnes
776 2250 929 2294 propter
946 2241 1212 2280 infirmitatem
1228 2241 1374 2279 consilii
1391 2241 1549 2293 majores
1567 2241 1606 2279 in
1628 2249 1803 2279 tutorum

420 2307 600 2359 potestate
630 2307 701 2345 effe
733 2308 964 2346 voluerunt:
996 2306 1038 2346 hi
1070 2308 1297 2346 invenerunt
1327 2320 1464 2360 genera
1493 2316 1682 2353 tutorum,
1716 2320 1808 2359 quae,

422 2374 599 2425 potestate
620 2373 829 2413 mulierum
848 2374 1148 2414 continerentur.
1181 2376 1288 2413 Sacra
1308 2373 1459 2412 interire
1480 2373 1538 2412 illi
1564 2374 1771 2412 noluerunt
1789 2386 1800 2411 :

418 2438 557 2478 horum
579 2440 734 2494 ingenio
753 2440 855 2480 senes
875 2440 921 2480 ad
940 2441 1200 2496 coemptiones
1221 2440 1426 2486 faciendas,
1454 2439 1801 2480 interimendorum
