2212 2835
486 170 557 222 3553
992 165 1393 204 ORATIO

480 267 691 305 concitator
724 264 1041 309 tabernariorum,
1072 263 1274 303 damnatus
1306 263 1550 316 injuriarum,
1581 264 1784 317 percuffor,
1814 266 1871 305 la-

480 324 643 385 pidator,
675 330 750 370 fori
771 331 1036 384 depopulator,
1066 330 1229 369 obsess'or
1248 331 1376 369 curiae.
1409 331 1485 369 His
1512 340 1628 383 atque
1648 330 1874 384 hujusmodi

479 399 658 444 ducibus,
690 411 782 436 cum
815 407 857 436 tu
888 399 928 436 in
959 411 1118 437 annonae
1148 397 1303 436 caritate
1334 398 1375 436 in
1400 397 1589 444 consules,
1619 398 1660 436 in
1687 398 1874 444 senatum,

480 467 520 503 in
554 466 652 503 bona
683 464 930 518 fortunasque
965 464 1253 518 locupletium,
1286 478 1350 517 per
1381 464 1533 504 causam
1562 465 1728 519 inopum
1760 474 1874 518 atque

479 533 752 585 imperitorum
770 560 782 577 ,
814 532 1034 585 repentinos
1061 532 1229 585 impetus
1256 545 1524 584 comparares;
1555 546 1649 571 cum
1677 532 1750 571 tibi
1778 531 1874 570 salus

481 599 551 636 effe
579 599 620 636 in
647 599 728 637 otio
754 598 860 636 nulla
885 598 1032 652 poffet;
1065 612 1157 636 cum
1183 598 1384 651 desperatis
1412 598 1576 637 ducibus
1600 599 1812 637 decuriatos
1833 611 1875 637 ac

479 665 686 718 descriptos
722 664 879 703 haberes
913 665 1103 703 exercitus
1134 665 1401 718 perditorum:
1434 679 1563 704 nonne
1593 665 1877 718 providendum

481 732 624 769 senatui
651 730 741 776 fuit,
773 744 820 769 ne
846 732 886 768 in
912 729 1012 768 hanc
1036 739 1184 768 tantam
1204 731 1406 769 materiam
1426 731 1620 770 seditionis
1642 732 1709 770 ista
1728 731 1877 770 funesta

480 796 543 835 fax
565 796 861 835 adhaeresceret?
893 796 987 834 Fuit
1006 796 1127 849 igitur
1152 795 1262 834 causa
1288 796 1465 848 capiendi
1491 797 1582 834 novi
1607 797 1768 836 consilii.
1801 797 1875 835 Vi-

481 865 566 902 dete
586 878 705 909 nunc,
736 862 932 902 fuerintne
952 872 1077 917 partes
1097 876 1194 901 meae
1213 875 1311 916 pene
1329 863 1543 916 praecipuae.

536 933 608 970 VI.
641 932 774 983 Qem
795 940 881 969 tum
897 931 1049 984 Sergius
1065 930 1133 969 ille
1153 939 1259 976 tuus,
1275 944 1395 983 quern
1416 930 1585 975 Lollius,
1602 943 1721 983 quem
1735 939 1877 969 caeterae

482 998 615 1051 pestes,
646 999 685 1036 in
707 997 940 1050 lapidatione
960 997 1026 1035 illa
1046 996 1329 1035 nominabant?
1356 1010 1473 1049 quem
1494 1010 1688 1035 annonam
1707 996 1878 1050 praestare

481 1074 655 1117 oportere
675 1065 884 1103 dicebant?
916 1064 1062 1103 Nonne
1082 1063 1177 1102 me?
1209 1063 1318 1115 Qid
1346 1076 1556 1116 puerorum
1582 1063 1648 1101 illa
1673 1063 1877 1102 concursa-

480 1133 536 1170 tio
556 1132 772 1169 noc‘turna?
804 1145 901 1169 num
921 1144 941 1168 a
962 1140 998 1169 te
1018 1130 1099 1184 ipso
1125 1130 1330 1168 instituta?
1362 1130 1434 1168 Me
1460 1128 1705 1169 frumentum
1729 1129 1880 1183 flagita-

481 1199 587 1236 bant.
619 1198 737 1249 Qasi
758 1211 846 1235 vero
866 1210 938 1250 ego
957 1206 1022 1235 aut
1042 1196 1096 1234 rei
1116 1195 1376 1235 frumentaria:
1402 1194 1647 1249 praeffiiffem,
1678 1205 1744 1234 aut
1764 1209 1878 1235 com-

479 1264 645 1318 preffum
665 1264 822 1316 aliquod
842 1262 1088 1301 frumentum
1110 1271 1280 1301 tenerem
1297 1292 1308 1308 ‚
1340 1272 1404 1301 aut
1426 1262 1465 1300 in
1486 1262 1556 1300 isto
1583 1276 1720 1315 genere
1745 1262 1877 1301 omni-

481 1345 532 1369 no
559 1330 774 1383 quidquam
801 1338 866 1367 aut
891 1329 1088 1368 curatione
1113 1337 1178 1366 aut
1207 1328 1388 1381 potestate
1414 1328 1623 1367 valuissem.
1656 1327 1729 1366 Sed
1757 1327 1879 1367 homo

480 1398 528 1435 ad
559 1397 702 1435 caedem
733 1395 944 1434 imminens
976 1408 1111 1433 meum
1141 1408 1285 1433 nomen
1314 1394 1438 1447 operis
1469 1394 1651 1439 ediderat,
1686 1394 1878 1447 imperitis

481 1465 675 1517 injecerat.
700 1465 805 1501 Cum
825 1462 871 1500 de
892 1475 978 1500 mea
997 1461 1185 1514 dignitate
1206 1461 1246 1498 in
1267 1461 1417 1514 templo
1435 1462 1541 1512 Jovis
1565 1461 1723 1514 Optimi
1744 1461 1878 1501 Maxi-

482 1532 539 1569 mi
573 1531 719 1569 senatus
754 1528 1098 1582 frequentiffimus,
1130 1540 1209 1566 uno
1243 1527 1313 1565 isto
1348 1527 1601 1573 dissentiente,
1632 1527 1879 1574 decreviffet5

482 1598 622 1644 subito,
653 1597 723 1635 illo'
757 1596 839 1650 ipso
873 1596 948 1641 die,
978 1594 1209 1633 cariffimam
1241 1607 1437 1634 annonam
1471 1595 1722 1648 nec-opinata
1755 1595 1881 1634 vilitas

481 1666 685 1704 'consecuta
705 1665 770 1704 est.

538 1735 659 1772 Erant
679 1733 746 1786 qui
769 1733 875 1771 Deos
896 1728 1152 1774 immortales,
1183 1729 1222 1767 id
1241 1729 1347 1781 quod
1367 1743 1439 1780 ego
1464 1729 1600 1774 sentio,
1631 1730 1793 1767 numine
1812 1729 1879 1767 suo

482 1801 649 1838 reditum
687 1812 822 1837 meum
857 1798 1028 1836 dicerent
1063 1794 1338 1847 comprobasse.
1376 1795 1571 1833 Nonnulli
1605 1804 1735 1834 autem
1769 1795 1880 1834 illam

483 1880 565 1905 rem
586 1866 760 1904 ad‘illam
781 1864 971 1902 rationem
995 1862 1332 1914 conjesturamque
1359 1861 1614 1906 revocabant,
1645 1862 1741 1914 qui,
1774 1862 1882 1914 quod

482 1934 523 1971 in
545 1945 631 1971 meo
652 1931 776 1969 reditu
798 1930 878 1983 spes
898 1930 969 1968 otii
995 1938 1032 1967 et
1061 1928 1276 1967 concordiae
1306 1928 1372 1966 fita
1399 1928 1599 1967 videbatur
1616 1957 1626 1973 ‚
1658 1929 1699 1967 in
1725 1928 1881 1968 disceffu

483 2009 613 2038 autem
634 1997 880 2052 quotidianus
902 1996 1095 2035 seditionis
1116 1996 1249 2040 timor,
1274 1996 1357 2048 jam
1378 2009 1475 2048 pene
1496 1995 1588 2033 belli
1608 1995 1766 2048 depulso
1793 2010 1880 2035 me-

484 2076 541 2111 tu,
573 2073 855 2104 commutatam
885 2062 958 2101 effe
988 2076 1181 2101 annonam
1212 2062 1418 2100 dicebant:
1452 2076 1537 2114 quae
1568 2063 1658 2114 quia
1688 2062 1812 2100 rursus
1840 2062 1881 2100 in

485 2146 574 2171 meo
594 2132 719 2170 reditu
739 2130 836 2169 faeta
855 2139 932 2168 erat
952 2129 1096 2174 durior,
1128 2143 1148 2167 a
1169 2143 1246 2173 me,
1273 2130 1382 2181 cujus
1405 2129 1570 2167 adventu
1590 2127 1672 2167 fore
1693 2129 1882 2168 vilitatem

485 2199 579 2238 boni
597 2199 666 2237 viri
687 2197 928 2242 dietitabant,
959 2210 1110 2234 annona
1128 2195 1384 2249 flagitabatur.

541 2267 633 2304 VII.
667 2266 753 2317 Ego
780 2264 947 2316 denique
972 2277 1050 2301 non
1078 2262 1203 2301 solum
1232 2263 1279 2300 ab
1306 2262 1430 2315 operis
1456 2262 1530 2300 tuis
1548 2291 1559 2306 ,
1590 2261 1762 2315 impulsu
1783 2270 1878 2308 tuo,

486 2332 725 2377 nominabat,
756 2331 817 2370 sed
837 2331 967 2376 etiam,
990 2330 1152 2383 depulsis
1173 2343 1215 2367 ac
1236 2329 1419 2382 diffipatis
1442 2329 1516 2367 tuis
1537 2329 1673 2382 copiis,
1695 2342 1715 2366 a
1733 2329 1880 2382 populo

487 2400 667 2437 Romano
701 2396 900 2442 universo,
931 2397 999 2449 qui
1033 2405 1118 2434 tum
1152 2397 1192 2434 in
1228 2396 1469 2449 Capitolium
1499 2404 1756 2440 convenerat,
1786 2408 1881 2433 cum

485 2464 556 2505 illo
575 2465 637 2504 die
663 2465 793 2504 minus
820 2464 1014 2511 valerem,
1046 2463 1280 2503 nominatim
1308 2464 1347 2501 in
1375 2462 1546 2502 senatum
1573 2462 1748 2502 vocabar.
1780 2461 1881 2500 Veni
