2212 2835
679 143 820 182 PRO
877 142 1096 182 DOMO
1155 143 1301 184 suA.
1610 156 1687 199 377

298 244 326 261 “
347 251 524 292 novoque
554 239 754 278 dominatu
784 240 938 293 pulsum
967 239 1051 284 effe,
1083 239 1204 278 dixit:
1237 238 1336 278 nihil
1367 239 1414 277 de
1444 252 1532 278 meo
1562 239 1685 292 capite

299 310 327 326 “
346 306 508 357 potuiffe
534 305 647 351 ferri3
680 305 779 344 nihil
810 306 881 344 effe
901 305 1144 358 inscrIptum,
1175 314 1239 343 aut
1258 306 1360 358 poss‘e
1379 305 1524 351 valere;
1556 305 1687 344 omnia

299 376 327 392 “
348 380 480 408 contra
499 371 600 424 leges
621 371 819 423 moresque
840 372 1030 422 majorum
1053 380 1210 415 temere,
1240 371 1472 415 turbulente,
1504 384 1571 423 per
1591 371 1685 414 vim,

299 441 327 456 “
347 449 414 487 per
432 435 603 474 furorem
622 465 632 481 ‚
663 436 735 474 effe
753 436 866 489 gesta.
899 436 1016 486 Qod
1039 435 1064 473 fi
1087 435 1152 472 illa
1173 435 1234 473 lex
1255 435 1367 480 esset,
1399 449 1468 473 nec
1490 435 1624 474 referre
1643 436 1687 473 ad

301 506 328 522 “
350 500 520 539 senatum
541 501 726 546 consules,
759 514 828 539 nec
849 501 1074 539 sententiam
1097 500 1222 537 dicere
1243 499 1326 545 fibi,
1348 501 1461 538 licere
1480 516 1488 538 :
1521 515 1688 553 quorum

300 572 328 588 “
349 574 559 618 utrumque
584 579 676 604 curn
709 566 834 611 fieret,
867 580 944 604 non
975 574 1170 618 oportere,
1201 574 1245 603 ut
1271 565 1317 603 de
1344 579 1406 604 me
1425 565 1487 604 lex
1507 565 1688 612 ferretur,

299 638 328 654 “
349 631 498 670 decerni
513 650 526 677 3
559 646 606 670 ne
626 633 706 677 illa,
737 646 822 685 quae
843 633 950 671 nulla
969 631 1072 678 effet,
1102 632 1173 670 effe
1193 631 1255 670 lex
1274 632 1553 684 judicaretur.”

353 698 548 737 Sententia
567 699 702 745 verior,
724 700 887 752 gravior,
910 700 1055 744 utillor‚
1078 698 1216 737 melior
1236 699 1473 751 reipublicae,
1495 698 1602 737 nulla
1620 699 1692 738 effe

240 787 244 791 ,
297 764 428 815 potuit
446 779 454 802 :
487 763 659 803 hominis
681 766 785 803 enim
804 765 941 803 scelere
961 773 999 802 et
1019 764 1148 803 furore
1169 773 1319 810 notato,
1350 765 1486 803 fimilis
1509 778 1529 803 a
1548 766 1691 819 repub-

298 829 374 867 lica
392 830 495 868 labes
516 831 556 868 in
577 831 771 883 posterum
792 831 1078 870 demovebatur.

354 894 498 948 Neque
523 895 599 934 hoc
628 897 703 935 Cn.
727 898 935 950 Pompeius
953 925 964 942 ‚
996 898 1064 950 qui
1089 897 1366 936 ornatiffimam
1393 897 1439 935 de
1459 910 1524 936 me
1542 896 1692 935 senten-

299 962 396 1000 tiam
416 963 535 1008 dixit,
566 964 727 1017 vosque,
760 964 967 1003 Pontifices
981 994 993 1011 ‚
1025 965 1093 1018 qui
1114 979 1177 1004 me
1198 965 1325 1003 vestris
1347 965 1541 1003 sententiis
1561 966 1693 1003 aufto-

301 1028 554 1082 ritatibusque
574 1030 794 1069 defendistis
811 1060 822 1076 ‚
855 1045 933 1070 non
954 1032 1098 1070 vidistis
1117 1061 1128 1077 ‚
1160 1031 1268 1070 illam
1285 1031 1355 1070 effe
1376 1031 1524 1070 nullam
1538 1060 1549 1076 ,
1580 1040 1694 1082 atque

302 1095 372 1133 effe
392 1097 522 1148 potius
544 1096 743 1135 flammam
771 1099 969 1150 temporis,
1000 1098 1250 1136 interdictum
1270 1097 1433 1144 sceleris,
1464 1110 1601 1136 vocem
1629 1096 1694 1134 fu-

303 1161 426 1200 roris:
459 1162 520 1200 sed
550 1162 806 1216 prospexistis,
838 1178 885 1202 ne
913 1178 988 1216 qua
1019 1164 1213 1217 popularis
1240 1164 1281 1202 in
1307 1177 1373 1202 vos
1400 1163 1607 1217 aliquando
1633 1164 1695 1200 in-

303 1228 406 1266 vidia
425 1229 652 1267 redundaret
665 1258 676 1275 ,
708 1230 733 1268 fi
755 1230 832 1268 fine
848 1231 982 1284 populi
997 1231 1149 1282 judicio
1168 1229 1332 1268 restituti
1351 1229 1581 1268 videremur.
1613 1229 1696 1267 Eo-

302 1293 471 1346 demque
490 1295 731 1334 confilioM.
755 1296 917 1341 Bibuli,
948 1295 1143 1335 fortiffimi
1168 1296 1267 1342 viri,
1298 1295 1446 1334 senatus
1472 1295 1698 1333 sententiam

303 1359 453 1399 secutus
473 1361 555 1407 est,
587 1371 630 1400 ut
653 1376 719 1400 vos
747 1363 793 1401 de
821 1376 905 1401 mea
932 1363 1050 1402 domo
1076 1362 1315 1401 statueretis:
1347 1376 1425 1402 non
1452 1362 1556 1415 quod
1582 1361 1698 1400 dubi-

303 1434 420 1472 taret,
451 1428 546 1480 quin
568 1429 614 1466 ab
635 1429 705 1467 isto
726 1428 825 1467 nihil
846 1419 1016 1481 legibus,
1047 1428 1147 1466 nihil
1167 1428 1439 1481 religionibus,
1470 1427 1570 1466 nihil
1584 1429 1671 1480 jure
1686 1457 1696 1472 ,

304 1491 394 1530 effet
423 1495 579 1538 adtum5
612 1494 674 1532 sed
705 1508 752 1532 ne
784 1496 870 1546 quis
902 1494 1065 1532 oriretur
1095 1493 1301 1546 aliquando
1331 1494 1373 1532 in
1396 1503 1504 1532 tanta
1529 1494 1702 1532 ubertate

306 1557 593 1610 improborum,
625 1560 691 1611 qui
725 1561 764 1597 in
795 1560 890 1598 meis
918 1559 1060 1597 aedibus
1087 1559 1256 1611 aliquam
1284 1560 1512 1613 religionem
1543 1560 1701 1598 refidere

308 1623 465 1662 diceret.
498 1626 603 1663 Nam
631 1626 757 1678 legem
782 1626 942 1678 quidem
964 1625 1073 1663 istam
1094 1625 1242 1663 nullam
1263 1625 1334 1664 effe
1351 1655 1363 1671 ‚
1395 1626 1700 1678 quotiescunque

307 1690 353 1728 de
374 1704 436 1728 me
457 1691 605 1729 senatus
626 1692 851 1730 sententiam
871 1692 995 1737 dixit,
1027 1692 1138 1730 toties
1154 1692 1371 1744 judicavit;
1403 1692 1588 1745 quoniam
1609 1692 1700 1744 qui-

307 1756 397 1795 dem
418 1757 558 1810 scripto
579 1757 648 1796 illo
665 1758 771 1796 istius
799 1758 1023 1796 sententiam
1050 1758 1174 1796 dicere
1201 1758 1410 1796 vetabatur.
1442 1759 1573 1810 Atque
1601 1756 1700 1796 hanc

308 1835 388 1860 rem
409 1835 476 1874 par
496 1822 594 1860 illud
615 1822 761 1868 limile,
793 1823 880 1862 Piso
901 1833 938 1862 et
959 1823 1152 1862 Gabinius
1170 1852 1182 1869 ,
1213 1824 1311 1861 vidit
1331 1839 1338 1861 :
1372 1823 1549 1862 homines
1569 1824 1701 1875 legum

301 1889 621 1941 judiciorumque
641 1898 872 1935 metuentes,
904 1904 995 1929 cum
1018 1889 1345 1942 frequentIffimus
1374 1890 1521 1928 senatus
1549 1903 1627 1934 eos,
1659 1898 1702 1927 ut

308 1955 355 1992 de
375 1968 438 1992 me
459 1954 652 2000 referrent,
684 1956 855 2008 quotidie
876 1956 1074 2009 flagitaret,
1103 1970 1180 1994 non
1201 1957 1236 1994 se
1257 1970 1338 1994 rem
1358 1956 1576 2009 improbare
1596 1957 1700 1994 dice-

309 2020 401 2058 bant
417 2049 428 2065 ,
460 2020 522 2058 sed
540 2021 624 2073 lege
645 2021 750 2059 istius
771 2022 964 2075 impediri.
997 2024 1090 2062 Erat
1109 2023 1185 2061 hoc
1206 2036 1337 2061 verum
1358 2038 1366 2061 z
1400 2036 1488 2060 nam
1510 2022 1700 2075 impedie-

312 2086 470 2131 bantur,
500 2100 634 2125 verum
655 2100 697 2125 ea
716 2087 822 2140 lege,
854 2103 971 2141 quam
992 2089 1097 2128 idem
1116 2089 1183 2128 iste
1204 2089 1250 2127 de
1271 2089 1499 2127 Macedonia
1521 2088 1699 2138 Syriaque

313 2152 462 2190 tulerat.

366 2218 539 2256 XXVII.
572 2219 687 2257 Hanc
709 2229 775 2264 tu,
799 2221 843 2258 P.
866 2221 1057 2265 Lentule,
1089 2233 1213 2272 neque
1235 2221 1425 2272 privatus,
1458 2231 1581 2270 neque
1602 2231 1696 2255 con·

313 2284 396 2328 sul,
429 2284 553 2336 legem
585 2284 655 2322 effe
686 2299 858 2337 unquam
890 2287 1042 2338 putasti.
1081 2287 1214 2331 Nam,
1246 2286 1409 2323 tribunis
1441 2284 1563 2336 plebis
1599 2282 1697 2320 refe-

314 2350 499 2394 rentibus,
531 2349 755 2388 sententiam
783 2351 828 2389 de
854 2365 917 2389 me
946 2352 1159 2404 designatus
1187 2349 1317 2388 consul
1346 2350 1439 2401 ssepe
1465 2348 1619 2391 dixisti;
1651 2361 1698 2386 ex

315 2415 494 2454 Kalendis
511 2416 714 2466 Januariis,
732 2417 856 2468 quoad
875 2416 1042 2470 perfecta
1061 2431 1118 2455 res
1138 2417 1204 2460 est,
1222 2417 1267 2452 de
1288 2428 1350 2451 me
1371 2414 1528 2453 retulisti
1538 2432 1549 2459 3
1574 2414 1697 2466 legem

392 2483 457 2520 To
472 2494 522 2520 M.
547 2481 597 2520 V.
1259 2482 1289 2518 Β
1320 2480 1343 2518 b
1375 2480 1399 2517 b
