2212 2835
495 193 569 229 ,με
993 176 1029 211 Ο
1073 176 1107 212 R
1151 177 1186 212 A
1219 175 1256 212 T
1297 176 1316 213 I
1360 175 1395 213 O

551 278 584 313 A
610 276 695 313 Diis
719 274 876 326 quidem
905 273 1192 311 immortalibus
1222 288 1306 326 quae
1335 273 1456 326 potest
1486 272 1639 311 homini
1671 275 1792 326 major
1818 274 1890 312 effe

492 356 606 395 poena
640 341 768 380 furore
801 350 915 393 atque
951 340 1172 378 dementia?
1214 341 1282 379 nifi
1318 340 1418 378 sorte
1435 370 1446 386 ,
1486 341 1527 379 in
1566 341 1761 394 tragoediis
1795 355 1892 393 quos

493 409 650 446 vulnere
684 422 726 446 ac
757 408 887 446 dolore
917 408 1085 460 corporis
1116 407 1279 445 cruciari
1311 408 1416 445 vides
1448 416 1487 445 et
1515 407 1705 451 consumi,
1741 407 1891 460 gravio-

494 489 550 514 res
572 477 750 514 Deorum
771 474 1056 513 immortalium
1076 475 1148 512 iras
1170 474 1319 518 subire,
1351 488 1469 526 quam
1491 474 1578 512 illos
1594 502 1604 518 ,
1636 474 1703 526 qui
1724 473 1895 512 furentes

492 542 746 586 inducuntur,
777 551 902 595 putas.
936 541 1031 579 Non
1050 540 1138 579 sunt
1158 540 1217 578 illi
1237 541 1399 592 ejulatus
1421 550 1460 578 et
1478 541 1647 593 gemitus
1669 539 1894 579 Philostetae

495 618 574 647 tam
595 608 723 646 miseri
741 637 750 652 ‚
786 608 1028 659 (quanquam
1045 606 1134 644 sunt
1154 607 1308 658 acerbi)
1332 620 1449 659 quam
1470 606 1537 644 illa
1556 607 1744 645 exultatio
1766 605 1893 644 Atha-

492 676 634 713 mantis
649 704 660 719 ,
692 683 729 712 et
749 686 867 726 quam
888 673 1085 710 somnium
1101 673 1408 710 matricidarum.
1440 674 1508 710 Tu
1522 700 1533 717 ,
1564 686 1656 710 cum
1677 672 1832 711 furiales
1854 673 1894 710 in

494 740 749 779 concionibus
772 752 881 777 voces
903 738 1028 776 mittis
1047 767 1059 782 ,
1090 751 1184 775 cum
1205 738 1342 776 domos
1363 739 1511 776 civium
1531 740 1666 777 evertis
1683 768 1694 784 ,
1725 752 1817 777 cum
1837 738 1894 776 la-

494 808 649 860 pidibus
684 806 855 858 optimos
890 805 990 843 viros
1025 803 1110 842 foro
1143 804 1270 856 pellis,
1302 817 1396 842 cum
1430 804 1602 842 ardentes
1633 803 1733 842 faces
1763 805 1804 842 in
1835 805 1896 842 vi-

496 872 677 910 cinorum
709 872 807 908 tecta
831 871 965 921 jactas,
995 882 1090 908 cum
1120 868 1216 908 aedes
1246 869 1363 907 sacras
1390 868 1623 914 inflammas,
1654 882 1748 907 curn
1775 869 1895 907 servos

494 939 688 982 concitas,
721 950 814 974 cum
850 935 948 974 sacra
980 935 1169 988 ludosque
1202 935 1435 980 conturbas,
1466 948 1559 973 cum
1594 949 1758 974 uxorem
1792 934 1896 974 soro-

496 1018 655 1056 remque
676 1017 756 1043 non
774 1002 971 1047 discernis,
1001 1015 1109 1046 cum,
1141 1002 1247 1054 quod
1267 1002 1368 1040 ineas
1389 1002 1532 1047 cubile,
1555 1016 1633 1040 non
1653 1001 1783 1047 sentis,
1805 1015 1898 1040 cum

496 1070 706 1115 bacchum,
739 1083 831 1107 cum
851 1068 962 1114 furis,
995 1077 1082 1107 tum
1100 1068 1163 1106 das
1185 1082 1244 1106 eas
1266 1082 1412 1121 poenas,
1444 1082 1528 1121 quae
1549 1068 1635 1107 solae
1656 1068 1743 1107 sunt
1763 1067 1896 1107 homi-

497 1151 592 1175 num
614 1137 743 1174 sceleri
762 1150 781 1173 a
802 1136 890 1174 Diis
911 1135 1199 1173 immortalibus
1220 1134 1450 1173 constitutae.
1483 1135 1590 1174 Nam
1618 1135 1788 1188 corporis
1808 1134 1898 1188 qui-

496 1204 586 1242 dem
607 1203 724 1242 nostri
744 1201 947 1240 infirmitas
968 1202 1114 1240 multos
1135 1201 1238 1240 subit
1257 1201 1361 1240 casus
1387 1216 1455 1255 per
1479 1201 1541 1247 se;
1574 1202 1741 1255 denique
1768 1201 1899 1255 ipsum

496 1284 635 1323 corpus
658 1269 874 1308 tenuiffima
893 1269 987 1322 saepe
1006 1269 1053 1307 de
1073 1269 1180 1307 causa
1201 1269 1407 1307 conficitur
1424 1284 1433 1306 ;
1466 1270 1643 1307 Deorum
1663 1254 1797 1307 tela'in
1818 1269 1897 1306 im-

497 1338 652 1391 piorum
675 1337 872 1375 mentibus
894 1336 1082 1388 figuntur.
1120 1337 1252 1386 Qare
1272 1336 1444 1374 miserior
1463 1349 1501 1374 es
1520 1365 1530 1381 ,
1563 1350 1655 1374 cum
1676 1336 1717 1374 in
1737 1348 1898 1374 ornnem

498 1403 672 1443 fraudem
694 1402 833 1455 raperis
854 1402 991 1447 oculis,
1019 1415 1138 1454 quam
1159 1402 1186 1440 fi
1207 1402 1370 1440 omnino
1391 1402 1524 1440 oculos
1545 1416 1621 1440 non
1642 1401 1813 1440 haberes.

552 1471 666 1508 XIX.
700 1469 786 1513 Sed,
804 1467 991 1520 quoniam
1012 1467 1058 1505 de
1078 1468 1124 1506 iis
1145 1468 1344 1512 omnibus,
1362 1482 1446 1520 quae
1462 1467 1679 1521 haruspices
1700 1466 1901 1506 commissa

496 1536 568 1575 effe
586 1536 723 1574 dicunt
742 1563 752 1579 ,
785 1534 870 1572 satis
891 1534 943 1572 est
963 1534 1139 1579 dietum,
1172 1533 1370 1573 videamus
1385 1563 1395 1579 ,
1427 1534 1523 1587 quid
1544 1535 1663 1572 iidem
1685 1532 1901 1587 haruspices

496 1615 517 1640 a
542 1602 629 1640 Diis
642 1603 724 1654 jam
745 1600 1032 1639 immortalibus
1054 1599 1185 1638 dicant
1205 1600 1369 1639 moneri.
1402 1600 1597 1639 Monent:
1629 1601 1703 1646 Ne,
1714 1609 1786 1654 per
1803 1599 1900 1652 opti-

496 1670 646 1708 matium
683 1667 889 1722 dfiordium
926 1666 1231 1721 dff’tssonemque,
1263 1667 1439 1720 patribus
1469 1668 1760 1721 principibusque
1792 1666 1902 1706 caedes

491 1736 722 1789 periculaque
755 1743 925 1773 creentur
938 1763 949 1780 ‚
987 1733 1187 1787 auxilioque
1224 1733 1394 1772 diminuti
1425 1732 1668 1785 dqficiantur5
1709 1748 1821 1787 quare
1853 1732 1905 1771 ad

499 1816 607 1840 unum
627 1801 812 1853 imperium
823 1799 1029 1852 provincia?
1044 1798 1193 1837 redeant
1209 1827 1220 1843 ,
1251 1799 1491 1851 exercitzsque
1502 1800 1626 1852 pulsus
1649 1798 1901 1852 diminutioque

498 1862 655 1906 uccednt.
680 1865 945 1918 Haruspicum
967 1865 1081 1903 verba
1100 1864 1187 1903 sunt
1207 1863 1290 1903 haec
1311 1866 1466 1903 omnia:
1491 1863 1589 1902 nihil
1611 1865 1708 1903 addo
1728 1865 1774 1903 de
1794 1878 1898 1904 meo.

500 1933 601 1984 Qis
633 1932 753 1985 igitur
782 1930 882 1969 hanc
912 1932 1164 1984 optimatium
1190 1931 1418 1970 discordiam
1447 1930 1638 1969 molitur?
1670 1932 1774 1970 idem
1801 1932 1897 1970 iste:

500 2013 570 2039 nec
592 1999 670 2037 ulla
690 1999 725 2037 vi
746 1998 891 2051 ingenii
912 2007 976 2037 aut
1003 1998 1152 2037 consilii
1183 1998 1239 2036 sui
1257 2027 1267 2043 ‚
1300 1998 1360 2036 sed
1388 1999 1558 2051 quodam
1590 2012 1712 2037 errore
1744 1998 1898 2044 nostro;

500 2079 620 2119 quem
653 2065 814 2117 quidem
841 2063 935 2110 ille,
967 2064 1072 2117 quod
1099 2064 1282 2103 obscurus
1311 2079 1388 2102 non
1416 2072 1521 2109 erat,
1554 2063 1666 2103 facile
1694 2065 1900 2117 perspexit.

501 2133 593 2172 Hoc
624 2132 730 2170 enim
762 2131 878 2169 etiam
911 2131 1061 2184 turpius
1094 2130 1296 2169 afflie'catur
1322 2131 1563 2184 respublica,
1596 2131 1701 2184 quod
1721 2145 1768 2169 ne
1789 2131 1835 2170 ab
1856 2144 1902 2170 eo
1941 2121 1944 2123 ⁵

500 2198 661 2252 quidem
683 2206 840 2236 vexatur
856 2226 866 2243 ,
900 2207 942 2236 ut
959 2227 970 2243 ,
1002 2207 1187 2250 tanquam
1220 2197 1330 2236 fortis
1363 2199 1403 2236 in
1430 2212 1560 2251 pugna
1579 2199 1636 2236 vir
1652 2227 1662 2244 ,
1695 2199 1861 2251 acceptis
1882 2211 1903 2236 a

500 2265 592 2304 forti
613 2264 820 2303 adversario
841 2264 1064 2303 vulneribus
1085 2264 1260 2310 adverfis,
1291 2265 1423 2302 cadere
1445 2265 1631 2303 videatur.

556 2332 652 2369 Tib.
678 2329 879 2370 Gracchus
910 2331 1095 2369 convellit
1125 2330 1266 2369 statum
1292 2331 1473 2369 civitatis.
1507 2332 1596 2384 Qa
1621 2331 1804 2384 gravitate
1832 2331 1901 2376 vir,

502 2411 576 2450 qua
596 2398 829 2450 eloquentia,
861 2411 937 2450 qua
957 2397 1144 2450 dignitate
1163 2396 1170 2433 !
1203 2396 1303 2435 nihil
1325 2407 1367 2435 ut
1389 2411 1408 2435 a
1428 2398 1559 2450 patris,
1590 2399 1726 2450 avique
1745 2396 1900 2436 Africa-

503 2464 543 2504 ni
561 2492 572 2510 ,
603 2465 806 2517 praestabili
844 2463 1063 2519 infignique
1101 2463 1268 2511 virtute,
1301 2473 1537 2518 paeterquam
1576 2463 1682 2518 quod
1714 2477 1736 2502 a
1771 2462 1905 2501 senatu
