2212 2835
798 147 940 185 PRO
1000 148 1043 186 R
1104 147 1352 187 SYLLA.
1712 150 1790 206 2&

397 245 610 290 neminem,
641 258 720 284 non
746 245 865 284 defim
895 247 940 285 P.
964 246 1101 298 Sy11ae;
1134 247 1328 286 recordare
1349 248 1395 286 de
1415 248 1572 294 caeteris,
1603 262 1699 302 quos
1720 251 1788 288 ad-

396 311 467 350 effe
495 311 589 350 huic
618 312 750 351 vides:
782 313 975 366 intelliges
1005 322 1042 351 et
1072 313 1119 351 de
1147 313 1237 359 hoc,
1268 323 1307 353 et
1336 314 1381 352 de
1407 316 1565 361 caeteris,
1590 317 1787 368 judicium

395 392 529 418 meum
550 388 587 418 et
606 378 749 418 horum
768 393 835 432 par
854 388 968 432 atque
989 393 1113 418 unum
1136 379 1260 419 fuiffe.

451 446 551 497 Qis
571 445 743 484 nostrum
762 444 886 483 adfuit
906 445 1144 497 Vargunteio
1162 446 1174 482 ?
1207 459 1324 484 nemo
1343 460 1352 484 :
1385 460 1432 484 ne
1455 447 1521 486 hic
1550 450 1709 501 quidem
1731 453 1799 505 Q

393 511 637 556 Hortensius,
667 510 876 564 praesertim
906 511 975 562 qui
1004 510 1120 549 illum
1150 511 1250 548 solus
1280 521 1387 550 antea
1415 513 1461 551 de
1482 514 1631 554 ambitu
1653 517 1786 556 defen-

391 577 498 614 disset
516 592 525 614 :
557 591 636 615 non
656 578 761 616 enim
777 578 860 630 jam
880 577 916 615 se
937 577 1018 615 ullo
1038 577 1168 616 officio
1187 591 1280 616 cum
1306 579 1375 618 illo
1401 581 1655 634 conjun&um
1683 585 1786 622 arbi-

390 642 572 687 trabatur,
604 656 697 681 cum
718 643 797 688 ille,
829 652 936 681 tanto
956 643 1093 681 scelere
1113 643 1330 690 commisso,
1361 647 1542 685 omnium
1568 649 1788 688 officiorum

389 708 608 747 societatem
629 708 853 749 diremisset.
886 709 987 761 Qis
1008 709 1181 748 nostrum
1203 711 1280 749 Ser.
1304 712 1462 763 Syllam,
1494 715 1580 766 quis
1610 715 1655 754 P.
1678 717 1785 754 Len-

388 775 534 821 tulum,
567 776 654 828 quis
675 776 739 814 M.
763 777 946 820 Leccam,
979 776 1064 828 quis
1087 777 1331 823 Cornelium,
1363 777 1650 819 defendendum
1671 792 1786 834 puta-

388 842 444 880 vit
465 842 477 878 ?
509 843 596 894 quis
617 841 677 880 his
698 840 839 880 horum
861 841 986 880 adfuit
1004 842 1017 878 ?
1048 856 1179 882 nemo,
1212 832 1321 895 Qid
1341 844 1394 882 ita
1412 846 1424 882 ?
1456 847 1547 898 quia
1573 849 1716 887 caeteris
1743 849 1786 887 in

389 909 507 947 causis
537 909 655 947 etiam
686 918 867 948 nocentes
899 910 972 948 viri
1002 910 1116 955 boni,
1148 910 1174 948 fi
1202 910 1394 950 neceffarii
1421 912 1528 958 sunt,
1560 914 1783 955 deserendos

389 974 460 1013 effe
478 989 556 1013 non
583 984 748 1028 putant:
781 976 821 1013 in
849 974 924 1014 hoc
950 976 1115 1014 crimine
1142 990 1220 1014 non
1248 976 1373 1015 solum
1400 979 1563 1018 levitatis
1583 981 1637 1018 est
1654 982 1781 1035 culpa,

387 1055 521 1080 verum
541 1043 657 1080 etiam
678 1042 854 1094 quaedam
875 1043 1056 1094 contagio
1081 1043 1242 1088 sceleris,
1274 1043 1299 1081 fi
1321 1044 1499 1084 defendas
1528 1061 1633 1092 eum,
1664 1062 1786 1101 quem

386 1108 612 1147 obstrictum
647 1108 718 1146 effe
756 1109 886 1161 patriae
924 1109 1129 1161 parricidio
1166 1109 1362 1162 suspicere.
1405 1112 1547 1163 Qid?
1588 1114 1785 1154 Autronio

385 1188 513 1213 nonne
542 1174 709 1220 sodales,
741 1188 818 1213 non
851 1174 1009 1228 collegae
1043 1175 1122 1220 sui,
1154 1189 1233 1214 non
1264 1186 1406 1215 veteres
1438 1179 1580 1224 amici,
1612 1194 1782 1233 quorum

384 1242 451 1279 ille
477 1242 587 1295 copia
614 1242 810 1295 quondam
838 1243 1061 1288 abundarat,
1093 1256 1171 1281 non
1198 1242 1241 1281 hi
1267 1257 1416 1290 ornnes,
1448 1246 1516 1298 qui
1544 1245 1630 1285 sunt
1658 1249 1697 1286 in
1720 1262 1782 1286 re-

383 1309 540 1361 publica
560 1309 767 1362 principes,
799 1309 1035 1348 defuerunt?
1067 1311 1199 1348 Immo
1219 1311 1336 1349 etiam
1366 1312 1585 1352 testimonio
1607 1315 1782 1367 plerique

383 1375 583 1414 laeserunt:
616 1375 834 1421 statuerant,
866 1385 1018 1414 tantum
1050 1376 1148 1414 illud
1179 1376 1250 1415 effe
1281 1377 1534 1424 maleficium,
1567 1381 1670 1432 quod
1702 1395 1782 1419 non

384 1442 502 1480 modo
520 1456 598 1482 non
625 1442 809 1482 occultari
835 1456 902 1497 per
927 1442 977 1489 se,
1008 1442 1070 1481 sed
1098 1443 1216 1481 etiam
1243 1444 1381 1497 aperiri
1409 1445 1680 1501 illustrarique,
1711 1448 1781 1487 de-

382 1508 503 1547 beret.

438 1574 512 1612 111.
545 1575 812 1625 Qamobrern
834 1574 930 1627 quid
949 1575 1014 1621 est,
1037 1576 1142 1629 quod
1163 1577 1313 1622 mirere,
1339 1577 1363 1615 fi
1386 1591 1478 1616 cum
1499 1579 1634 1619 iisdem
1655 1595 1718 1619 me
1737 1581 1778 1619 in

383 1638 453 1677 hac
473 1640 581 1678 causa
602 1641 705 1679 vides
726 1641 856 1686 adesse,
880 1655 970 1680 cum
992 1642 1135 1694 quibus
1156 1644 1196 1681 in
1217 1644 1361 1682 caeteris
1382 1644 1568 1697 intelligis
1588 1645 1776 1685 abfuiffe?

383 1705 468 1744 Nisi
499 1719 587 1744 vero
618 1721 681 1745 me
714 1720 838 1745 unum
870 1709 925 1745 vis
957 1707 1084 1746 ferum
1116 1718 1249 1762 praeter
1280 1720 1453 1756 caeteros,
1485 1725 1549 1749 me
1579 1712 1775 1765 asperum,

381 1786 443 1811 me
469 1772 752 1819 inhumanum,
784 1774 1020 1820 existimari,
1054 1790 1116 1814 me
1144 1776 1322 1829 singulari
1350 1778 1593 1816 immanitate
1620 1789 1657 1817 et
1685 1794 1775 1818 cru-

380 1839 534 1878 delitate
564 1840 784 1893 praeditum.
818 1842 933 1879 Hanc
966 1841 1065 1880 mihi
1098 1851 1139 1880 tu
1172 1843 1214 1888 fi,
1245 1853 1399 1896 propter
1427 1857 1482 1882 res
1511 1858 1612 1882 meas
1641 1846 1774 1897 gestas,

379 1907 548 1958 imponis
580 1907 620 1944 in
652 1909 761 1945 omni
794 1908 872 1946 vita
902 1922 987 1946 mea
1017 1909 1241 1961 personam,
1274 1912 1497 1963 Torquate,
1530 1911 1775 1951 vehementer

379 1985 503 2009 erras:
538 1986 600 2009 me
627 1982 758 2010 natura
785 1973 1085 2020 misericordem,
1118 1976 1237 2028 patria
1258 1975 1455 2021 severum,
1487 1978 1682 2016 crudelem
1704 1993 1774 2017 nec

380 2038 512 2089 patria,
544 2051 614 2076 nec
641 2049 787 2084 natura,
819 2040 888 2077 effe
914 2042 1050 2080 voluit.
1084 2042 1267 2095 Denique
1292 2042 1401 2080 istam
1429 2044 1548 2096 ipsam
1576 2045 1774 2097 personam

380 2102 649 2142 vehementem
681 2115 717 2143 et
745 2119 885 2151 acrem,
917 2121 1034 2158 quam
1067 2107 1166 2146 mihi
1199 2118 1284 2146 tum
1318 2118 1469 2161 tempus
1497 2119 1534 2147 et
1562 2111 1772 2162 respublica

379 2170 576 2221 imposuit,
602 2172 684 2221 jam
711 2171 900 2217 voluntas,
932 2182 969 2210 et
997 2183 1130 2211 natura
1157 2174 1248 2227 ipsa,
1280 2175 1469 2213 detraxit:
1502 2176 1568 2213 illa
1594 2178 1697 2213 enim
1725 2176 1770 2213 ad

379 2236 491 2272 breve
513 2245 666 2287 tempus
687 2236 922 2276 severitatem
944 2239 1174 2291 postulavit,
1208 2239 1287 2278 haec
1318 2242 1356 2278 in
1384 2242 1491 2279 omni
1519 2242 1594 2279 vita
1621 2242 1767 2278 mistri-

378 2302 548 2339 cordiam
570 2301 844 2355 lenitatemque
867 2305 1060 2344 desiderat.

433 2367 562 2416 Qare
593 2365 691 2404 nihil
725 2368 790 2412 est,
823 2370 926 2420 quod
955 2384 1001 2408 ex
1030 2380 1136 2409 tanto
1164 2372 1351 2409 comitatu
1384 2372 1551 2408 virorum
1581 2371 1767 2423 ampliffi-

377 2445 531 2471 morum
565 2446 626 2470 me
659 2446 780 2471 unum
813 2434 1013 2473 abstrahas.
1046 2436 1218 2488 Simplex
1247 2436 1435 2480 officium,
1469 2446 1582 2488 atque
1613 2450 1685 2475 una
1717 2438 1767 2476 cst
