2212 2835
703 178 882 217 POST
940 176 1311 216 REDITUM.
1629 188 1702 228 339

370 276 444 314 ΙΙΙ.
480 275 609 315 Postea
634 289 721 314 vero
748 290 866 328 quam
893 275 1071 328 singulari
1101 284 1138 313 et
1164 273 1461 327 praestantiffima
1490 274 1629 312 virtute
1658 274 1701 311 P.

315 341 496 387 Lentuli,
528 343 715 387 consulis,
747 356 795 381 ex
818 342 1017 395 superioris
1038 341 1128 379 anni
1147 341 1312 393 caligine
1331 349 1369 378 et
1390 340 1554 378 tenebris
1575 340 1706 378 lucem

314 408 355 446 in
377 409 572 462 republica
592 409 774 448 Kalendis
796 409 984 460 Januariis
1005 407 1195 459 despicere
1215 406 1403 458 ccepistis;
1427 419 1518 444 cum
1541 407 1705 457 QMe-

316 474 398 512 telli
415 504 426 519 ‚
457 475 681 513 nobiliffimi
701 474 872 512 hominis
894 482 1008 525 atque
1027 472 1169 525 optimi
1200 471 1271 509 viri
1289 500 1300 516 ,
1331 471 1481 509 summa
1511 473 1676 524 dignitas
1696 502 1705 516 ,

315 553 408 578 cum
429 549 649 592 praetorum,
669 540 915 578 tribunorum
931 538 1055 591 plebis
1073 550 1170 590 pene
1185 537 1381 581 omnium,
1400 537 1520 575 virtus
1541 547 1579 575 et
1600 537 1706 582 fides,

314 605 534 657 reipublicae
565 604 815 649 subveniffet;
853 618 946 643 cum
973 604 1127 648 virtute,
1161 603 1297 656 gloria,
1329 602 1441 640 rebus
1473 602 1600 655 gestis,
1633 604 1708 641 Cn.

315 671 538 723 Pompeius,
569 672 751 710 omnium
781 671 973 724 gentium,
1004 670 1185 708 omnium
1211 668 1444 714 seculorum,
1475 670 1604 707 omnis
1624 682 1709 707 me-

316 737 448 775 moriae
477 735 590 776 facile
615 738 818 791 princeps,
849 746 935 775 tuto
962 736 997 774 se
1024 737 1064 774 in
1084 736 1257 774 senatum
1288 736 1416 773 venire
1442 735 1709 773 arbitraretur:

317 811 445 843 tantus
477 803 594 842 vester
627 803 829 842 consensus
860 803 907 841 de
938 802 1054 841 salute
1086 815 1171 840 mea
1201 800 1302 847 fuit,
1334 810 1377 839 ut
1408 815 1546 855 corpus
1577 801 1714 840 abeffet

319 882 467 914 meum,
499 870 664 922 dignitas
679 870 760 922 jam
782 870 822 908 in
843 869 1005 923 patriam
1025 867 1244 907 revertisset.

375 936 468 988 Qo
489 935 650 988 quidem
671 936 812 981 mense,
844 935 939 989 quid
964 936 1064 973 inter
1091 948 1155 973 me
1188 943 1226 973 et
1253 947 1358 973 meos
1385 934 1566 973 inimicos
1592 934 1713 972 inter-

320 1000 422 1047 effet,
450 1002 663 1041 existimare
682 1002 872 1056 potuistis.
905 1003 992 1055 Ego
1012 1015 1140 1040 meam
1160 1001 1320 1040 salutem
1341 1001 1499 1047 deserui,
1529 1014 1576 1040 ne
1598 1014 1714 1054 prop-

321 1078 378 1108 ter
411 1083 475 1108 me
505 1070 652 1108 civium
678 1070 900 1108 vulneribus
935 1069 1149 1122 respublica
1178 1077 1461 1107 cruentaretur:
1493 1068 1553 1106 illi
1582 1081 1717 1107 meum

319 1136 489 1175 reditum
504 1149 581 1175 non
601 1136 737 1189 populi
757 1136 928 1174 Romani
949 1134 1151 1188 suffragiis,
1169 1134 1231 1172 sed
1243 1134 1406 1172 flumine
1426 1134 1631 1187 sanguinis,
1653 1135 1716 1173 in-

321 1202 617 1241 tercludendum
638 1210 882 1255 putaverunt.
913 1202 1047 1254 Itaque
1068 1201 1193 1254 postea
1214 1199 1314 1238 nihil
1334 1213 1399 1238 vos
1420 1200 1585 1245 civibus,
1616 1199 1718 1239 nihil

322 1269 446 1315 sociis,
476 1268 576 1308 nihil
596 1270 765 1323 regibus,
797 1269 1038 1323 respondistis
1055 1287 1066 1314 5
1099 1267 1198 1307 nihil
1213 1268 1365 1321 judices
1387 1268 1596 1314 sententiis,
1618 1267 1718 1306 nihil

321 1336 488 1390 populus
508 1335 710 1390 suffragiis,
734 1335 833 1375 nihil
853 1335 919 1375 hic
940 1336 1034 1374 ordo
1053 1335 1290 1380 auctoritate,
1312 1334 1539 1380 declaravit;
1562 1344 1719 1374 mutum

322 1401 467 1449 forum,
484 1403 682 1457 elinguem
699 1404 861 1449 curiam,
879 1404 1035 1442 tacitam
1053 1411 1092 1440 et
1111 1400 1270 1440 fractam
1292 1401 1502 1447 civitatem,
1517 1402 1719 1441 videbatis.

381 1469 473 1520 Qo
494 1470 655 1522 quidem
674 1479 861 1523 tempore,
882 1483 975 1507 cum
994 1468 1026 1506 is
1046 1466 1265 1512 exceffiffet‚
1297 1467 1367 1520 qui
1383 1468 1478 1506 caedi
1497 1477 1536 1507 et
1555 1468 1721 1507 flammae

325 1535 434 1574 vobis
455 1536 672 1574 auctoribus
694 1536 900 1580 restiterat3
933 1547 1024 1572 cum
1056 1532 1156 1571 ferro
1186 1542 1225 1571 et
1256 1531 1406 1572 facibus
1436 1532 1615 1573 homines
1643 1543 1724 1572 tota

326 1602 421 1641 urbe
441 1602 658 1646 volitantes,
689 1601 982 1655 magistratuum
1003 1601 1100 1638 teeta
1119 1600 1358 1652 impugnata,
1382 1600 1558 1640 Deorum
1578 1601 1723 1653 templa

327 1669 578 1714 inflammata,
610 1669 754 1708 summi
774 1669 845 1707 viri
865 1677 903 1706 et
924 1667 1119 1706 clarisfimi
1139 1666 1304 1705 consulis
1324 1665 1440 1705 fasces
1462 1666 1614 1713 fractos,
1638 1666 1722 1706 for-

327 1735 461 1775 tiffimi
489 1745 603 1788 atque
633 1735 774 1788 optimi
804 1735 896 1780 viri,
927 1734 1076 1773 tribuni
1106 1733 1246 1787 plebis,
1277 1732 1552 1772 sanffiffimum
1583 1747 1723 1787 corpus

327 1814 407 1841 non
424 1802 571 1840 tactum
586 1814 628 1839 ac
645 1801 835 1839 violatum
852 1813 985 1845 manu,
1005 1799 1066 1838 sed
1082 1799 1327 1837 vulneratum
1346 1797 1461 1843 ferro,
1479 1798 1724 1837 confedum-

328 1883 419 1923 que,
451 1869 607 1908 vidistis.
645 1869 735 1921 Qa
761 1868 880 1922 strage
900 1867 1082 1906 nonnulli
1109 1866 1275 1920 permoti
1295 1866 1552 1920 magistratus,
1583 1867 1725 1920 partim

329 1945 439 1975 metu
471 1937 632 1981 mortis,
664 1935 804 1989 partim
836 1935 1093 1988 desperatione
1121 1933 1368 1986 reipublicae,
1400 1933 1560 1986 paulum
1591 1947 1612 1971 a
1643 1947 1726 1972 mea

330 2000 439 2039 causa
467 2002 719 2041 recefferunt:
756 2002 895 2054 reliqui
925 2001 1108 2045 fuerunt,
1140 2012 1236 2052 quos
1268 2012 1393 2052 neque
1427 2008 1570 2044 terror,
1601 2012 1725 2051 neque

331 2067 403 2112 vis,
440 2081 511 2106 nec
542 2069 636 2122 spes,
673 2081 744 2107 nec
772 2078 913 2113 metus,
945 2080 1014 2105 nec
1045 2065 1238 2120 promiffa,
1274 2079 1344 2104 nec
1376 2066 1505 2110 minae,
1537 2078 1606 2103 nec
1638 2065 1721 2109 tela,

330 2145 402 2171 nec
421 2131 535 2179 faces,
564 2147 584 2172 a
604 2133 721 2172 vestra
739 2134 975 2178 auftoritatffi
996 2146 1015 2170 a
1035 2132 1172 2186 populi
1191 2131 1361 2169 Romani
1381 2131 1579 2183 dignitate,
1602 2143 1620 2166 a
1642 2142 1723 2167 mea

333 2199 464 2245 salute,
496 2200 740 2253 depellerent.

390 2267 460 2304 IV.
495 2267 677 2318 Princeps
699 2267 742 2304 P.
766 2265 971 2309 Lentulus,
994 2275 1127 2317 parens
1148 2276 1190 2301 ac
1212 2262 1304 2301 deus
1327 2262 1457 2300 nostrae
1476 2261 1574 2305 vitan,
1598 2260 1722 2298 fortu-

335 2346 415 2376 nae,
447 2332 668 2376 memoriae,
699 2332 888 2376 nominis,
919 2330 993 2368 hoc
1022 2331 1214 2383 specimen
1236 2328 1400 2371 virtutis,
1432 2326 1507 2363 hoc
1536 2326 1725 2364 indicium

335 2399 469 2443 animi,
501 2397 575 2437 hoc
604 2398 738 2436 lumen
769 2397 985 2434 consulatus
1013 2397 1082 2440 sui,
1114 2395 1196 2433 fore
1223 2394 1383 2446 putavit,
1417 2392 1440 2429 si
1471 2404 1532 2429 me
1554 2391 1666 2437 mihi,
1700 2393 1723 2430 si

336 2466 449 2511 meis,
481 2465 506 2504 fi
529 2464 650 2510 vobis,
681 2464 708 2503 fi
728 2462 961 2516 reipublicae‚
994 2460 1232 2501 reddidisset:
1265 2459 1346 2510 qui,
1369 2458 1478 2497 utest
1498 2458 1724 2511 designatuS,

1284 2519 1316 2553 V
1349 2533 1368 2555 v
1402 2532 1422 2557 2
