2212 2835
409 143 485 181 226
914 134 1316 176 ORATIO

406 241 514 278 vobis
538 238 795 281 audientibus,
816 234 949 273 amiffo
962 235 1045 287 jam
1066 243 1251 287 tempore,
1273 245 1359 286 quae
1377 231 1447 286 ipfi
1467 230 1550 278 soli,
1572 246 1611 271 re
1632 232 1795 287 integra,

407 307 499 358 saepe
531 306 625 343 dixi.
668 305 799 342 Petere
830 301 1073 341 consulatum
1107 300 1251 339 nescire
1284 308 1335 345 te,
1372 298 1490 345 Servi,
1527 299 1688 353 persaepe
1721 300 1796 338 tibi

406 372 488 409 dixi
506 386 513 408 :
537 380 573 408 et
594 370 633 407 in
654 370 699 407 iis
722 369 832 408 rebus
854 368 956 421 ipsis,
977 380 1070 420 quas
1093 376 1129 406 te
1150 379 1291 419 magno
1309 375 1347 404 et
1366 364 1458 404 forti
1477 365 1609 404 animo
1628 374 1666 404 et
1685 378 1794 419 agere

406 447 443 474 et
463 438 588 475 dicere
609 435 801 481 videbam,
832 434 905 472 tibi
933 434 1064 472 solitus
1091 433 1176 471 sum
1203 433 1341 478 dicere,
1373 432 1495 485 magis
1520 441 1557 470 te
1577 431 1719 470 fortem
1739 431 1796 469 se-

407 513 579 542 natorem
615 501 715 540 mihi
748 501 882 546 videri,
917 514 1035 554 quam
1069 499 1276 553 sapientem
1310 498 1573 538 candidatum.
1614 498 1796 537 Primum

406 569 605 607 accusandi
628 578 783 606 terrores
804 577 841 605 et
863 567 992 612 minae‚
1024 566 1165 619 quibus
1187 575 1229 604 tu
1250 564 1423 618 quotidie
1445 565 1501 603 uti
1522 564 1677 609 solebas,
1709 564 1797 602 sunt

406 635 516 673 fortis
539 636 635 680 viri,
668 635 728 672 sed
749 644 785 672 et
808 634 941 686 populi
961 633 1186 686 opinionem
1212 645 1233 669 a
1260 631 1321 684 spe
1347 631 1581 685 adipiscendi
1604 638 1793 674 avertunt,

406 712 442 740 et
464 703 678 740 amicorum
699 701 818 739 studia
839 699 1053 737 debilitant.
1085 698 1228 737 Nescio
1244 712 1321 750 quo
1337 700 1448 751 pac'to
1469 698 1615 751 semper
1633 696 1709 735 hoc
1730 696 1793 735 fit:

406 781 531 820 neque
551 768 591 805 in
613 781 690 805 uno
711 776 775 804 aut
795 765 912 803 altero
931 764 1235 802 animadversum
1255 763 1321 808 est,
1352 763 1414 801 sed
1429 765 1511 816 jarn
1531 764 1572 802 in
1592 763 1793 817 pluribus:

407 834 518 872 simul
540 843 654 885 atque
674 831 896 871 candidatus
917 830 1195 868 accusationem
1222 828 1401 867 meditari
1426 828 1525 867 visus
1551 829 1618 874 est,
1649 838 1693 867 ut
1721 827 1795 867 ho-

406 913 541 938 norem
561 897 763 951 desperasse
783 896 967 935 videatur.

462 965 602 1016 Qid?
634 978 723 1017 ergo
749 972 944 1015 acceptam
971 962 1152 1013 injuriam
1178 959 1351 1013 persequi
1378 974 1455 999 non
1481 960 1635 1014 placet?
1666 960 1800 998 Immo

405 1030 652 1070 vehementer
678 1030 827 1083 placet:
860 1028 923 1066 sed
948 1028 1052 1066 aliud
1079 1037 1232 1080 tempus
1259 1027 1311 1064 est
1336 1027 1506 1080 petendi,
1537 1027 1642 1065 aliud
1673 1026 1798 1079 perse-

404 1097 565 1151 quendi.
598 1096 809 1134 Petitorem
829 1108 913 1148 ego,
931 1094 1136 1147 praesertim
1156 1092 1388 1138 consulatus,
1405 1106 1544 1146 magna
1563 1092 1640 1146 spe,
1657 1105 1802 1145 magno

405 1163 549 1209 animo,
580 1162 730 1214 magnis
751 1161 887 1213 copiis,
918 1169 956 1198 et
976 1160 1016 1198 in
1037 1158 1167 1198 forum
1187 1168 1224 1196 et
1244 1158 1284 1196 in
1303 1172 1486 1211 campum
1515 1158 1653 1197 deduci
1682 1158 1795 1197 volo:

405 1244 484 1269 non
516 1230 642 1282 placet
669 1227 771 1266 mihi
800 1226 999 1279 inquisitio
1024 1225 1230 1270 candidati,
1262 1225 1475 1278 praenuntia
1502 1224 1659 1278 repulsae
1675 1243 1687 1270 ς
1719 1238 1798 1263 non

405 1296 560 1335 testium
595 1295 738 1348 potius,
773 1306 892 1345 quam
927 1291 1233 1345 suffragatorum,
1268 1291 1533 1345 comparati03
1570 1304 1648 1329 non
1682 1291 1799 1330 minae

405 1362 541 1414 magis,
575 1374 691 1413 quarn
713 1359 934 1404 blanditiae;
967 1372 1045 1397 non
1065 1357 1294 1396 declamatio
1314 1358 1456 1410 potius,
1487 1370 1606 1411 quam
1630 1356 1799 1410 persalu-

407 1428 530 1466 tati0:
562 1424 782 1479 praesertim,
813 1437 906 1462 curn
926 1424 1009 1476 jam
1035 1423 1111 1461 hoc
1139 1437 1239 1461 novo
1267 1437 1372 1462 more
1399 1436 1533 1462 omnes
1557 1422 1636 1461 fere
1661 1422 1797 1461 domos

405 1492 586 1533 omnium
606 1491 846 1535 concursent,
877 1498 914 1528 et
934 1502 981 1527 ex
1001 1490 1110 1527 vultu
1130 1489 1421 1528 candidatorum
1449 1490 1710 1541 conjecturam
1737 1487 1798 1526 fa-

406 1560 522 1605 ciant,
563 1567 753 1611 quantum
787 1556 949 1609 quisque
984 1555 1105 1593 animi
1138 1564 1176 1593 et
1209 1554 1402 1594 facultatis
1433 1554 1574 1593 habere
1611 1554 1797 1593 videatur.

407 1626 573 1664 Videsne
593 1635 635 1664 tu
657 1625 770 1663 illum
791 1623 952 1668 tristem,
974 1621 1178 1660 demissum
1198 1623 1210 1659 ?
1235 1623 1352 1673 jacet,
1373 1622 1529 1668 diffidit,
1551 1621 1691 1675 abjecit
1709 1612 1798 1660 has-

406 1701 475 1731 taS.
508 1692 632 1744 Serpit
653 1690 718 1728 hic
739 1703 872 1728 rumor
891 1704 900 1727 ε
932 1688 1008 1727 Scis
1027 1698 1068 1726 tu
1089 1688 1184 1726 illum
1203 1687 1456 1741 acczfstztionem
1475 1688 1646 1740 cogitare,
1677 1686 1797 1740 inqui·

407 1773 486 1797 rere
504 1758 540 1796 in
561 1757 814 1810 competitores,
836 1755 932 1807 testes
953 1768 1112 1808 quaerere
1128 1754 1148 1792 ,9
1176 1753 1285 1791 alium
1290 1752 1448 1805 filciam,
1480 1751 1726 1806 quoniamsibi
1740 1751 1799 1790 hic

406 1825 473 1878 ipſs
492 1823 665 1877 desperat.
697 1821 899 1873 Ejusmodi
920 1820 1210 1858 candidatorum
1231 1819 1347 1857 amici
1375 1818 1507 1857 intimi
1532 1817 1796 1862 debilitantur,

407 1890 529 1929 studia
547 1890 761 1942 deponunt,
792 1895 856 1925 aut
884 1886 1055 1924 testatam
1083 1899 1165 1924 rem
1191 1885 1393 1938 abjiciunt,
1424 1893 1488 1923 aut
1515 1884 1620 1922 suam
1640 1896 1798 1937 operam

406 1966 444 1995 et
465 1956 625 2008 gratiam
641 1954 792 2006 judicio
811 1962 848 1992 et
869 1953 1097 1991 accusationi
1119 1951 1317 1990 reservant.

461 2023 596 2062 XXII.
628 2020 791 2059 Accedit
811 2020 962 2064 eodem,
994 2028 1037 2057 ut
1064 2019 1179 2056 ctiam
1208 2017 1284 2071 ipse
1311 2017 1532 2055 candidatus
1560 2024 1688 2055 totum
1711 2015 1796 2054 ani-

408 2102 520 2128 mum
551 2097 664 2139 atque
694 2099 853 2124 omnem
883 2098 1030 2129 curam,
1065 2097 1219 2137 operam
1251 2083 1572 2136 diligentiamque
1603 2081 1723 2126 suam,
1754 2081 1796 2119 in

407 2155 592 2208 petitione
613 2167 690 2191 non
711 2151 820 2205 poffit
841 2164 993 2204 ponere.
1026 2150 1264 2203 Adjungitur
1283 2150 1388 2188 enim
1417 2147 1666 2187 accusationis
1686 2147 1797 2201 cogi-

408 2222 516 2265 tatio,
546 2233 624 2258 non
645 2232 758 2272 parva
778 2231 849 2262 res,
881 2217 942 2255 sed
964 2217 1151 2255 nimirum
1173 2216 1353 2255 omnium
1380 2215 1575 2255 maxima:
1608 2222 1797 2268 magnum

407 2288 459 2326 est
489 2287 609 2331 enim,
640 2295 678 2324 te
708 2296 927 2337 comparare
957 2297 1012 2328 ea,
1044 2284 1184 2336 quibus
1216 2282 1327 2336 poffis
1353 2281 1556 2320 hominem
1582 2294 1603 2319 e
1627 2281 1796 2326 civitate,

407 2353 613 2406 praesertim
634 2365 711 2390 non
732 2351 905 2403 inopem,
937 2363 1061 2402 neque
1081 2349 1297 2394 infirmum,
1327 2349 1555 2393 exturbare;
1587 2347 1654 2400 qui
1675 2355 1713 2385 et
1732 2358 1798 2398 per

409 2421 456 2465 se,
487 2429 524 2458 et
550 2432 616 2472 per
642 2418 741 2463 suos,
772 2427 810 2456 et
836 2430 924 2455 vero
950 2417 1066 2455 etiam
1095 2430 1160 2469 per
1186 2415 1343 2463 alienos,
1374 2413 1612 2454 defendatur.
1646 2413 1796 2452 Omnes
