2212 2835
476 161 559 201 444.
974 139 1379 181 ORATro

477 247 614 292 studio,
646 255 868 296 temporum
900 253 1080 280 meorum
1110 237 1297 278 memoria
1313 255 1325 283 ,-
1358 248 1488 290 parem
1520 235 1676 283 virtute,
1711 235 1875 290 integri·

479 322 584 357 tate,
617 310 830 354 modestia3
865 307 1017 346 aedilem
1050 306 1197 344 faustum
1231 304 1303 343 effe
1335 303 1518 342 miraris?
1556 304 1678 342 Hunc
1712 312 1757 342 tu
1790 305 1880 342 vitae

478 378 721 431 splendorem
753 374 915 413 maculis
947 373 1109 427 aspergis
1141 371 1254 411 istis?
1286 369 1388 422 Jacis
1415 369 1615 415 adulteria,
1645 383 1731 422 quae
1762 383 1880 408 nemo

478 459 558 484 non
580 443 697 482 modo
718 442 877 481 nomine
891 470 902 486 ,
933 440 994 479 sed
1015 453 1063 478 ne
1082 438 1294 492 suspicione
1314 436 1473 489 quidem
1488 465 1501 482 ,
1529 436 1643 490 poffit
1663 436 1878 489 agnoscere.

480 512 715 551 Bimaritum
734 509 918 563 appellas,
947 515 991 545 ut
1011 507 1125 546 verba
1143 505 1280 558 fingas,
1310 517 1390 543 non
1409 503 1537 542 solum
1553 503 1734 542 crimina.
1766 503 1880 541 Duc-

481 588 568 617 tum
599 577 669 616 effe
698 577 745 614 ab
778 589 831 614 eo-
852 575 893 613 in
924 573 1164 627 provinciam
1194 572 1365 624 aliquem
1400 569 1498 608 dicis
1531 569 1708 608 libidinis
1742 569 1879 608 causa:

482 643 589 696 quod
610 657 687 682 non
707 643 855 681 crimen
876 640 928 678 est
944 668 955 685 ,
987 638 1050 677 sed
1075 638 1319 691 impunitum
1344 637 1386 675 in
1405 635 1595 674 maledico
1614 635 1881 674 mendacium.

481 711 653 763 Raptam
683 707 756 746 effe
783 706 992 745 mimulam
1009 720 1023 743 t
1051 704 1157 757 quod
1183 703 1326 741 dicitur
1353 702 1482 740 Atinae
1508 700 1655 740 faetum
1683 715 1704 739 a
1723 702 1882 753 juvene,

483 784 610 814 vetere
632 774 801 827 quodam
822 773 863 810 in
884 771 1051 810 scenicos
1066 771 1154 822 jure
1172 798 1184 814 ,
1214 768 1462 820 maximeque
1487 768 1699 820 oppidano.
1731 769 1768 805 Ο
1789 768 1883 806 ado-

483 841 707 881 lescentiam
727 838 941 878 traductam
961 838 1155 890 eleganter
1174 834 1182 872 ἔ
1214 834 1280 873 cui
1300 833 1462 887 quidem
1482 845 1576 871 cum
1592 861 1606 878 ‚
1635 832 1743 885 quod
1760 833 1885 872 licue-

485 909 536 947 rit
549 937 559 953 ‚
590 905 815 959 objiciatur,
846 913 977 943 tamen
997 903 1038 941 id
1057 901 1185 956 ipsum
1205 900 1347 939 falsum
1367 898 1588 953 reperiatur.
1621 897 1794 937 Emiffus
1812 899 1886 937 ali-

485 975 573 1027 quis
594 987 614 1011 e
634 985 782 1011 carcere
795 1000 806 1017 ,
836 980 875 1010 et
895 970 1054 1024 quidem
1083 967 1237 1007 emiffus
1257 980 1325 1021 per
1342 965 1647 1019 imprudentiam
1662 994 1675 1011 ‚
1705 964 1859 1004 emissus
1873 993 1892 1011 ,

485 1049 530 1079 ut
561 1038 778 1093 cognostiS‚
809 1036 1000 1076 necefl'arii
1031 1034 1205 1074 hominis
1223 1062 1234 1080 ,
1264 1032 1486 1086 optimique
1519 1030 1766 1070 adolescentis
1779 1060 1795 1077 ,.
1823 1045 1889 1070 ro-

484 1116 578 1161 gatu
596 1121 606 1146 :
628 1106 733 1145 idem
755 1104 881 1159 postea
900 1102 1072 1158 praetoris
1093 1101 1276 1141 mandatu
1297 1098 1514 1153 requifitus.
1546 1099 1679 1151 Atque
1696 1096 1793 1144 haec,
1818 1111 1891 1137 nec

487 1173 568 1212 ulla
587 1173 660 1211 alia
675 1201 688 1218 ,
718 1171 807 1210 sunt
833 1171 1005 1223 conjecta
1029 1168 1233 1208 maledieta
1255 1167 1297 1206 in
1323 1166 1405 1219 ejus
1431 1165 1552 1205 vitam
1568 1193 1586 1212 ,
1612 1164 1661 1203 de
1685 1165 1796 1218 cujus
1822 1176 1896 1204 vos-

486 1240 647 1295 pudore,
679 1239 878 1292 religione,
908 1236 1142 1290 integritate,
1174 1233 1374 1274 dubitetis.

544 1307 660 1346 XIII..
693 1307 803 1345 Pater
822 1318 932 1350 vero,
963 1303 1121 1357 inquit,
1147 1302 1269 1339 etiam
1284 1300 1408 1338 obesse
1427 1298 1510 1338 filio
1530 1298 1669 1338 debers
1691 1298 1729 1337 O
1751 1310 1890 1337 vocem

489 1373 626 1412 duram
643 1400 655 1418 ‚
686 1380 801 1423 atque
826 1369 1029 1422 indignam
1048 1376 1115 1407 tua
1133 1366 1325 1421 probitate
1343 1393 1355 1411 ,
1385 1364 1595 1404 Laterensis
1614 1364 1621 1402 !
1654 1365 1766 1403 Pater
1787 1373 1830 1402 ut
1849 1365 1892 1402 in

486 1439 637 1493 judicio
668 1437 820 1490 capitiS,
851 1445 957 1489 pater
987 1443 1032 1473 ut
1061 1434 1104 1473 in
1134 1432 1386 1471 dimicatione
1415 1430 1676 1476 fortunarum,
1706 1439 1812 1484 pater
1846 1438 1896 1468 ut.

490 1505 595 1558 apud
623 1504 714 1543 tales
745 1502 863 1547 viros,
892 1500 1015 1540 obess‘e
1045 1499 1129 1539 filio
1158 1497 1327 1537 debeat?
1358 1497 1443 1549 Qi
1468 1496 1495 1534 fi
1520 1497 1609 1536 effet
1638 1496 1892 1549 turpiffimus‚

491 1570 781 1615 sordidiffimus‚
812 1577 944 1607 tamen
974 1566 1056 1620 ipso
1086 1565 1248 1604 nomine
1274 1563 1398 1618 patrio
1424 1563 1567 1602 valeret
1591 1563 1692 1616 apud
1719 1562 1895 1601 clemen-

491 1648 549 1676 tes
576 1637 727 1689 judices
759 1644 798 1673 et
827 1633 1089 1673 misericordes
1107 1647 1119 1671 ε
1149 1632 1307 1677 valeret,
1336 1631 1514 1683 inquam,
1546 1629 1752 1668 communi
1787 1628 1899 1667 sensu

493 1704 690 1748 omnium,
721 1712 760 1741 et
791 1701 1008 1740 dulciffima
1041 1697 1381 1738 commendatione
1415 1704 1581 1735 naturae..
1605 1695 1689 1740 Sed,
1721 1708 1815 1734 cum
1847 1695 1897 1733 fit

497 1773 573 1809 Cn.
596 1771 776 1809 Plancius
808 1770 839 1807 is
871 1780 985 1821 eques
1017 1767 1235 1810 Romanus,
1265 1778 1308 1802 ea
1338 1763 1514 1816 primum
1543 1762 1727 1801 vetustate
1756 1761 1891 1814 eques—

495 1838 564 1875 tris
584 1837 745 1880 ordinis,
776 1843 819 1872 ut
840 1839 965 1887 pater‚'.
989 1841 1034 1871 ut
1058 1844 1163 1877 avus,
1194 1839 1240 1869 ut
1267 1830 1429 1882 majores
1456 1829 1537 1881 ejus
1564 1841 1714 1873 omnes,
1745 1828 1896 1881 equites

494 1903 668 1941 Romani
700 1900 859 1943 fuerint,
891 1898 1089 1937 summum
1121 1898 1163 1936 in
1195 1894 1418 1950 praefectura
1443 1894 1705 1934 florentiffima
1731 1894 1895 1946 gradum

495 1969 691 2008 tenuerint
722 1975 759 2004 et
789 1965 988 2017 dignitatis
1006 1994 1017 2011 ‚
1049 1973 1087 2003 et
1118 1964 1276 2016 gratiae;
1307 1961 1444 2000 deinde
1473 1970 1518 2000 ut
1546 1960 1625 2014 ipse
1655 1961 1697 1999 in
1728 1960 1896 2013 legioni-

496 2036 570 2074 bus
593 2034 636 2073 P.
661 2032 794 2078 Crafii,
826 2032 1082 2085 imperatoris,
1113 2032 1213 2069 inter
1239 2028 1494 2068 ornatiffimos
1520 2026 1716 2072 homines,
1746 2027 1899 2079 equites

497 2103 714 2145 Romanos,
746 2099 901 2137 summo
934 2097 1132 2152 splendore
1167 2095 1313 2141 fuerit3
1347 2104 1391 2133 ut
1425 2093 1552 2148 postea
1583 2094 1765 2147 princeps
1798 2094 1898 2131 inter
1962 2104 1965 2106 ·

501 2169 600 2213 suos,
618 2167 876 2221 plurimarum
897 2178 1027 2203 rerum
1047 2163 1298 2203 sanetiffimus
1319 2171 1355 2200 et
1370 2161 1596 2215 justiffimus
1611 2160 1748 2213 judex,
1769 2160 1897 2198 maxi-

502 2248 655 2274 marum
677 2233 903 2272 societatum
923 2234 1053 2270 auctor
1069 2260 1080 2276 ,
1112 2230 1368 2284 plurimarum
1390 2227 1567 2280 magister
1586 2242 1596 2266 ε
1628 2227 1654 2265 fi
1681 2240 1759 2266 non
1780 2226 1899 2265 modo

501 2302 542 2339 in
562 2314 607 2340 eo
631 2299 730 2338 nihil
752 2311 925 2351 unquam
947 2296 1216 2350 reprehensum
1235 2324 1246 2340 ‚
1277 2294 1338 2334 sed
1364 2294 1516 2332 laudata
1542 2293 1629 2331 sunt
1649 2293 1780 2331 omnia
1795 2321 1807 2338 ,
1839 2301 1898 2330 ta-

500 2380 593 2405 men
613 2367 644 2404 is
664 2365 789 2404 oberit
809 2364 1072 2403 honestiffimo
1092 2362 1174 2400 filio
1197 2370 1301 2414 pater
1317 2390 1328 2406 ,
1360 2360 1428 2413 qui
1455 2359 1515 2398 vel
1542 2359 1673 2397 minus
1694 2357 1899 2398 honestum.

502 2442 539 2472 et
560 2434 729 2471 alienum
751 2432 863 2479 tueri,
894 2431 954 2470 vel
976 2430 1197 2470 auctoritate
1218 2428 1294 2475 sua,
1315 2428 1374 2467 vel
1396 2427 1530 2481 gratia,
1561 2425 1704 2480 poffit?
