2212 2835
459 163 538 202 344
885 146 1289 184 ORATIO
1367 147 1419 184 II.

458 250 639 289 Kalendis
656 248 828 300 Januarii
849 247 961 288 tertio
980 247 1067 285 loco
1085 247 1312 285 sententiam
1328 260 1491 299 rogaras,
1511 248 1759 287 constriCtum
1774 249 1852 288 ini-

456 317 570 355 micis
600 314 822 367 reipublicae
853 314 1067 353 tradidisti:
1100 322 1143 352 tu
1174 327 1310 352 meum
1340 328 1554 366 generum,
1587 315 1855 368 propinquum

457 392 570 420 tuum
585 411 595 426 ,
629 391 670 420 tu
691 382 847 420 affinem
868 390 976 420 tuam
993 411 1004 427 ,
1034 381 1156 420 filiam
1178 395 1304 420 meam
1319 410 1330 425 ‚
1362 381 1634 434 superbiffimis
1655 391 1694 420 et
1713 382 1853 420 crude-

456 449 604 486 liffimis
626 448 751 487 verbis
771 462 792 486 a
809 448 973 501 genibus
995 448 1071 486 tuis
1091 447 1280 501 repulisti:
1304 448 1485 501 idemque
1507 457 1562 493 tu,
1584 447 1793 487 clementia
1811 462 1856 487 ae

426 518 431 525 f
457 515 713 554 misericordia
734 515 914 568 fingulari
931 544 944 560 ,
974 529 1068 554 cum
1094 528 1167 567 ego
1194 528 1268 555 una
1294 522 1385 553 cum
1409 515 1607 568 republica
1626 529 1704 554 non
1727 515 1854 554 tribu-

457 583 555 620 nitio
574 612 585 626 ,
615 582 677 620 sed
707 582 925 628 consulari,
957 583 1036 620 ietu
1064 581 1312 620 concidiffem
1330 611 1340 627 ‚
1373 591 1480 620 tanto
1510 582 1654 621 scelerev
1674 592 1856 634 tantaque

456 649 754 702 intemperantia
779 648 913 694 fuisti,
945 658 989 686 ut
1019 662 1067 686 ne
1094 662 1211 686 unam
1236 648 1397 700 quidem
1423 647 1559 687 horam
1586 648 1759 686 i'ntereffe
1786 662 1856 701 pa-

457 725 575 752 terere
596 717 695 752 inter
715 729 842 752 meam
861 715 1004 767 pestem
1023 743 1034 758 ‚
1065 723 1103 752 et
1131 724 1238 752 tuam
1258 716 1424 766 praedam
1441 734 1452 760 3
1484 715 1619 754 saltem
1640 716 1736 754 dum
1757 729 1854 754 con-

455 781 651 819 ticesceret
682 781 748 818 illa
782 780 1007 818 lamentatio
1044 789 1083 818 et
1119 780 1289 832 gemitus
1330 780 1450 819 urbis.
1492 782 1686 820 Nondum
1726 782 1853 834 palam

456 847 601 885 faetum
632 856 710 884 erat
741 846 920 884 occidiffe
949 846 1235 900 rempublicam
1253 874 1264 891 ,
1300 860 1394 884 cum
1424 847 1497 884 tibi
1523 847 1680 885 arbitria
1707 846 1853 886 funeris

455 913 714 952 solvebantur.
748 915 841 952 Uno
866 913 1082 966 eodemque
1110 922 1285 966 tempore
1305 913 1445 952 domus
1466 927 1552 952 mea
1572 913 1826 967 diripiebatur
1841 941 1854 958 ,

454 981 609 1018 ardebat
617 999 627 1025 ς
648 981 749 1020 bona
767 981 813 1019 ad
834 981 1009 1019 vicinum
1024 980 1223 1018 consulem
1243 979 1290 1018 de
1310 980 1471 1025 Palatio,
1494 980 1540 1018 de
1562 980 1786 1019 Tusculano
1806 980 1855 1019 ad

455 1048 551 1085 item
581 1048 757 1086 vicinum
785 1047 950 1086 alterum
977 1047 1177 1086 consulem
1195 1076 1207 1092 ,
1238 1046 1534 1086 deferebantur:
1559 1048 1660 1086 'cum
1676 1076 1687 1093 ‚
1719 1047 1855 1086 iisdem

454 1115 579 1167 operis
615 1114 839 1168 suffragium
873 1114 1112 1160 ferentibus,
1143 1114 1278 1153 eodem
1314 1115 1522 1168 gladiatore
1556 1115 1703 1160 latore,
1734 1128 1856 1154 vacuo

455 1196 532 1220 non
555 1183 672 1220 modo
693 1196 713 1220 a
734 1183 859 1227 bonis,
891 1182 952 1220 sed
973 1183 1090 1220 etiam
1110 1196 1130 1220 a
1150 1182 1295 1226 liberis,
1327 1191 1441 1234 atque
1463 1182 1568 1219 inani
1587 1180 1688 1227 foro,
1719 1182 1855 1235 ignaro

455 1250 601 1302 populo
623 1251 803 1287 Romano
824 1249 918 1301 quid
940 1258 1113 1301 ageretur
1129 1278 1140 1293 ‚
1172 1248 1300 1286 senatu
1321 1262 1409 1286 vero
1429 1248 1602 1301 oppress'o
1622 1257 1660 1287 et
1680 1248 1823 1287 afflicto
1841 1277 1854 1293 ,

456 1316 606 1353 duobus
628 1316 760 1369 impiis
781 1315 1012 1367 nefariisque
1031 1315 1252 1354 consulibus
1274 1316 1464 1358 aerarium,
1485 1315 1706 1367 provinciae,
1729 1314 1854 1368 legio-

455 1395 535 1426 nes,
567 1383 742 1435 imperia,
773 1382 1027 1420 donabantur.

511 1450 625 1487 VIII.
659 1450 816 1487 Horum
851 1448 1054 1487 consulum
1089 1448 1216 1485 ruinas
1252 1460 1318 1485 vos
1352 1447 1527 1485 consules
1559 1447 1679 1485 vestra
1711 1447 1856 1486 virtute

454 1513 621 1560 fulsistis,
640 1516 790 1554 summa
810 1516 1058 1553 tribunorum
1078 1513 1204 1567 plebis
1224 1522 1513 1566 praetorumque
1532 1513 1608 1552 fide
1628 1522 1666 1552 et
1686 1514 1855 1567 diligen-

456 1584 506 1620 tia
526 1583 720 1621 sublevati.
741 1581 849 1635 Qid
868 1596 939 1635 ego
960 1581 1006 1620 de
1025 1580 1328 1635 praestantiffimo
1349 1581 1443 1626 viro,
1461 1582 1514 1620 T.
1530 1581 1678 1626 Annio,
1700 1580 1854 1619 dicam?

454 1659 519 1686 aut
545 1650 631 1701 quis
655 1649 706 1687 -de
734 1650 798 1687 tali
825 1649 908 1687 cive
933 1648 1019 1687 satis
1040 1648 1156 1700 digne
1175 1661 1349 1700 unquam
1371 1647 1585 1700 loquetur?
1617 1648 1701 1700 Qi
1718 1676 1729 1692 ,
1760 1660 1856 1686 cum

454 1715 598 1754 videret
614 1746 623 1761 ‚
655 1716 879 1754 sceleratum
905 1715 1034 1754 eivem
1051 1743 1063 1760 ,
1094 1723 1160 1752 aut
1184 1713 1442 1751 domestiCum
1463 1714 1594 1766 potius
1614 1712 1765 1752 hostem
1781 1742 1794 1758 ‚
1824 1712 1853 1752 fi

457 1782 606 1835 legibus
645 1784 702 1820 uti
738 1783 884 1827 liceret,
909 1781 1061 1834 judicio
1096 1780 1166 1818 effe
1196 1779 1482 1832 frangendum;
1513 1780 1568 1817 sin
1602 1779 1680 1832 ipsa
1704 1780 1855 1831 judicia

455 1849 510 1885 vis
545 1849 751 1901 impediret
784 1861 826 1886 ac
862 1848 1026 1892 tolleret,
1062 1846 1261 1885 audaciam
1296 1846 1451 1890 virtute,
1487 1845 1659 1884 furorem
1692 1845 1852 1884 fortitu-

455 1914 557 1958 dine,
590 1916 846 1953 temeritatem
867 1914 1041 1959 consilio,
1065 1926 1226 1952 manum
1248 1926 1380 1957 manu,
1402 1912 1484 1950 vim
1505 1913 1556 1957 vi,
1579 1912 1649 1951 effe
1671 1912 1851 1965 superan-

455 1983 572 2022 dam:
605 1983 733 2036 primo
765 1983 813 2021 de
847 1984 884 2021 vi
919 1983 1137 2036 postulavit.
1171 1982 1422 2034 Posteaquam
1457 1982 1503 2019 ab
1535 1981 1671 2019 eodem
1703 1981 1855 2033 judicia

455 2049 600 2087 sublata
619 2048 689 2087 effe
710 2049 833 2094 vidit;
867 2063 913 2088 nc
933 2050 999 2087 ille
1019 2049 1151 2087 omnia
1171 2048 1207 2086 vi
1230 2048 1348 2101 postet
1369 2048 1518 2086 efficere
1535 2076 1545 2092 ,
1577 2048 1724 2085 curavit
1743 2062 1751 2086 :
1784 2048 1854 2101 qui

455 2116 611 2160 docuit,
646 2129 769 2168 neque
792 2118 887 2154 te&a
905 2146 915 2161 ,
947 2130 1071 2169 neque
1092 2115 1261 2168 templa,
1294 2128 1418 2166 neque
1439 2113 1569 2151 forum
1587 2143 1599 2159 ,
1630 2127 1755 2166 neque
1780 2128 1852 2152 cu-

454 2185 571 2228 riam,
605 2183 678 2221 fine
699 2183 849 2221 summa
869 2184 1028 2227 virtute,
1060 2196 1101 2220 ac
1123 2182 1304 2220 maximis
1326 2182 1464 2234 opibus
1485 2189 1523 2218 et
1544 2181 1689 2234 copiis,
1721 2181 1767 2218 ab
1788 2181 1850 2218 in-

455 2251 591 2288 testino
622 2250 824 2288 latrocinio
853 2250 953 2303 poffe
979 2249 1160 2288 defendi:
1194 2249 1261 2302 qui
1289 2249 1437 2301 primus
1456 2277 1467 2293 ,
1499 2248 1582 2300 post
1609 2261 1743 2286 meum
1774 2247 1851 2286 dis-

455 2320 597 2357 ceffum
613 2349 623 2364 ‚
656 2328 805 2356 metum
829 2319 938 2356 bonis
953 2348 964 2363 ‚
996 2318 1100 2371 spem
1121 2317 1350 2361 audacibus,
1383 2317 1564 2354 timorem
1585 2314 1678 2354 huic
1699 2315 1850 2360 ordini,

455 2386 676 2424 servitutem
699 2386 847 2438 depulit
867 2385 1028 2423 civitati.
1770 2380 1773 2387 ”

513 2454 642 2505 Qam
665 2453 852 2491 rationem
873 2453 954 2506 pari
974 2452 1128 2497 virtute,
1159 2451 1302 2496 animo,
1336 2449 1424 2496 fide,
1457 2451 1501 2489 P.
1525 2450 1675 2488 Sextius
1702 2448 1850 2486 secutus
