<?xml version="1.0" encoding="UTF-8"?>
<!DOCTYPE html PUBLIC "-//W3C//DTD XHTML 1.0 Transitional//EN"
    "http://www.w3.org/TR/xhtml1/DTD/xhtml1-transitional.dtd">
<html xmlns="http://www.w3.org/1999/xhtml" xml:lang="en" lang="en">
 <head>
  <title>
</title>
<meta http-equiv="Content-Type" content="text/html;charset=utf-8" />
  <meta name='ocr-system' content='tesseract 3.04.00' />
  <meta name='ocr-capabilities' content='ocr_page ocr_carea ocr_par ocr_line ocrx_word'/>
</head>
<body>
  <div class='ocr_page' id='page_1' title='image "./operacumindicibu05ciceuoft_0480.png"; bbox 0 0 2212 2835; ppageno 0'>
   <div class='ocr_carea' id='block_1_1' title="bbox 498 162 1399 218">
    <p class='ocr_par' dir='ltr' id='par_1_1' title="bbox 498 162 1399 218">
     <span class='ocr_line' id='line_1_1' title="bbox 498 162 1399 218; baseline -0.006 -13"><span class='ocrx_word' id='word_1_1' title='bbox 498 169 581 218; x_wconf 78' lang='lat'><strong>464</strong></span> <span class='ocrx_word' id='word_1_2' title='bbox 997 162 1399 201; x_wconf 91' lang='lat' dir='ltr'><strong>ORATIO</strong></span> 
     </span>
    </p>
   </div>
   <div class='ocr_carea' id='block_1_2' title="bbox 498 261 1946 2524">
    <p class='ocr_par' dir='ltr' id='par_1_2' title="bbox 499 261 1903 586">
     <span class='ocr_line' id='line_1_2' title="bbox 499 261 1898 316; baseline -0.001 -13"><span class='ocrx_word' id='word_1_3' title='bbox 499 266 688 316; x_wconf 82' lang='lat' dir='ltr'><strong>conjicere</strong></span> <span class='ocrx_word' id='word_1_4' title='bbox 709 261 867 301; x_wconf 82' lang='lat' dir='ltr'><strong>noluiffe</strong></span> <span class='ocrx_word' id='word_1_5' title='bbox 884 291 895 308; x_wconf 93' lang='lat'><strong>,</strong></span> <span class='ocrx_word' id='word_1_6' title='bbox 927 275 976 301; x_wconf 89' lang='lat' dir='ltr'><strong>ne</strong></span> <span class='ocrx_word' id='word_1_7' title='bbox 1000 276 1072 315; x_wconf 82' lang='lat' dir='ltr'><strong>ego</strong></span> <span class='ocrx_word' id='word_1_8' title='bbox 1099 275 1184 300; x_wconf 89' lang='lat' dir='ltr'><strong>mea</strong></span> <span class='ocrx_word' id='word_1_9' title='bbox 1210 261 1488 300; x_wconf 88' lang='lat' dir='ltr'><strong>consuetudine</strong></span> <span class='ocrx_word' id='word_1_10' title='bbox 1514 261 1661 314; x_wconf 88' lang='lat' dir='ltr'><strong>aliquid</strong></span> <span class='ocrx_word' id='word_1_11' title='bbox 1687 262 1734 300; x_wconf 92' lang='lat' dir='ltr'><strong>de</strong></span> <span class='ocrx_word' id='word_1_12' title='bbox 1757 261 1898 302; x_wconf 86' lang='lat' dir='ltr'><strong>thenfis</strong></span> 
     </span>
     <span class='ocr_line' id='line_1_3' title="bbox 499 329 1899 382; baseline 0 -13"><span class='ocrx_word' id='word_1_13' title='bbox 499 332 767 369; x_wconf 67' lang='lat' dir='ltr'><strong>misericordiae</strong></span> <span class='ocrx_word' id='word_1_14' title='bbox 787 330 895 368; x_wconf 85' lang='lat' dir='ltr'><strong>causa</strong></span> <span class='ocrx_word' id='word_1_15' title='bbox 914 330 1102 375; x_wconf 89' lang='lat' dir='ltr'><strong>dicerem;</strong></span> <span class='ocrx_word' id='word_1_16' title='bbox 1121 329 1227 382; x_wconf 91' lang='lat' dir='ltr'><strong>quod</strong></span> <span class='ocrx_word' id='word_1_17' title='bbox 1247 331 1287 368; x_wconf 88' lang='lat' dir='ltr'><strong>in</strong></span> <span class='ocrx_word' id='word_1_18' title='bbox 1309 330 1392 368; x_wconf 87' lang='lat' dir='ltr'><strong>aliis</strong></span> <span class='ocrx_word' id='word_1_19' title='bbox 1414 329 1590 368; x_wconf 80' lang='lat' dir='ltr'><strong>aedilibus</strong></span> <span class='ocrx_word' id='word_1_20' title='bbox 1611 339 1697 368; x_wconf 90' lang='lat' dir='ltr'><strong>ante</strong></span> <span class='ocrx_word' id='word_1_21' title='bbox 1713 329 1899 369; x_wconf 74' lang='lat' dir='ltr'><strong>fecissem.</strong></span> 
     </span>
     <span class='ocr_line' id='line_1_4' title="bbox 499 395 1900 450; baseline -0.001 -14"><span class='ocrx_word' id='word_1_22' title='bbox 499 398 695 436; x_wconf 84' lang='lat' dir='ltr'>Nonnihil</span> <span class='ocrx_word' id='word_1_23' title='bbox 718 397 825 450; x_wconf 81' lang='lat' dir='ltr'><strong>egisti</strong></span> <span class='ocrx_word' id='word_1_24' title='bbox 845 397 921 436; x_wconf 92' lang='lat' dir='ltr'><strong>hoc</strong></span> <span class='ocrx_word' id='word_1_25' title='bbox 942 397 1029 435; x_wconf 89' lang='lat' dir='ltr'><strong>loco</strong></span> <span class='ocrx_word' id='word_1_26' title='bbox 1047 412 1055 435; x_wconf 76' lang='grc' dir='ltr'>ε</span> <span class='ocrx_word' id='word_1_27' title='bbox 1089 410 1178 435; x_wconf 89' lang='lat' dir='ltr'><strong>nam</strong></span> <span class='ocrx_word' id='word_1_28' title='bbox 1201 395 1302 435; x_wconf 87' lang='lat' dir='ltr'><strong>mihi</strong></span> <span class='ocrx_word' id='word_1_29' title='bbox 1323 397 1493 450; x_wconf 84' lang='lat' dir='ltr'><strong>eripuisti</strong></span> <span class='ocrx_word' id='word_1_30' title='bbox 1520 406 1793 436; x_wconf 83' lang='lat' dir='ltr'>ornamentum</span> <span class='ocrx_word' id='word_1_31' title='bbox 1814 410 1900 435; x_wconf 89' lang='lat' dir='ltr'><strong>ora-</strong></span> 
     </span>
     <span class='ocr_line' id='line_1_5' title="bbox 500 462 1903 509; baseline -0.002 -5"><span class='ocrx_word' id='word_1_32' title='bbox 500 466 618 504; x_wconf 86' lang='lat' dir='ltr'>tionis</span> <span class='ocrx_word' id='word_1_33' title='bbox 640 479 748 503; x_wconf 84' lang='lat' dir='ltr'><strong>meae.</strong></span> <span class='ocrx_word' id='word_1_34' title='bbox 795 464 1013 503; x_wconf 87' lang='lat' dir='ltr'><strong>Deridebor</strong></span> <span class='ocrx_word' id='word_1_35' title='bbox 1030 493 1040 509; x_wconf 94' lang='lat'><strong>,</strong></span> <span class='ocrx_word' id='word_1_36' title='bbox 1073 464 1098 501; x_wconf 89' lang='lat' dir='ltr'><strong>fi</strong></span> <span class='ocrx_word' id='word_1_37' title='bbox 1120 465 1360 502; x_wconf 83' lang='lat' dir='ltr'><strong>mentionem</strong></span> <span class='ocrx_word' id='word_1_38' title='bbox 1381 462 1601 502; x_wconf 88' lang='lat' dir='ltr'><strong>thensarum</strong></span> <span class='ocrx_word' id='word_1_39' title='bbox 1622 463 1750 502; x_wconf 90' lang='lat' dir='ltr'><strong>fecero</strong></span> <span class='ocrx_word' id='word_1_40' title='bbox 1767 493 1779 509; x_wconf 90' lang='lat'>‚</span> <span class='ocrx_word' id='word_1_41' title='bbox 1810 477 1903 502; x_wconf 90' lang='lat' dir='ltr'><strong>cum</strong></span> 
     </span>
     <span class='ocr_line' id='line_1_6' title="bbox 499 530 1732 586; baseline -0.002 -14"><span class='ocrx_word' id='word_1_42' title='bbox 499 543 541 572; x_wconf 88' lang='lat' dir='ltr'><strong>tu</strong></span> <span class='ocrx_word' id='word_1_43' title='bbox 563 534 601 571; x_wconf 92' lang='lat' dir='ltr'><strong>id</strong></span> <span class='ocrx_word' id='word_1_44' title='bbox 623 532 839 586; x_wconf 74' lang='lat' dir='ltr'><strong>praedixeris</strong></span> <span class='ocrx_word' id='word_1_45' title='bbox 858 546 866 569; x_wconf 92' lang='lat'>:</span> <span class='ocrx_word' id='word_1_46' title='bbox 899 532 976 569; x_wconf 87' lang='lat' dir='ltr'><strong>fine</strong></span> <span class='ocrx_word' id='word_1_47' title='bbox 997 530 1137 569; x_wconf 87' lang='lat' dir='ltr'><strong>thenfis</strong></span> <span class='ocrx_word' id='word_1_48' title='bbox 1158 540 1288 569; x_wconf 84' lang='lat' dir='ltr'><strong>autem</strong></span> <span class='ocrx_word' id='word_1_49' title='bbox 1308 530 1404 583; x_wconf 87' lang='lat' dir='ltr'><strong>quid</strong></span> <span class='ocrx_word' id='word_1_50' title='bbox 1424 540 1557 583; x_wconf 87' lang='lat' dir='ltr'><strong>potero</strong></span> <span class='ocrx_word' id='word_1_51' title='bbox 1575 531 1701 569; x_wconf 80' lang='lat' dir='ltr'><strong>dicere</strong></span> <span class='ocrx_word' id='word_1_52' title='bbox 1719 532 1732 569; x_wconf 89' lang='lat'>?</span> 
     </span>
    </p>

    <p class='ocr_par' dir='ltr' id='par_1_3' title="bbox 498 596 1905 1173">
     <span class='ocr_line' id='line_1_7' title="bbox 555 596 1902 650; baseline -0.004 -10"><span class='ocrx_word' id='word_1_53' title='bbox 555 602 637 640; x_wconf 90' lang='lat' dir='ltr'><strong>Hic</strong></span> <span class='ocrx_word' id='word_1_54' title='bbox 669 601 787 638; x_wconf 84' lang='lat' dir='ltr'><strong>etiam</strong></span> <span class='ocrx_word' id='word_1_55' title='bbox 818 598 994 636; x_wconf 88' lang='lat' dir='ltr'><strong>addidisti</strong></span> <span class='ocrx_word' id='word_1_56' title='bbox 1013 628 1023 643; x_wconf 92' lang='lat'>‚</span> <span class='ocrx_word' id='word_1_57' title='bbox 1055 612 1119 637; x_wconf 89' lang='lat' dir='ltr'><strong>me</strong></span> <span class='ocrx_word' id='word_1_58' title='bbox 1151 598 1296 636; x_wconf 87' lang='lat' dir='ltr'><strong>idcirco</strong></span> <span class='ocrx_word' id='word_1_59' title='bbox 1328 611 1414 636; x_wconf 89' lang='lat' dir='ltr'><strong>mea</strong></span> <span class='ocrx_word' id='word_1_60' title='bbox 1448 597 1533 650; x_wconf 86' lang='lat' dir='ltr'><strong>lege</strong></span> <span class='ocrx_word' id='word_1_61' title='bbox 1567 611 1614 637; x_wconf 84' lang='lat' dir='ltr'><strong>ex</strong></span> <span class='ocrx_word' id='word_1_62' title='bbox 1647 597 1718 636; x_wconf 90' lang='lat' dir='ltr'><strong>isto</strong></span> <span class='ocrx_word' id='word_1_63' title='bbox 1748 596 1902 635; x_wconf 89' lang='lat' dir='ltr'><strong>ambitu</strong></span> 
     </span>
     <span class='ocr_line' id='line_1_8' title="bbox 498 663 1902 718; baseline -0.006 -9"><span class='ocrx_word' id='word_1_64' title='bbox 498 669 675 713; x_wconf 82' lang='lat' dir='ltr'><strong>traxiffe‚</strong></span> <span class='ocrx_word' id='word_1_65' title='bbox 707 677 750 705; x_wconf 90' lang='lat' dir='ltr'><strong>ut</strong></span> <span class='ocrx_word' id='word_1_66' title='bbox 784 665 1073 703; x_wconf 84' lang='lat' dir='ltr'><strong>miserabiliores</strong></span> <span class='ocrx_word' id='word_1_67' title='bbox 1107 665 1281 718; x_wconf 80' lang='lat' dir='ltr'><strong>epilogos</strong></span> <span class='ocrx_word' id='word_1_68' title='bbox 1314 663 1458 718; x_wconf 81' lang='lat' dir='ltr'><strong>poffem</strong></span> <span class='ocrx_word' id='word_1_69' title='bbox 1489 665 1629 703; x_wconf 88' lang='lat' dir='ltr'><strong>dicere.</strong></span> <span class='ocrx_word' id='word_1_70' title='bbox 1662 665 1757 704; x_wconf 89' lang='lat' dir='ltr'><strong>Non</strong></span> <span class='ocrx_word' id='word_1_71' title='bbox 1791 663 1902 701; x_wconf 85' lang='lat' dir='ltr'><strong>vobis</strong></span> 
     </span>
     <span class='ocr_line' id='line_1_9' title="bbox 499 729 1900 784; baseline -0.005 -10"><span class='ocrx_word' id='word_1_72' title='bbox 499 737 630 774; x_wconf 85' lang='lat' dir='ltr'><strong>videor</strong></span> <span class='ocrx_word' id='word_1_73' title='bbox 650 748 742 772; x_wconf 88' lang='lat' dir='ltr'><strong>cum</strong></span> <span class='ocrx_word' id='word_1_74' title='bbox 762 733 892 784; x_wconf 88' lang='lat' dir='ltr'><strong>aliquo</strong></span> <span class='ocrx_word' id='word_1_75' title='bbox 913 731 1169 768; x_wconf 83' lang='lat' dir='ltr'><strong>declamatore</strong></span> <span class='ocrx_word' id='word_1_76' title='bbox 1185 759 1196 775; x_wconf 96' lang='lat'><strong>,</strong></span> <span class='ocrx_word' id='word_1_77' title='bbox 1228 743 1306 767; x_wconf 90' lang='lat' dir='ltr'><strong>non</strong></span> <span class='ocrx_word' id='word_1_78' title='bbox 1330 743 1421 767; x_wconf 91' lang='lat' dir='ltr'><strong>cum</strong></span> <span class='ocrx_word' id='word_1_79' title='bbox 1449 730 1588 768; x_wconf 85' lang='lat' dir='ltr'><strong>laboris</strong></span> <span class='ocrx_word' id='word_1_80' title='bbox 1617 739 1656 769; x_wconf 89' lang='lat' dir='ltr'><strong>et</strong></span> <span class='ocrx_word' id='word_1_81' title='bbox 1683 730 1758 769; x_wconf 90' lang='lat' dir='ltr'><strong>fori</strong></span> <span class='ocrx_word' id='word_1_82' title='bbox 1786 729 1900 768; x_wconf 92' lang='lat' dir='ltr'><strong>disci-</strong></span> 
     </span>
     <span class='ocr_line' id='line_1_10' title="bbox 499 795 1899 855; baseline -0.004 -15"><span class='ocrx_word' id='word_1_83' title='bbox 499 802 606 855; x_wconf 88' lang='lat' dir='ltr'><strong>pulo,</strong></span> <span class='ocrx_word' id='word_1_84' title='bbox 638 799 860 853; x_wconf 84' lang='lat' dir='ltr'><strong>disputare?</strong></span> <span class='ocrx_word' id='word_1_85' title='bbox 893 796 1026 836; x_wconf 88' lang='lat' dir='ltr'><strong>Rhodi</strong></span> <span class='ocrx_word' id='word_1_86' title='bbox 1047 797 1167 841; x_wconf 89' lang='lat' dir='ltr'><strong>enim,</strong></span> <span class='ocrx_word' id='word_1_87' title='bbox 1198 796 1342 848; x_wconf 89' lang='lat' dir='ltr'><strong>inquit,</strong></span> <span class='ocrx_word' id='word_1_88' title='bbox 1365 808 1442 833; x_wconf 92' lang='lat' dir='ltr'><strong>non</strong></span> <span class='ocrx_word' id='word_1_89' title='bbox 1464 795 1550 833; x_wconf 86' lang='lat' dir='ltr'><strong>fui:</strong></span> <span class='ocrx_word' id='word_1_90' title='bbox 1583 809 1647 834; x_wconf 89' lang='lat' dir='ltr'><strong>me</strong></span> <span class='ocrx_word' id='word_1_91' title='bbox 1667 797 1752 834; x_wconf 91' lang='lat' dir='ltr'><strong>vult</strong></span> <span class='ocrx_word' id='word_1_92' title='bbox 1775 795 1899 834; x_wconf 80' lang='lat' dir='ltr'><strong>fuisse.</strong></span> 
     </span>
     <span class='ocr_line' id='line_1_11' title="bbox 501 861 1900 919; baseline -0.004 -12"><span class='ocrx_word' id='word_1_93' title='bbox 501 869 574 907; x_wconf 84' lang='lat' dir='ltr'><strong>Sed</strong></span> <span class='ocrx_word' id='word_1_94' title='bbox 595 867 666 912; x_wconf 86' lang='lat' dir='ltr'><strong>fui,</strong></span> <span class='ocrx_word' id='word_1_95' title='bbox 686 866 828 919; x_wconf 87' lang='lat' dir='ltr'><strong>inquit,</strong></span> <span class='ocrx_word' id='word_1_96' title='bbox 851 865 1052 918; x_wconf 86' lang='lat' dir='ltr'><strong>(putabam</strong></span> <span class='ocrx_word' id='word_1_97' title='bbox 1073 864 1114 901; x_wconf 92' lang='lat' dir='ltr'><strong>in</strong></span> <span class='ocrx_word' id='word_1_98' title='bbox 1136 862 1541 913; x_wconf 66' lang='lat' dir='ltr'><strong>Vaccaeisdie&#39;turum)</strong></span> <span class='ocrx_word' id='word_1_99' title='bbox 1565 861 1623 900; x_wconf 90' lang='lat' dir='ltr'><strong>bis</strong></span> <span class='ocrx_word' id='word_1_100' title='bbox 1642 862 1682 900; x_wconf 91' lang='lat' dir='ltr'><strong>in</strong></span> <span class='ocrx_word' id='word_1_101' title='bbox 1704 861 1900 914; x_wconf 89' lang='lat' dir='ltr'><strong>Bithynia.</strong></span> 
     </span>
     <span class='ocr_line' id='line_1_12' title="bbox 501 928 1902 985; baseline -0.004 -12"><span class='ocrx_word' id='word_1_102' title='bbox 501 936 539 974; x_wconf 84' lang='lat' dir='ltr'><strong>Si</strong></span> <span class='ocrx_word' id='word_1_103' title='bbox 561 935 668 973; x_wconf 83' lang='lat' dir='ltr'><strong>locus</strong></span> <span class='ocrx_word' id='word_1_104' title='bbox 689 932 805 972; x_wconf 88' lang='lat' dir='ltr'><strong>habet</strong></span> <span class='ocrx_word' id='word_1_105' title='bbox 826 930 1128 985; x_wconf 74' lang='lat' dir='ltr'><strong>reprehensionis</strong></span> <span class='ocrx_word' id='word_1_106' title='bbox 1149 930 1277 968; x_wconf 84' lang='lat' dir='ltr'><strong>ansam</strong></span> <span class='ocrx_word' id='word_1_107' title='bbox 1299 929 1485 981; x_wconf 86' lang='lat' dir='ltr'><strong>aliquam,</strong></span> <span class='ocrx_word' id='word_1_108' title='bbox 1504 928 1631 967; x_wconf 90' lang='lat' dir='ltr'><strong>nescio</strong></span> <span class='ocrx_word' id='word_1_109' title='bbox 1649 942 1719 967; x_wconf 92' lang='lat' dir='ltr'><strong>cur</strong></span> <span class='ocrx_word' id='word_1_110' title='bbox 1738 928 1902 968; x_wconf 90' lang='lat' dir='ltr'><strong>severio-</strong></span> 
     </span>
     <span class='ocr_line' id='line_1_13' title="bbox 500 995 1902 1052; baseline -0.006 -11"><span class='ocrx_word' id='word_1_111' title='bbox 500 1016 581 1041; x_wconf 89' lang='lat' dir='ltr'><strong>rem</strong></span> <span class='ocrx_word' id='word_1_112' title='bbox 616 1001 794 1040; x_wconf 80' lang='lat' dir='ltr'><strong>Nicaeam</strong></span> <span class='ocrx_word' id='word_1_113' title='bbox 831 1007 958 1052; x_wconf 84' lang='lat' dir='ltr'><strong>putes,</strong></span> <span class='ocrx_word' id='word_1_114' title='bbox 990 1011 1108 1051; x_wconf 89' lang='lat' dir='ltr'><strong>quam</strong></span> <span class='ocrx_word' id='word_1_115' title='bbox 1140 996 1361 1036; x_wconf 85' lang='lat' dir='ltr'><strong>Rhodum:</strong></span> <span class='ocrx_word' id='word_1_116' title='bbox 1393 996 1418 1034; x_wconf 86' lang='lat' dir='ltr'>fi</span> <span class='ocrx_word' id='word_1_117' title='bbox 1452 995 1650 1048; x_wconf 65' lang='lat' dir='ltr'><strong>speetanda</strong></span> <span class='ocrx_word' id='word_1_118' title='bbox 1680 995 1789 1034; x_wconf 89' lang='lat' dir='ltr'><strong>causa</strong></span> <span class='ocrx_word' id='word_1_119' title='bbox 1822 995 1902 1040; x_wconf 88' lang='lat' dir='ltr'><strong>est;</strong></span> 
     </span>
     <span class='ocr_line' id='line_1_14' title="bbox 499 1060 1905 1119; baseline -0.005 -12"><span class='ocrx_word' id='word_1_120' title='bbox 499 1079 537 1107; x_wconf 92' lang='lat' dir='ltr'><strong>et</strong></span> <span class='ocrx_word' id='word_1_121' title='bbox 569 1078 611 1106; x_wconf 87' lang='lat' dir='ltr'><strong>tu</strong></span> <span class='ocrx_word' id='word_1_122' title='bbox 643 1068 682 1105; x_wconf 91' lang='lat' dir='ltr'><strong>in</strong></span> <span class='ocrx_word' id='word_1_123' title='bbox 714 1065 897 1119; x_wconf 87' lang='lat' dir='ltr'><strong>Bithynia</strong></span> <span class='ocrx_word' id='word_1_124' title='bbox 928 1065 1079 1104; x_wconf 87' lang='lat' dir='ltr'><strong>summa</strong></span> <span class='ocrx_word' id='word_1_125' title='bbox 1108 1078 1201 1103; x_wconf 89' lang='lat' dir='ltr'><strong>cum</strong></span> <span class='ocrx_word' id='word_1_126' title='bbox 1232 1063 1420 1116; x_wconf 86' lang='lat' dir='ltr'><strong>dignitate</strong></span> <span class='ocrx_word' id='word_1_127' title='bbox 1451 1062 1571 1109; x_wconf 86' lang='lat' dir='ltr'><strong>fuisti,</strong></span> <span class='ocrx_word' id='word_1_128' title='bbox 1603 1072 1641 1101; x_wconf 93' lang='lat' dir='ltr'><strong>et</strong></span> <span class='ocrx_word' id='word_1_129' title='bbox 1672 1076 1744 1116; x_wconf 86' lang='lat' dir='ltr'><strong>ego</strong></span> <span class='ocrx_word' id='word_1_130' title='bbox 1770 1060 1905 1100; x_wconf 90' lang='lat' dir='ltr'><strong>Rhodi</strong></span> 
     </span>
     <span class='ocr_line' id='line_1_15' title="bbox 500 1135 768 1173; baseline -0.007 0"><span class='ocrx_word' id='word_1_131' title='bbox 500 1149 577 1173; x_wconf 90' lang='lat' dir='ltr'><strong>non</strong></span> <span class='ocrx_word' id='word_1_132' title='bbox 603 1135 768 1172; x_wconf 88' lang='lat' dir='ltr'><strong>minore.</strong></span> 
     </span>
    </p>

    <p class='ocr_par' dir='ltr' id='par_1_4' title="bbox 500 1195 1905 1588">
     <span class='ocr_line' id='line_1_16' title="bbox 556 1195 1904 1253; baseline -0.004 -14"><span class='ocrx_word' id='word_1_133' title='bbox 556 1203 678 1246; x_wconf 91' lang='lat' dir='ltr'><strong>Nam,</strong></span> <span class='ocrx_word' id='word_1_134' title='bbox 711 1199 816 1253; x_wconf 88' lang='lat' dir='ltr'><strong>quod</strong></span> <span class='ocrx_word' id='word_1_135' title='bbox 848 1199 888 1237; x_wconf 88' lang='lat' dir='ltr'><strong>in</strong></span> <span class='ocrx_word' id='word_1_136' title='bbox 923 1212 969 1237; x_wconf 90' lang='lat' dir='ltr'><strong>eo</strong></span> <span class='ocrx_word' id='word_1_137' title='bbox 1003 1211 1065 1236; x_wconf 90' lang='lat' dir='ltr'><strong>me</strong></span> <span class='ocrx_word' id='word_1_138' title='bbox 1098 1196 1386 1251; x_wconf 83' lang='lat' dir='ltr'><strong>reprehendisti,</strong></span> <span class='ocrx_word' id='word_1_139' title='bbox 1418 1196 1525 1250; x_wconf 87' lang='lat' dir='ltr'><strong>quod</strong></span> <span class='ocrx_word' id='word_1_140' title='bbox 1555 1195 1726 1235; x_wconf 90' lang='lat' dir='ltr'><strong>nimium</strong></span> <span class='ocrx_word' id='word_1_141' title='bbox 1758 1195 1904 1234; x_wconf 86' lang='lat' dir='ltr'><strong>multos</strong></span> 
     </span>
     <span class='ocr_line' id='line_1_17' title="bbox 501 1261 1903 1316; baseline -0.006 -9"><span class='ocrx_word' id='word_1_142' title='bbox 501 1267 769 1311; x_wconf 87' lang='lat' dir='ltr'><strong>defenderim;</strong></span> <span class='ocrx_word' id='word_1_143' title='bbox 802 1266 953 1304; x_wconf 86' lang='lat' dir='ltr'><strong>utinam</strong></span> <span class='ocrx_word' id='word_1_144' title='bbox 987 1274 1025 1302; x_wconf 78' lang='lat' dir='ltr'><strong>et</strong></span> <span class='ocrx_word' id='word_1_145' title='bbox 1060 1274 1128 1308; x_wconf 89' lang='lat' dir='ltr'><strong>tu,</strong></span> <span class='ocrx_word' id='word_1_146' title='bbox 1160 1265 1229 1316; x_wconf 87' lang='lat' dir='ltr'><strong>qui</strong></span> <span class='ocrx_word' id='word_1_147' title='bbox 1263 1272 1398 1316; x_wconf 84' lang='lat' dir='ltr'><strong>potes,</strong></span> <span class='ocrx_word' id='word_1_148' title='bbox 1430 1272 1468 1301; x_wconf 90' lang='lat' dir='ltr'><strong>et</strong></span> <span class='ocrx_word' id='word_1_149' title='bbox 1502 1263 1656 1307; x_wconf 80' lang='lat' dir='ltr'><strong>caeteri‚</strong></span> <span class='ocrx_word' id='word_1_150' title='bbox 1688 1263 1757 1315; x_wconf 91' lang='lat' dir='ltr'><strong>qui</strong></span> <span class='ocrx_word' id='word_1_151' title='bbox 1789 1261 1903 1300; x_wconf 91' lang='lat' dir='ltr'><strong>defu-</strong></span> 
     </span>
     <span class='ocr_line' id='line_1_18' title="bbox 501 1318 1903 1388; baseline -0.006 -15"><span class='ocrx_word' id='word_1_152' title='bbox 501 1335 628 1388; x_wconf 81' lang='lat' dir='ltr'><strong>giunt,</strong></span> <span class='ocrx_word' id='word_1_153' title='bbox 662 1334 804 1371; x_wconf 89' lang='lat' dir='ltr'><strong>vellent</strong></span> <span class='ocrx_word' id='word_1_154' title='bbox 834 1318 1058 1369; x_wconf 59' lang='lat' dir='ltr'><strong>me&#39;labore</strong></span> <span class='ocrx_word' id='word_1_155' title='bbox 1088 1329 1164 1368; x_wconf 90' lang='lat' dir='ltr'><strong>hoc</strong></span> <span class='ocrx_word' id='word_1_156' title='bbox 1192 1329 1340 1367; x_wconf 87' lang='lat' dir='ltr'><strong>levare!</strong></span> <span class='ocrx_word' id='word_1_157' title='bbox 1375 1330 1446 1367; x_wconf 87' lang='lat' dir='ltr'><strong>Sed</strong></span> <span class='ocrx_word' id='word_1_158' title='bbox 1472 1329 1518 1367; x_wconf 89' lang='lat' dir='ltr'><strong>fit</strong></span> <span class='ocrx_word' id='word_1_159' title='bbox 1544 1329 1662 1366; x_wconf 90' lang='lat' dir='ltr'><strong>vestra</strong></span> <span class='ocrx_word' id='word_1_160' title='bbox 1687 1328 1903 1381; x_wconf 85' lang='lat' dir='ltr'><strong>diligentia,</strong></span> 
     </span>
     <span class='ocr_line' id='line_1_19' title="bbox 501 1395 1904 1455; baseline -0.005 -15"><span class='ocrx_word' id='word_1_161' title='bbox 501 1403 570 1455; x_wconf 88' lang='lat' dir='ltr'><strong>qui</strong></span> <span class='ocrx_word' id='word_1_162' title='bbox 603 1403 643 1439; x_wconf 88' lang='lat' dir='ltr'><strong>in</strong></span> <span class='ocrx_word' id='word_1_163' title='bbox 677 1400 795 1439; x_wconf 85' lang='lat' dir='ltr'><strong>caufis</strong></span> <span class='ocrx_word' id='word_1_164' title='bbox 829 1397 1083 1452; x_wconf 83' lang='lat' dir='ltr'><strong>ponderandis</strong></span> <span class='ocrx_word' id='word_1_165' title='bbox 1118 1410 1252 1435; x_wconf 87' lang='lat' dir='ltr'><strong>omnes</strong></span> <span class='ocrx_word' id='word_1_166' title='bbox 1288 1395 1366 1434; x_wconf 83' lang='lat' dir='ltr'><strong>fere</strong></span> <span class='ocrx_word' id='word_1_167' title='bbox 1401 1396 1608 1449; x_wconf 86' lang='lat' dir='ltr'><strong>repudiatis</strong></span> <span class='ocrx_word' id='word_1_168' title='bbox 1626 1425 1637 1442; x_wconf 90' lang='lat'>‚</span> <span class='ocrx_word' id='word_1_169' title='bbox 1675 1405 1719 1434; x_wconf 87' lang='lat' dir='ltr'><strong>ut</strong></span> <span class='ocrx_word' id='word_1_170' title='bbox 1754 1396 1800 1434; x_wconf 89' lang='lat' dir='ltr'><strong>ad</strong></span> <span class='ocrx_word' id='word_1_171' title='bbox 1834 1408 1904 1434; x_wconf 87' lang='lat' dir='ltr'><strong>nos</strong></span> 
     </span>
     <span class='ocr_line' id='line_1_20' title="bbox 502 1461 1905 1521; baseline -0.005 -14"><span class='ocrx_word' id='word_1_172' title='bbox 502 1470 693 1521; x_wconf 81' lang='lat' dir='ltr'><strong>pleraeque</strong></span> <span class='ocrx_word' id='word_1_173' title='bbox 723 1466 945 1509; x_wconf 85' lang='lat' dir='ltr'><strong>confluant,</strong></span> <span class='ocrx_word' id='word_1_174' title='bbox 977 1465 1046 1516; x_wconf 89' lang='lat' dir='ltr'><strong>qui</strong></span> <span class='ocrx_word' id='word_1_175' title='bbox 1081 1463 1227 1502; x_wconf 89' lang='lat' dir='ltr'><strong>miseris</strong></span> <span class='ocrx_word' id='word_1_176' title='bbox 1261 1472 1299 1501; x_wconf 91' lang='lat' dir='ltr'><strong>et</strong></span> <span class='ocrx_word' id='word_1_177' title='bbox 1331 1462 1597 1502; x_wconf 86' lang='lat' dir='ltr'><strong>laborantibus</strong></span> <span class='ocrx_word' id='word_1_178' title='bbox 1632 1461 1734 1501; x_wconf 89' lang='lat' dir='ltr'><strong>nihil</strong></span> <span class='ocrx_word' id='word_1_179' title='bbox 1769 1476 1905 1516; x_wconf 87' lang='lat' dir='ltr'><strong>negare</strong></span> 
     </span>
     <span class='ocr_line' id='line_1_21' title="bbox 500 1534 713 1588; baseline -0.014 -14"><span class='ocrx_word' id='word_1_180' title='bbox 500 1534 713 1588; x_wconf 59' lang='lat' dir='ltr'><strong>possumus</strong></span> 
     </span>
    </p>

    <p class='ocr_par' dir='ltr' id='par_1_5' title="bbox 502 1595 1908 2057">
     <span class='ocr_line' id='line_1_22' title="bbox 557 1595 1908 1651; baseline -0.004 -11"><span class='ocrx_word' id='word_1_181' title='bbox 557 1599 808 1641; x_wconf 87' lang='lat' dir='ltr'><strong>Admonuisti</strong></span> <span class='ocrx_word' id='word_1_182' title='bbox 829 1599 946 1637; x_wconf 87' lang='lat' dir='ltr'><strong>etiam</strong></span> <span class='ocrx_word' id='word_1_183' title='bbox 964 1628 975 1644; x_wconf 89' lang='lat'>‚</span> <span class='ocrx_word' id='word_1_184' title='bbox 1007 1598 1112 1651; x_wconf 88' lang='lat' dir='ltr'><strong>quod</strong></span> <span class='ocrx_word' id='word_1_185' title='bbox 1133 1598 1172 1636; x_wconf 90' lang='lat' dir='ltr'><strong>in</strong></span> <span class='ocrx_word' id='word_1_186' title='bbox 1195 1598 1311 1636; x_wconf 89' lang='lat' dir='ltr'><strong>Creta</strong></span> <span class='ocrx_word' id='word_1_187' title='bbox 1329 1596 1458 1635; x_wconf 78' lang='lat' dir='ltr'><strong>fuiffes</strong></span> <span class='ocrx_word' id='word_1_188' title='bbox 1477 1626 1487 1642; x_wconf 92' lang='lat'><strong><em>‚</em></strong></span> <span class='ocrx_word' id='word_1_189' title='bbox 1519 1597 1668 1635; x_wconf 64' lang='lat' dir='ltr'><strong>dietum</strong></span> <span class='ocrx_word' id='word_1_190' title='bbox 1688 1595 1847 1650; x_wconf 87' lang='lat' dir='ltr'><strong>aliquod</strong></span> <span class='ocrx_word' id='word_1_191' title='bbox 1866 1596 1908 1634; x_wconf 90' lang='lat' dir='ltr'><strong>in</strong></span> 
     </span>
     <span class='ocr_line' id='line_1_23' title="bbox 503 1663 1905 1723; baseline -0.003 -18"><span class='ocrx_word' id='word_1_192' title='bbox 503 1670 689 1723; x_wconf 81' lang='lat' dir='ltr'><strong>petitione</strong></span> <span class='ocrx_word' id='word_1_193' title='bbox 711 1678 775 1706; x_wconf 85' lang='lat' dir='ltr'><strong>tua</strong></span> <span class='ocrx_word' id='word_1_194' title='bbox 795 1666 872 1704; x_wconf 86' lang='lat' dir='ltr'><strong>dici</strong></span> <span class='ocrx_word' id='word_1_195' title='bbox 893 1665 1080 1719; x_wconf 79' lang='lat' dir='ltr'><strong>potuiffe3</strong></span> <span class='ocrx_word' id='word_1_196' title='bbox 1101 1678 1164 1703; x_wconf 89' lang='lat' dir='ltr'><strong>me</strong></span> <span class='ocrx_word' id='word_1_197' title='bbox 1183 1665 1223 1703; x_wconf 90' lang='lat' dir='ltr'><strong>id</strong></span> <span class='ocrx_word' id='word_1_198' title='bbox 1243 1664 1459 1718; x_wconf 86' lang='lat' dir='ltr'><strong>perdidiffe.</strong></span> <span class='ocrx_word' id='word_1_199' title='bbox 1479 1665 1576 1702; x_wconf 85' lang='lat' dir='ltr'><strong>Uter</strong></span> <span class='ocrx_word' id='word_1_200' title='bbox 1596 1663 1715 1717; x_wconf 85' lang='lat' dir='ltr'><strong>igitur</strong></span> <span class='ocrx_word' id='word_1_201' title='bbox 1730 1663 1905 1702; x_wconf 90' lang='lat' dir='ltr'><strong>nostrum</strong></span> 
     </span>
     <span class='ocr_line' id='line_1_24' title="bbox 502 1729 1902 1789; baseline -0.005 -15"><span class='ocrx_word' id='word_1_202' title='bbox 502 1737 555 1775; x_wconf 85' lang='lat' dir='ltr'><strong>est</strong></span> <span class='ocrx_word' id='word_1_203' title='bbox 573 1736 750 1789; x_wconf 84' lang='lat' dir='ltr'><strong>cupidior</strong></span> <span class='ocrx_word' id='word_1_204' title='bbox 771 1734 862 1772; x_wconf 67' lang='lat' dir='ltr'><strong>dieti</strong></span> <span class='ocrx_word' id='word_1_205' title='bbox 882 1734 894 1771; x_wconf 93' lang='lat'>?</span> <span class='ocrx_word' id='word_1_206' title='bbox 927 1734 1076 1786; x_wconf 87' lang='lat' dir='ltr'><strong>Egone,</strong></span> <span class='ocrx_word' id='word_1_207' title='bbox 1109 1732 1191 1784; x_wconf 89' lang='lat' dir='ltr'><strong>qui,</strong></span> <span class='ocrx_word' id='word_1_208' title='bbox 1222 1732 1328 1783; x_wconf 91' lang='lat' dir='ltr'><strong>quod</strong></span> <span class='ocrx_word' id='word_1_209' title='bbox 1348 1732 1425 1769; x_wconf 87' lang='lat' dir='ltr'><strong>dici</strong></span> <span class='ocrx_word' id='word_1_210' title='bbox 1446 1731 1588 1783; x_wconf 89' lang='lat' dir='ltr'><strong>potuit,</strong></span> <span class='ocrx_word' id='word_1_211' title='bbox 1612 1744 1689 1769; x_wconf 89' lang='lat' dir='ltr'><strong>non</strong></span> <span class='ocrx_word' id='word_1_212' title='bbox 1710 1729 1873 1768; x_wconf 83' lang='lat' dir='ltr'><strong>dixerim</strong></span> <span class='ocrx_word' id='word_1_213' title='bbox 1889 1747 1902 1773; x_wconf 80' lang='lat'><em>3</em></span> 
     </span>
     <span class='ocr_line' id='line_1_25' title="bbox 503 1796 1905 1854; baseline -0.006 -12"><span class='ocrx_word' id='word_1_214' title='bbox 503 1818 550 1841; x_wconf 89' lang='lat' dir='ltr'><strong>an</strong></span> <span class='ocrx_word' id='word_1_215' title='bbox 572 1812 627 1848; x_wconf 90' lang='lat' dir='ltr'><strong>tu,</strong></span> <span class='ocrx_word' id='word_1_216' title='bbox 650 1803 718 1854; x_wconf 88' lang='lat' dir='ltr'><strong>qui</strong></span> <span class='ocrx_word' id='word_1_217' title='bbox 738 1802 855 1838; x_wconf 88' lang='lat' dir='ltr'><strong>etiam</strong></span> <span class='ocrx_word' id='word_1_218' title='bbox 875 1800 953 1852; x_wconf 89' lang='lat' dir='ltr'><strong>ipse</strong></span> <span class='ocrx_word' id='word_1_219' title='bbox 973 1801 1013 1837; x_wconf 86' lang='lat' dir='ltr'><strong>in</strong></span> <span class='ocrx_word' id='word_1_220' title='bbox 1034 1807 1071 1836; x_wconf 91' lang='lat' dir='ltr'><strong>te</strong></span> <span class='ocrx_word' id='word_1_221' title='bbox 1092 1798 1262 1836; x_wconf 86' lang='lat' dir='ltr'><strong>dixeris?</strong></span> <span class='ocrx_word' id='word_1_222' title='bbox 1294 1798 1356 1835; x_wconf 89' lang='lat' dir='ltr'><strong>Te</strong></span> <span class='ocrx_word' id='word_1_223' title='bbox 1376 1798 1499 1835; x_wconf 88' lang='lat' dir='ltr'><strong>aiebas</strong></span> <span class='ocrx_word' id='word_1_224' title='bbox 1520 1797 1566 1834; x_wconf 92' lang='lat' dir='ltr'><strong>de</strong></span> <span class='ocrx_word' id='word_1_225' title='bbox 1587 1797 1662 1834; x_wconf 88' lang='lat' dir='ltr'><strong>tuis</strong></span> <span class='ocrx_word' id='word_1_226' title='bbox 1685 1796 1797 1834; x_wconf 87' lang='lat' dir='ltr'><strong>rebus</strong></span> <span class='ocrx_word' id='word_1_227' title='bbox 1818 1796 1905 1848; x_wconf 87' lang='lat' dir='ltr'><strong>ges-</strong></span> 
     </span>
     <span class='ocr_line' id='line_1_26' title="bbox 504 1863 1905 1918; baseline -0.006 -10"><span class='ocrx_word' id='word_1_228' title='bbox 504 1871 553 1908; x_wconf 87' lang='lat' dir='ltr'><strong>tis</strong></span> <span class='ocrx_word' id='word_1_229' title='bbox 575 1867 699 1907; x_wconf 85' lang='lat' dir='ltr'><strong>nullas</strong></span> <span class='ocrx_word' id='word_1_230' title='bbox 721 1869 847 1905; x_wconf 86' lang='lat' dir='ltr'><strong>literas</strong></span> <span class='ocrx_word' id='word_1_231' title='bbox 869 1865 1020 1910; x_wconf 83' lang='lat' dir='ltr'><strong>mififfe,</strong></span> <span class='ocrx_word' id='word_1_232' title='bbox 1052 1865 1158 1918; x_wconf 88' lang='lat' dir='ltr'><strong>quod</strong></span> <span class='ocrx_word' id='word_1_233' title='bbox 1179 1863 1279 1902; x_wconf 85' lang='lat' dir='ltr'><strong>mihi</strong></span> <span class='ocrx_word' id='word_1_234' title='bbox 1300 1878 1409 1908; x_wconf 81' lang='lat' dir='ltr'><strong>meae,</strong></span> <span class='ocrx_word' id='word_1_235' title='bbox 1441 1877 1534 1916; x_wconf 87' lang='lat' dir='ltr'><strong>quas</strong></span> <span class='ocrx_word' id='word_1_236' title='bbox 1555 1864 1601 1901; x_wconf 92' lang='lat' dir='ltr'><strong>ad</strong></span> <span class='ocrx_word' id='word_1_237' title='bbox 1626 1864 1797 1916; x_wconf 84' lang='lat' dir='ltr'><strong>aliquem</strong></span> <span class='ocrx_word' id='word_1_238' title='bbox 1825 1863 1905 1902; x_wconf 87' lang='lat' dir='ltr'><strong>mi-</strong></span> 
     </span>
     <span class='ocr_line' id='line_1_27' title="bbox 504 1929 1906 1985; baseline -0.005 -11"><span class='ocrx_word' id='word_1_239' title='bbox 504 1936 625 1974; x_wconf 82' lang='lat' dir='ltr'><strong>fiffem</strong></span> <span class='ocrx_word' id='word_1_240' title='bbox 645 1964 654 1980; x_wconf 91' lang='lat'><strong><em>‚</em></strong></span> <span class='ocrx_word' id='word_1_241' title='bbox 687 1933 908 1973; x_wconf 83' lang='lat' dir='ltr'><strong>obfuiffent.</strong></span> <span class='ocrx_word' id='word_1_242' title='bbox 942 1934 1050 1985; x_wconf 84' lang='lat' dir='ltr'><strong>Qas</strong></span> <span class='ocrx_word' id='word_1_243' title='bbox 1077 1945 1149 1985; x_wconf 84' lang='lat' dir='ltr'><strong>ego</strong></span> <span class='ocrx_word' id='word_1_244' title='bbox 1176 1930 1277 1969; x_wconf 89' lang='lat' dir='ltr'><strong>mihi</strong></span> <span class='ocrx_word' id='word_1_245' title='bbox 1303 1929 1467 1969; x_wconf 80' lang='lat' dir='ltr'><strong>obfuisse</strong></span> <span class='ocrx_word' id='word_1_246' title='bbox 1495 1944 1572 1969; x_wconf 91' lang='lat' dir='ltr'><strong>non</strong></span> <span class='ocrx_word' id='word_1_247' title='bbox 1593 1930 1797 1983; x_wconf 87' lang='lat' dir='ltr'><strong>intelligo;</strong></span> <span class='ocrx_word' id='word_1_248' title='bbox 1829 1929 1906 1968; x_wconf 92' lang='lat' dir='ltr'><strong>rei-</strong></span> 
     </span>
     <span class='ocr_line' id='line_1_28' title="bbox 503 1999 1186 2057; baseline -0.006 -16"><span class='ocrx_word' id='word_1_249' title='bbox 503 2003 671 2057; x_wconf 79' lang='lat' dir='ltr'><strong>publicae</strong></span> <span class='ocrx_word' id='word_1_250' title='bbox 692 2002 801 2039; x_wconf 83' lang='lat' dir='ltr'><strong>video</strong></span> <span class='ocrx_word' id='word_1_251' title='bbox 825 2000 990 2053; x_wconf 85' lang='lat' dir='ltr'><strong>prodesse</strong></span> <span class='ocrx_word' id='word_1_252' title='bbox 1010 1999 1186 2053; x_wconf 79' lang='lat' dir='ltr'><strong>potuiffe.</strong></span> 
     </span>
    </p>

    <p class='ocr_par' dir='ltr' id='par_1_6' title="bbox 505 2064 1946 2524">
     <span class='ocr_line' id='line_1_29' title="bbox 558 2064 1908 2117; baseline -0.005 -10"><span class='ocrx_word' id='word_1_253' title='bbox 558 2069 731 2108; x_wconf 89' lang='lat' dir='ltr'>XXXV.</span> <span class='ocrx_word' id='word_1_254' title='bbox 764 2067 835 2106; x_wconf 87' lang='lat' dir='ltr'><strong>Sed</strong></span> <span class='ocrx_word' id='word_1_255' title='bbox 857 2067 943 2105; x_wconf 85' lang='lat' dir='ltr'><strong>sunt</strong></span> <span class='ocrx_word' id='word_1_256' title='bbox 963 2065 1045 2105; x_wconf 81' lang='lat' dir='ltr'><strong>haec</strong></span> <span class='ocrx_word' id='word_1_257' title='bbox 1067 2067 1208 2104; x_wconf 89' lang='lat' dir='ltr'><strong>leviora</strong></span> <span class='ocrx_word' id='word_1_258' title='bbox 1227 2081 1235 2103; x_wconf 90' lang='lat'><strong>:</strong></span> <span class='ocrx_word' id='word_1_259' title='bbox 1260 2065 1325 2103; x_wconf 90' lang='lat' dir='ltr'><strong>illa</strong></span> <span class='ocrx_word' id='word_1_260' title='bbox 1346 2078 1434 2103; x_wconf 92' lang='lat' dir='ltr'><strong>vero</strong></span> <span class='ocrx_word' id='word_1_261' title='bbox 1454 2064 1638 2117; x_wconf 87' lang='lat' dir='ltr'><strong>graviora,</strong></span> <span class='ocrx_word' id='word_1_262' title='bbox 1661 2072 1775 2116; x_wconf 88' lang='lat' dir='ltr'><strong>atque</strong></span> <span class='ocrx_word' id='word_1_263' title='bbox 1796 2075 1908 2116; x_wconf 87' lang='lat' dir='ltr'><strong>mag-</strong></span> 
     </span>
     <span class='ocr_line' id='line_1_30' title="bbox 507 2124 1946 2188; baseline -0.005 -14"><span class='ocrx_word' id='word_1_264' title='bbox 507 2150 578 2181; x_wconf 91' lang='lat' dir='ltr'><strong>na,</strong></span> <span class='ocrx_word' id='word_1_265' title='bbox 610 2135 715 2188; x_wconf 89' lang='lat' dir='ltr'><strong>quod</strong></span> <span class='ocrx_word' id='word_1_266' title='bbox 748 2147 882 2172; x_wconf 90' lang='lat' dir='ltr'><strong>meum</strong></span> <span class='ocrx_word' id='word_1_267' title='bbox 914 2133 1139 2177; x_wconf 81' lang='lat' dir='ltr'><strong>disceffum,</strong></span> <span class='ocrx_word' id='word_1_268' title='bbox 1172 2146 1292 2184; x_wconf 92' lang='lat' dir='ltr'><strong>quem</strong></span> <span class='ocrx_word' id='word_1_269' title='bbox 1326 2131 1420 2184; x_wconf 76' lang='lat' dir='ltr'><strong>saepe</strong></span> <span class='ocrx_word' id='word_1_270' title='bbox 1454 2130 1634 2176; x_wconf 73' lang='lat' dir='ltr'><strong>defictas,</strong></span> <span class='ocrx_word' id='word_1_271' title='bbox 1666 2144 1770 2169; x_wconf 90' lang='lat' dir='ltr'><strong>nunc</strong></span> <span class='ocrx_word' id='word_1_272' title='bbox 1803 2130 1908 2181; x_wconf 75' lang='lat' dir='ltr'><strong>quasi</strong></span> <span class='ocrx_word' id='word_1_273' title='bbox 1942 2124 1946 2127; x_wconf 54' lang='lat'><em>⁷</em></span> 
     </span>
     <span class='ocr_line' id='line_1_31' title="bbox 506 2197 1906 2257; baseline -0.005 -15"><span class='ocrx_word' id='word_1_274' title='bbox 506 2203 781 2257; x_wconf 84' lang='lat' dir='ltr'><strong>reprehendere</strong></span> <span class='ocrx_word' id='word_1_275' title='bbox 812 2211 848 2240; x_wconf 90' lang='lat' dir='ltr'><strong>et</strong></span> <span class='ocrx_word' id='word_1_276' title='bbox 880 2200 1123 2239; x_wconf 85' lang='lat' dir='ltr'><strong>subaccusare</strong></span> <span class='ocrx_word' id='word_1_277' title='bbox 1156 2199 1335 2237; x_wconf 84' lang='lat' dir='ltr'><strong>voluisti:</strong></span> <span class='ocrx_word' id='word_1_278' title='bbox 1369 2199 1497 2237; x_wconf 80' lang='lat' dir='ltr'><strong>dixisti</strong></span> <span class='ocrx_word' id='word_1_279' title='bbox 1529 2199 1650 2243; x_wconf 86' lang='lat' dir='ltr'><strong>enim,</strong></span> <span class='ocrx_word' id='word_1_280' title='bbox 1682 2212 1760 2236; x_wconf 90' lang='lat' dir='ltr'><strong>non</strong></span> <span class='ocrx_word' id='word_1_281' title='bbox 1795 2197 1906 2235; x_wconf 82' lang='lat' dir='ltr'><strong>auxi-</strong></span> 
     </span>
     <span class='ocr_line' id='line_1_32' title="bbox 505 2263 1905 2318; baseline -0.006 -9"><span class='ocrx_word' id='word_1_282' title='bbox 505 2271 606 2309; x_wconf 90' lang='lat' dir='ltr'><strong>lium</strong></span> <span class='ocrx_word' id='word_1_283' title='bbox 628 2269 743 2314; x_wconf 81' lang='lat' dir='ltr'><strong>mihi,</strong></span> <span class='ocrx_word' id='word_1_284' title='bbox 770 2268 831 2306; x_wconf 80' lang='lat' dir='ltr'><strong>sed</strong></span> <span class='ocrx_word' id='word_1_285' title='bbox 854 2282 916 2306; x_wconf 87' lang='lat' dir='ltr'><strong>mc</strong></span> <span class='ocrx_word' id='word_1_286' title='bbox 935 2268 1094 2311; x_wconf 74' lang='lat' dir='ltr'><strong>auxilio,</strong></span> <span class='ocrx_word' id='word_1_287' title='bbox 1118 2265 1288 2304; x_wconf 79' lang='lat' dir='ltr'><strong>defuiffe.</strong></span> <span class='ocrx_word' id='word_1_288' title='bbox 1312 2267 1399 2318; x_wconf 85' lang='lat' dir='ltr'><strong>Ego</strong></span> <span class='ocrx_word' id='word_1_289' title='bbox 1419 2279 1507 2303; x_wconf 88' lang='lat' dir='ltr'><strong>vero</strong></span> <span class='ocrx_word' id='word_1_290' title='bbox 1528 2264 1649 2303; x_wconf 78' lang='lat' dir='ltr'><strong>fateor</strong></span> <span class='ocrx_word' id='word_1_291' title='bbox 1670 2263 1905 2308; x_wconf 84' lang='lat' dir='ltr'><strong>mehercule,</strong></span> 
     </span>
     <span class='ocr_line' id='line_1_33' title="bbox 507 2331 1911 2391; baseline -0.006 -15"><span class='ocrx_word' id='word_1_292' title='bbox 507 2339 612 2391; x_wconf 85' lang='lat' dir='ltr'><strong>quod</strong></span> <span class='ocrx_word' id='word_1_293' title='bbox 635 2338 795 2375; x_wconf 84' lang='lat' dir='ltr'><strong>viderim</strong></span> <span class='ocrx_word' id='word_1_294' title='bbox 818 2335 917 2374; x_wconf 84' lang='lat' dir='ltr'><strong>mihi</strong></span> <span class='ocrx_word' id='word_1_295' title='bbox 939 2335 1129 2372; x_wconf 80' lang='lat' dir='ltr'><strong>auxilium</strong></span> <span class='ocrx_word' id='word_1_296' title='bbox 1150 2348 1226 2372; x_wconf 88' lang='lat' dir='ltr'><strong>non</strong></span> <span class='ocrx_word' id='word_1_297' title='bbox 1248 2334 1366 2372; x_wconf 87' lang='lat' dir='ltr'><strong>deeffe</strong></span> <span class='ocrx_word' id='word_1_298' title='bbox 1384 2363 1394 2378; x_wconf 93' lang='lat'>‚</span> <span class='ocrx_word' id='word_1_299' title='bbox 1427 2334 1572 2371; x_wconf 91' lang='lat' dir='ltr'><strong>idcirco</strong></span> <span class='ocrx_word' id='word_1_300' title='bbox 1600 2346 1663 2371; x_wconf 88' lang='lat' dir='ltr'><strong>me</strong></span> <span class='ocrx_word' id='word_1_301' title='bbox 1685 2332 1741 2369; x_wconf 91' lang='lat' dir='ltr'><strong>illi</strong></span> <span class='ocrx_word' id='word_1_302' title='bbox 1763 2331 1911 2369; x_wconf 84' lang='lat' dir='ltr'><strong>auxilio</strong></span> 
     </span>
     <span class='ocr_line' id='line_1_34' title="bbox 506 2397 1906 2457; baseline -0.006 -15"><span class='ocrx_word' id='word_1_303' title='bbox 506 2403 725 2457; x_wconf 69' lang='lat' dir='ltr'><strong>pepercisse.</strong></span> <span class='ocrx_word' id='word_1_304' title='bbox 758 2403 838 2454; x_wconf 81' lang='lat' dir='ltr'><strong>Qi</strong></span> <span class='ocrx_word' id='word_1_305' title='bbox 859 2402 964 2440; x_wconf 90' lang='lat' dir='ltr'><strong>enim</strong></span> <span class='ocrx_word' id='word_1_306' title='bbox 985 2401 1098 2439; x_wconf 82' lang='lat' dir='ltr'><strong>status</strong></span> <span class='ocrx_word' id='word_1_307' title='bbox 1113 2430 1124 2446; x_wconf 97' lang='lat'><strong>,</strong></span> <span class='ocrx_word' id='word_1_308' title='bbox 1156 2401 1260 2453; x_wconf 88' lang='lat' dir='ltr'><strong>quod</strong></span> <span class='ocrx_word' id='word_1_309' title='bbox 1282 2399 1485 2438; x_wconf 86' lang='lat' dir='ltr'><strong>discrimen</strong></span> <span class='ocrx_word' id='word_1_310' title='bbox 1502 2428 1512 2444; x_wconf 91' lang='lat'><strong>,</strong></span> <span class='ocrx_word' id='word_1_311' title='bbox 1545 2413 1630 2451; x_wconf 81' lang='lat' dir='ltr'><strong>quae</strong></span> <span class='ocrx_word' id='word_1_312' title='bbox 1650 2397 1766 2436; x_wconf 88' lang='lat' dir='ltr'><strong>fuerit</strong></span> <span class='ocrx_word' id='word_1_313' title='bbox 1785 2397 1824 2434; x_wconf 91' lang='lat' dir='ltr'><strong>in</strong></span> <span class='ocrx_word' id='word_1_314' title='bbox 1846 2409 1906 2434; x_wconf 91' lang='lat' dir='ltr'><strong>re-</strong></span> 
     </span>
     <span class='ocr_line' id='line_1_35' title="bbox 507 2467 1905 2524; baseline -0.005 -17"><span class='ocrx_word' id='word_1_315' title='bbox 507 2471 665 2524; x_wconf 84' lang='lat' dir='ltr'><strong>publica</strong></span> <span class='ocrx_word' id='word_1_316' title='bbox 686 2470 885 2523; x_wconf 84' lang='lat' dir='ltr'><strong>tempestas</strong></span> <span class='ocrx_word' id='word_1_317' title='bbox 907 2469 972 2507; x_wconf 85' lang='lat' dir='ltr'><strong>illa</strong></span> <span class='ocrx_word' id='word_1_318' title='bbox 990 2498 1000 2514; x_wconf 97' lang='lat'><strong>,</strong></span> <span class='ocrx_word' id='word_1_319' title='bbox 1032 2469 1119 2521; x_wconf 85' lang='lat' dir='ltr'><strong>quis</strong></span> <span class='ocrx_word' id='word_1_320' title='bbox 1142 2467 1261 2506; x_wconf 85' lang='lat' dir='ltr'><strong>nescit</strong></span> <span class='ocrx_word' id='word_1_321' title='bbox 1281 2467 1293 2504; x_wconf 89' lang='lat'>?</span> <span class='ocrx_word' id='word_1_322' title='bbox 1326 2467 1576 2506; x_wconf 85' lang='lat' dir='ltr'><strong>Tribunitius</strong></span> <span class='ocrx_word' id='word_1_323' title='bbox 1598 2479 1662 2504; x_wconf 89' lang='lat' dir='ltr'><strong>me</strong></span> <span class='ocrx_word' id='word_1_324' title='bbox 1683 2474 1801 2503; x_wconf 88' lang='lat' dir='ltr'><strong>terror</strong></span> <span class='ocrx_word' id='word_1_325' title='bbox 1817 2491 1828 2508; x_wconf 86' lang='lat'><strong>,</strong></span> <span class='ocrx_word' id='word_1_326' title='bbox 1859 2476 1905 2500; x_wconf 86' lang='lat' dir='ltr'><strong>an</strong></span> 
     </span>
    </p>
   </div>
  </div>
 </body>
</html>
