2212 2835
597 143 893 186 VARIAE
976 140 1541 183 LECTIONES.

328 260 358 287 p.
421 249 440 277 1.
1096 249 1126 278 p·
1189 238 1211 266 l-

330 298 388 328 324
413 299 448 325 ²4
470 287 575 315 honore
589 299 604 315 ς-
619 294 701 312 amore
1099 289 1152 318 325
1182 288 1214 315 ¹7
1239 279 1392 307 nostrarum
1407 278 1431 307 C
1446 281 1591 317 vestrarum

410 330 445 356 28
467 325 622 354 confitebor
637 326 661 359 ψ
679 334 693 352 2
709 324 823 360 corfitaor
1179 328 1210 346 21
1237 319 1291 347 sive
1306 318 1332 353 ψ
1350 330 1365 347 2
1381 320 1408 347 d.

406 383 446 389 —
468 376 517 394 nos
534 366 563 393 H
577 376 624 392 non
1180 369 1215 387 22
1234 359 1271 387 est
1293 360 1317 387 C
1333 361 1421 396 sfhnt

410 417 447 444 29
468 406 613 434 vobiscum
630 403 656 440 ψ
674 414 688 432 z
708 402 833 439 nobffcum
1180 409 1214 436 ²3
1237 399 1391 436 pertinebit
1408 400 1432 427 C
1450 400 1467 426 S
1483 397 1675 436 r·pertinebunt

404 463 446 469 «-
468 456 519 484 pro
535 459 551 476 r
565 449 592 473 in
1185 449 1220 475 25
1243 440 1403 467 conservate
1424 438 1450 473 ψ
1468 449 1482 467 2
1497 444 1604 475 servate

407 503 449 511 —-
470 486 553 523 hujus
567 498 583 514 ς·
595 484 695 522 hujusce
1179 479 1216 507 26
1238 479 1323 507 etiam
1340 479 1364 506 C
1378 480 1403 506 d.

407 542 449 551 ·—-
471 527 546 555 urbis
572 534 657 563 atque
686 524 710 552 C
731 522 762 551 H
783 521 802 549 S
831 531 900 559 aeque
927 533 943 551 4-
966 521 992 548 d.
1019 533 1042 557 χ
1180 534 1222 541 -
1241 520 1384 547 venustate
1399 532 1415 550 ς-
1431 520 1560 555 vetustate

531 577 590 604 eque
1185 569 1219 595 27
1243 568 1378 596 quantum
1395 560 1419 587 C
1436 559 1464 586 H
1480 559 1497 586 S
1518 572 1543 591 r,
1557 571 1590 595 χ,
1606 559 1631 592 ψ
1650 567 1664 586 2
1679 566 1773 596 quanto

414 618 445 645 3¹
474 606 569 642 attigit
589 605 614 639 ψ
633 613 646 631 z
667 605 760 631 attinet
1181 614 1222 620 -
1241 599 1393 627 existimari
1409 600 1433 627 C
1449 613 1464 629 ς-
1478 601 1606 636 (estimari

413 658 448 684 3²
468 646 596 683 jucunda
614 643 762 681 Cjocunda
1184 641 1220 667 28
1241 639 1400 675 expetitum
1417 652 1433 669 5-
1445 641 1588 676 expeditum

409 703 451 710 —
472 684 675 723 perficiendum
691 682 716 715 ψ
733 690 747 708 2
762 681 937 718 prqfitiendum
1184 688 1221 715 30
1244 679 1445 715 comprobetur
1458 680 1481 706 C
1492 679 1613 716 probetur

411 741 451 748 —
474 726 599 753 hortatus
615 723 670 750 sun
690 722 713 749 C
729 733 756 754 ς,
769 718 796 753 ψ
811 729 826 747 2
841 720 951 748 hortavi
1185 727 1217 754 31
1245 717 1296 744 smt
1313 718 1330 744 S
1342 720 1406 753 sunt

409 781 451 788 ...
472 765 593 793 Nullam
616 764 633 790 S
650 762 715 796 5,sp
732 770 748 788 2
764 759 849 788 Nulla
1183 766 1217 794 33
1241 756 1291 794 qui
1315 766 1378 789 VOS,
1416 757 1465 794 qui
1490 757 1592 785 vestros
1619 756 1646 792 ψ
1670 766 1745 794 zquos
1772 759 1818 795 qui

411 820 451 828 -—
472 805 557 833 aliam
573 804 598 838 ψ
617 813 627 830 1
647 804 674 830 d.
1285 797 1377 832 nostros

1185 845 1223 874 34
1244 836 1405 864 recentibus
1418 848 1434 864 5-
1449 835 1590 864 decentibus

335 858 391 887 323
438 856 452 874 z
476 845 555 873 brevi
571 845 596 879 ψ
613 853 627 870 z
644 842 729 870 brevis

1183 892 1222 898 --
1243 876 1341 904 nostris
1355 877 1379 910 ψ
1398 886 1412 904 z
1427 877 1452 903 d.

435 896 450 923 3
473 885 577 923 quibus
595 883 622 911 H
639 885 696 920 quis
710 882 751 910 his

432 935 454 963 4
475 926 511 954 est
526 925 555 953 H
573 926 617 962 iste
1184 932 1225 939 -
1244 916 1393 954 vestrisque
1409 916 1567 944 domesticis
1591 916 1622 944 H
1635 929 1656 953 χ
1680 919 1821 957 vssrgsque

435 976 452 1005 5
477 965 640 994 terminaret
663 962 687 989 C
707 964 872 989 terminarent
887 958 918 987 H
933 972 956 996 χ
969 959 1050 986 deecr-
1293 957 1311 984 S
1327 958 1420 989 vestris
1436 958 1620 995 domss.cisque

515 1008 625 1032 minare!
1110 997 1166 1036 326
1213 1007 1223 1024 1
1250 996 1366 1024 laudum
1378 1010 1410 1033 χ,
1423 997 1449 1030 ψ
1466 1007 1481 1024 2
1496 997 1580 1026 lanais

435 1046 453 1074 6
476 1055 569 1082 neque
585 1045 610 1072 C
628 1044 656 1072 H
673 1043 690 1070 S
705 1053 748 1070 nec
1185 1052 1226 1060 —·
1247 1037 1380 1065 daturum
1398 1040 1531 1067 relaturus

436 1095 453 1125 7
476 1085 606 1124 quaedam
623 1084 646 1111 C
662 1084 688 1110 d.

1210 1087 1224 1105 2
1248 1076 1354 1115 quique
1367 1078 1390 1105 C
1405 1078 1431 1105 H
1451 1078 1467 1104 S
1484 1090 1510 1110 r,
1524 1091 1546 1113 χ
1558 1076 1632 1115 Isque
1645 1077 1671 1112 ψ
1688 1086 1704 1104 2
1718 1076 1744 1105 Is
1756 1079 1800 1114 qui

435 1128 452 1154 8
475 1125 599 1154 concitat
615 1123 644 1151 H
659 1124 748 1160 agitat

1210 1127 1224 1155 3
1248 1125 1333 1154 atque
1348 1118 1372 1145 C
1389 1117 1416 1146 H
1431 1117 1448 1145 S
1469 1118 1494 1152 ψ
1512 1127 1528 1146 2
1553 1118 1647 1156 Itaque
1660 1131 1676 1149 ς-
1689 1117 1763 1156 idque

414 1182 455 1188 —
475 1165 610 1194 admonet
625 1165 650 1192 C
665 1164 787 1191 admovet
1187 1173 1228 1179 -
1248 1157 1284 1185 fic
1299 1158 1358 1195 zfi

418 1217 455 1236 10
476 1205 680 1242 adaequandam
702 1216 717 1233 ⁵-
730 1211 883 1240 aequanaam
1187 1213 1228 1221 -—
1250 1205 1281 1226 ut
1296 1197 1320 1225 C
1334 1198 1362 1226 de

419 1256 451 1275 11
478 1245 626 1274 videamur
640 1243 670 1271 H
686 1243 813 1272 videmur
828 1240 854 1276 ψ
872 1250 887 1268 2
901 1241 1044 1269 videantur
1209 1249 1223 1276 ς
1247 1237 1450 1267 consuetudine
1471 1252 1488 1270 5-
1501 1239 1673 1277 neceffi‘tudine

419 1296 455 1315 12
477 1286 506 1314 in
522 1286 589 1317 rhic
1185 1293 1226 1301 —
1248 1278 1470 1316 simpliciterque
1486 1278 1512 1314 ψ
1531 1289 1540 1308 ι
1552 1278 1752 1317 suppliciterque

420 1337 454 1365 ¹5
479 1325 650 1354 arbitremur
668 1337 685 1353 s-
698 1322 892 1352 arbitraremur
1208 1318 1226 1346 6
1249 1327 1304 1345 non
1330 1318 1386 1346 foii
1408 1329 1499 1357 neque
1518 1318 1652 1356 judiciali
1676 1319 1701 1346 C
1713 1319 1744 1347 H
1757 1318 1774 1346 S
1795 1330 1824 1352 r,

417 1382 458 1390 —
480 1376 544 1394 cum
561 1365 585 1393 C
601 1364 627 1399 ψ
643 1375 657 1392 z
671 1365 699 1392 d.
1289 1371 1320 1394 χ,
1337 1359 1362 1392 ψ
1380 1359 1481 1394 zfirme
1494 1372 1512 1387 a
1527 1358 1746 1398 mejudicialique

423 1406 458 1436 16
480 1405 647 1444 reliquerint
663 1417 689 1438 ς,
700 1416 723 1440 χ
735 1402 890 1440 reliquerunt
1208 1407 1227 1436 9
1248 1398 1300 1426 effe
1314 1396 1340 1433 ψ
1355 1407 1371 1425 2
1387 1400 1415 1427 d.

354 1517 1800 1543 ..-.--—-—--——----——-—--—-—-——-—-—--·

631 1623 897 1673 POST
1004 1621 1530 1668 REDITUM

828 1750 917 1787 AD
979 1748 1343 1798 QUIRITES

734 1870 1105 1910 ORATIO
1198 1866 1412 1907 XXVII.

505 1986 613 2026 Edit.
654 1984 798 2022 olivet.

348 2096 379 2125 p.
442 2084 463 2113 1.

350 2135 406 2164 3²7
453 2134 462 2152 ι
489 2130 618 2163 precatus
633 2122 662 2150 H
674 2119 858 2159 precaturficm

450 2175 468 2202 4
491 2173 521 2193 ut
535 2165 560 2198 ψ
579 2173 587 2191 ι
607 2171 634 2190 ut
649 2162 693 2190 vel

429 2221 470 2228 ·-
491 2213 617 2242 unquam
633 2202 657 2231 C
673 2213 800 2239 nunquam

450 2245 468 2273 6
490 2253 519 2273 et
536 2259 557 2281 χ
571 2245 598 2272 d.

452 2295 469 2323 2
493 2286 584 2323 gratia
598 2297 619 2319 χ
633 2283 712 2319 causa

453 2327 470 2353 8
494 2325 621 2353 homines
637 2331 664 2352 et
679 2322 798 2350 audaces
812 2320 843 2349 in
856 2321 1063 2361 rempublicam

537 2365 561 2393 C
576 2375 606 2392 ac
620 2365 726 2392 audaces
740 2365 770 2390 in
782 2369 838 2399 rep.

454 2414 474 2444 9
495 2405 675 2435 continerent
685 2403 715 2433 H
731 2402 749 2433 5
763 2404 897 2432 confinem

1225 1979 1339 2019 MSS.
1371 1973 1693 2031 οΗετχ,ψ

1206 2077 1226 2105 1.

1120 2127 1176 2156 327
1203 2128 1239 2146 10
1261 2119 1445 2154 unumximo

1198 2173 1240 2180 —
1259 2158 1401 2195 optimum
1417 2165 1561 2195 quemque
1575 2169 1598 2193 χ
1610 2159 1700 2194 optimo
1713 2165 1808 2194 quoque

1199 2213 1240 2222 —-
1259 2198 1288 2227 in
1304 2197 1460 2226 universam
1471 2197 1679 2235 rempublicam
1693 2197 1718 2226 C
1734 2197 1764 2225 H
1781 2197 1798 2224 S
1813 2209 1834 2232 χ

1302 2241 1335 2286 in-
1345 2239 1473 2275 universa
1487 2239 1600 2266 civitate
1614 2237 1643 2265 T
1657 2236 1782 2273 universa
1796 2239 1833 2264 ci-

1206 2330 1215 2348 ι
1226 2329 1236 2347 1
1258 2286 1418 2347 defrilelgget
1430 2319 1455 2347 C
1465 2319 1495 2347 H
1503 2319 1520 2347 S
1531 2318 1670 2356 xdeficmt
1679 2316 1708 2344 T
1718 2318 1835 2354 dgfflrent

1201 2375 1242 2385 .-
1262 2358 1423 2397 liberosque
1448 2359 1548 2389 vestros
1575 2357 1600 2387 C
1614 2357 1709 2388 liberm*
1731 2370 1753 2395 χ
1770 2356 1833 2386 libe-

1304 2397 1391 2437 rosque
