2212 2835
679 178 771 216 DE
829 172 1022 214 LEGE
1081 167 1439 209 AGRARIA.
1699 177 1770 215 ¹¹3

372 280 557 331 vobisque
596 276 791 319 traditam,
835 273 1070 315 libertatem,
1115 268 1225 307 nullo
1260 265 1381 305 vestro
1419 263 1562 307 labore,
1603 259 1773 300 Consule

376 347 562 399 adjutore,
590 342 805 382 defendere.

432 414 525 451 VII.
557 411 736 449 Primum
767 412 885 458 caput
915 403 968 441 est
996 401 1092 454 legis
1122 399 1307 452 Agl-ariae,
1338 411 1431 450 quo,
1462 405 1506 435 ut
1537 394 1595 434 illi
1622 401 1775 448 putant,

377 477 582 518 tentamini
599 474 746 517 leviter,
769 484 848 524 quo
863 469 994 508 animo
1008 466 1197 505 libertatis
1214 464 1340 502 vestrae
1356 462 1658 500 diminutionem
1679 459 1778 498 ferre

376 543 538 598 po'ssitis.
570 540 690 593 Jubet
708 538 815 576 enim
836 535 1022 575 tribunum
1035 532 1161 587 plebis,
1193 530 1258 584 qui
1273 543 1348 568 eam
1368 528 1474 581 legem
1495 526 1635 570 tulerit,
1657 539 1780 564 creare

376 610 591 650 decemviros
603 617 673 661 per
692 601 1079 658 tribusfi’ptemdecinz,
1111 608 1167 644 ut,
1199 611 1298 652 quem
1323 609 1448 634 novem
1471 593 1589 633 tribus
1599 592 1778 645 fi’cerint,

325 667 335 676 ⁵
379 678 408 717 is
438 676 615 717 decemvir
629 674 701 727 stt.
743 671 824 711 Hic
855 683 999 724 quaero‚
1034 680 1152 720 quam
1184 665 1236 703 ob
1270 662 1423 702 causam
1457 660 1617 699 initium
1653 670 1783 697 rerum

380 759 423 784 ac
451 732 584 797 legum
611 742 764 781 suarum
790 738 884 777 hinc
911 735 1080 780 duxerit,
1111 742 1155 772 ut
1182 731 1350 787 populus
1378 730 1580 768 Romanus
1605 725 1785 778 suffragio

379 811 606 865 privaretur.
648 806 786 846 Toties
822 803 974 857 legibus
1011 799 1182 853 Agr-ariis
1217 805 1410 837 curatores
1446 793 1647 834 constituti
1681 791 1784 835 sunt,

380 877 591 922 triumviri,
630 871 894 928 quinqueviri,
932 866 1164 908 decemviri:
1203 877 1332 918 quaero
1362 876 1383 901 a
1416 860 1594 915 populari
1627 858 1787 897 tribuno

383 944 549 998 plebeio,
584 940 799 995 ecquando,
837 937 906 976 nifi
938 950 1003 990 per
1034 947 1138 973 xxxv
1173 933 1311 976 tribus,
1348 929 1464 969 creati
1496 928 1583 966 fint.
1624 926 1785 965 Etenim

384 1025 477 1051 cum
497 1022 632 1050 omnes
653 1007 869 1062 potestates,
901 1002 1076 1056 imperia,
1107 1000 1337 1043 curationes,
1368 997 1416 1035 ab
1441 993 1616 1034 universo
1642 992 1789 1047 populo

385 1080 567 1118 Romano
600 1073 791 1129 proficisci
824 1070 1020 1114 convenit,
1057 1077 1144 1106 tum
1176 1080 1237 1104 eas
1271 1062 1444 1118 profe&0
1480 1061 1664 1105 maxime,
1702 1073 1789 1112 quae

385 1145 674 1184 constituuntur
702 1140 749 1178 ad
780 1137 917 1192 populi
946 1135 1120 1173 fruC'mm
1151 1133 1336 1184 aliquem,
1366 1138 1405 1168 et
1431 1127 1688 1167 commodum
1703 1144 1716 1172 3
1747 1126 1790 1164 in

386 1225 466 1265 quo
492 1219 530 1248 et
557 1207 718 1247 universi
745 1205 929 1258 deligant,
959 1213 1080 1254 quem
1106 1197 1253 1252 populo
1279 1197 1461 1235 Romano
1491 1194 1662 1232 maxime
1692 1205 1789 1231 con-

384 1278 579 1317 sulturum
599 1281 752 1328 putent,
773 1281 812 1311 et
831 1267 1093 1322 unusquisque
1114 1265 1239 1304 studio
1257 1273 1296 1302 et
1315 1261 1496 1315 suffragio
1512 1260 1577 1299 suo
1597 1260 1699 1298 viam
1720 1258 1790 1296 fibi

386 1346 434 1384 ad
453 1343 691 1383 beneficium
712 1336 1003 1393 impetrandum
1025 1333 1178 1373 munire
1199 1330 1327 1386 poffit.
1360 1330 1453 1368 Hoc
1483 1328 1640 1367 tribuno
1666 1325 1791 1380 plebis

387 1410 631 1466 potiffimum
661 1408 766 1446 venit
796 1407 837 1444 in
868 1412 1059 1447 mentem,
1091 1399 1284 1454 populum
1316 1398 1545 1436 Romanum
1572 1392 1791 1432 universum

388 1480 537 1532 privare
569 1474 770 1527 suffragiis;
811 1483 949 1526 paucas
984 1468 1123 1512 tribus,
1164 1480 1243 1504 non
1279 1473 1380 1503 certa
1418 1461 1644 1502 conditione
1677 1458 1790 1512 juris,

391 1545 454 1582 sed
474 1543 581 1581 sortis
603 1540 807 1584 beneficio,
838 1536 1016 1579 fortuito,
1047 1533 1093 1571 ad
1114 1531 1370 1584 usurpandam
1390 1530 1608 1568 libertatem
1630 1538 1778 1566 vocare.

447 1612 553 1654 Item,
584 1607 729 1659 inquit,
756 1604 934 1657 eodemque
951 1599 1060 1645 modo,
1082 1599 1208 1651 capite
1227 1597 1361 1641 altero,
1392 1604 1435 1634 ut
1454 1594 1602 1634 cmm'tiis
1615 1591 1795 1646 pontfficis

391 1676 549 1715 maximi.
581 1674 646 1713 Ne
665 1672 741 1711 hoc
762 1670 924 1724 quidem
944 1667 1055 1712 vidit,
1086 1665 1247 1717 majores
1269 1663 1413 1702 nostros
1435 1670 1515 1700 tam
1536 1659 1646 1698 fuiffe
1667 1671 1793 1712 popu-

391 1744 502 1788 lares,
535 1751 578 1781 ut
601 1740 708 1794 quod
734 1752 801 1792 per
829 1737 1022 1791 populum
1048 1733 1167 1772 creari
1189 1731 1244 1770 fas
1266 1745 1344 1769 non
1366 1739 1443 1768 erat
1463 1736 1617 1782 propter
1636 1726 1795 1779 religio-

393 1824 484 1849 nem
505 1809 712 1852 sacrorum,
744 1806 785 1843 in
816 1817 862 1842 eo
893 1812 1036 1846 tamen,
1069 1809 1224 1853 propter
1250 1796 1551 1850 amplitudinem
1583 1791 1797 1836 sacerdotii,-

393 1876 587 1916 voluerint
608 1872 754 1927 populo
774 1869 994 1924 supplicari.
1020 1870 1151 1919 Atque
1170 1865 1246 1904 hoc
1268 1865 1372 1902 idem
1393 1863 1440 1901 de
1460 1861 1605 1901 caeteris
1622 1858 1796 1898 sacerdo-

395 1943 458 1982 tiis
479 1943 555 1981 Cri.
579 1938 797 1982 Domitius,
829 1936 1008 1974 tribunus
1030 1933 1169 1987 plebis,
1195 1931 1253 1969 vir
1271 1929 1513 1973 clariffimus,
1545 1927 1660 1971 tulit;
1693 1923 1797 1977 quod

398 2009 562 2064 populus
584 2021 650 2061 per
671 2006 899 2058 religionem
921 2001 1125 2040 sacerdotia
1146 1998 1325 2037 mandare
1352 2010 1428 2036 non
1456 2003 1618 2049 poterat,
1651 2002 1693 2031 ut
1717 1992 1796 2030 mi-

397 2090 469 2114 nor
502 2089 586 2129 pars
621 2073 757 2128 populi
792 2080 1013 2109 vocaretur:
1046 2067 1092 2105 ab
1123 2080 1164 2104 ea
1198 2073 1303 2119 parte
1336 2063 1404 2116 qui
1432 2062 1521 2100 esset
1549 2060 1687 2105 fastus,
1718 2059 1748 2097 is
1778 2070 1798 2094 a

398 2143 563 2195 collegio
582 2148 837 2194 cooptaretur.
871 2137 1024 2181 Videte,
1054 2134 1150 2187 quid
1170 2132 1315 2171 intersit
1335 2131 1434 2169 inter
1455 2131 1530 2168 Cn.
1555 2126 1796 2168 Domitium,

400 2209 604 2246 tribunum
635 2206 773 2260 plebis,
803 2203 1009 2242 hominem
1040 2199 1339 2242 nobiliffimum,
1370 2206 1407 2234 et
1438 2196 1481 2233 P.
1516 2193 1696 2236 Rullum,
1729 2190 1797 2241 qui

402 2274 576 2318 tentavit,
608 2282 651 2311 ut
684 2273 834 2325 opinor,
867 2269 1092 2323 patientiam
1125 2266 1300 2310 vestram,
1332 2277 1424 2302 cum
1457 2262 1491 2300 se
1525 2260 1695 2299 nobilem
1728 2255 1799 2294 effe

401 2342 556 2380 diceret.
581 2340 796 2382 Domitius,
819 2337 924 2390 quod
941 2350 1008 2389 per
1023 2334 1267 2374 caeremonias
1285 2330 1420 2384 populi
1439 2329 1517 2366 fieri
1540 2339 1614 2364 non
1637 2332 1796 2376 poterat,

378 2428 382 2431 ¹
403 2408 546 2446 ratione
566 2403 750 2443 assecutus
771 2404 837 2449 est,
870 2413 911 2442 ut
932 2403 984 2448 id,
1017 2401 1143 2455 quoad
1164 2399 1295 2453 posset,
1318 2395 1443 2449 quoad
1464 2393 1518 2431 fas
1539 2391 1640 2435 effer,
1673 2389 1799 2442 quoad

403 2475 549 2527 liceret,
589 2470 724 2524 populi
758 2469 804 2507 ad
839 2478 964 2521 partes
998 2468 1126 2506 daret:
1167 2465 1248 2510 hic,
1289 2462 1394 2515 quod
1429 2458 1564 2512 populi
1598 2457 1798 2510 proprium

485 2540 559 2578 To
576 2551 627 2577 M.
660 2536 711 2575 V,
1465 2526 1496 2563 Ρ
