2212 2835
708 151 893 190 PosT
950 153 1325 195 REDITUM.
1641 173 1720 214 335

323 263 385 294 ea,
417 263 502 303 quae
522 249 694 290 amiserat
708 281 718 297 ‚
750 252 818 290 fibi
839 253 1010 291 restituta
1029 254 1168 301 essent,
1200 256 1387 295 virtutem
1407 257 1526 296 animi
1548 272 1625 297 non
1646 257 1719 297 ha-

324 317 456 362 beret,
493 331 612 370 quam
645 332 848 371 nunquam
882 320 1113 372 perdidifl‘et.
1156 322 1228 360 Sed
1261 321 1337 361 hoc
1371 324 1473 362 inter
1507 339 1571 363 me
1604 336 1720 378 atque

321 383 437 422 illum
467 384 646 423 interest:
678 386 784 438 quod
810 386 876 424 ille
892 415 903 431 ,
935 400 1011 439 qua
1037 400 1075 425 re
1094 387 1310 440 plurimum
1333 391 1462 441 potuit
1479 420 1489 436 ‚
1520 405 1562 428 ea
1581 392 1660 444 ipsa
1679 406 1720 430 re

322 450 504 488 inimicos
525 450 609 488 suos
630 450 735 488 ultus
755 450 821 496 est,
852 453 997 496 armis;
1029 465 1115 504 ego,
1148 466 1223 504 qua
1249 454 1441 499 consuevi,
1472 466 1583 495 utar:
1616 472 1718 510 quo-

321 516 425 554 niam
446 515 505 554 illi
525 517 595 554 arti
614 517 655 554 in
677 516 780 555 bello
806 530 848 554 ac
870 517 1053 555 seditione
1076 518 1185 556 locus
1205 519 1286 564 est3
1318 519 1412 558 huic
1433 521 1472 558 in
1493 536 1585 573 pace
1604 533 1719 576 atque

319 583 414 620 otio.
447 583 684 635 Qanquam
704 583 770 621 ille
791 583 922 622 animo
942 584 1038 622 irato
1059 584 1158 623 nihil
1179 586 1246 624 nifi
1268 587 1315 624 de
1335 587 1507 626 inimicis
1529 589 1718 628 ulciscen—

317 647 374 686 dis
403 649 565 701 agebat;
596 662 670 702 ego
695 649 742 687 de
772 649 860 703 ipsis
894 650 1064 690 inimicis
1096 660 1263 698 tantum,
1295 663 1488 705 quantum
1514 654 1615 693 mihi
1641 657 1718 695 res-

317 714 474 767 publica
493 715 709 768 permittet,
738 717 932 769 cogitabo.

373 781 447 819 IX.
480 781 677 834 Denique,
709 783 897 835 Qirites,
926 783 1109 836 quoniam
1132 798 1196 823 me
1215 795 1380 838 quatuor
1398 788 1561 827 omnino
1580 802 1717 842 genera

318 845 530 885 hominum
550 848 769 887 violarunt:
802 863 925 888 unum
946 863 1104 896 eorum,
1134 852 1203 904 qui
1223 853 1313 890 odio
1334 853 1555 906 reipublicae
1570 885 1579 900 ‚
1611 857 1718 908 quod

318 926 402 951 eam
421 913 510 966 ipsis
531 913 663 952 invitis
683 914 942 954 conservatam
958 945 968 962 ‚
1000 915 1102 954 mihi
1125 918 1381 957 inimiciffimi
1401 918 1558 959 fuerunt
1575 940 1586 966 3
1619 923 1715 960 alte-

319 992 406 1017 rum
424 1008 436 1024 ‚
467 979 534 1032 qui
561 993 629 1032 per
657 979 940 1020 simulationem
962 983 1142 1021 amicitia?
1163 983 1305 1022 nefarie
1325 986 1603 1038 prodiderunt3
1637 998 1715 1026 ter-

318 1045 433 1091 tium,
453 1047 534 1099 qui,
552 1060 643 1085 cum
664 1057 820 1100 propter
835 1048 1013 1087 inertiam
1030 1049 1135 1088 suam
1152 1051 1283 1089 eadem
1301 1053 1440 1104 assequi
1459 1068 1534 1091 non
1551 1055 1712 1107 postem,

319 1112 539 1151 inviderunt
559 1113 665 1151 laudi
684 1124 721 1151 et
742 1114 922 1166 dignitati
943 1129 1064 1161 meae5
1097 1127 1293 1168 quartum,
1317 1120 1399 1171 qui,
1429 1134 1521 1158 cum
1541 1121 1714 1160 custodes

317 1179 539 1232 reipublicae
574 1178 646 1217 effe
679 1180 922 1226 debuerunt,
953 1181 1113 1220 salutem
1150 1196 1306 1230 meam,
1341 1185 1482 1224 statum
1517 1188 1712 1234 civitatis,

317 1245 547 1298 dignitatem
567 1247 648 1298 ejus
674 1247 854 1300 imperii,
887 1249 992 1300 quod
1017 1260 1095 1287 erat
1123 1263 1238 1302 penes
1270 1251 1369 1304 ipsos
1387 1281 1398 1297 ,
1430 1253 1711 1294 vendiderunt:

317 1311 366 1349 fic
387 1311 545 1350 ulciscar
563 1311 780 1352 facinorum
802 1314 961 1367 fingula,
993 1316 1326 1368 quemadmodum
1349 1331 1369 1355 a
1389 1320 1607 1373 quibusque
1627 1321 1713 1360 sum

314 1388 542 1431 provocatus
561 1394 570 1418 :
603 1380 724 1418 malos
746 1381 869 1426 cives,
901 1382 1184 1434 rempublicam
1206 1384 1303 1422 bene
1322 1386 1487 1438 gerendo
1503 1405 1513 1431 3
1546 1387 1712 1440 perfidos

312 1445 473 1490 amicos,
504 1444 606 1484 nihil
625 1446 830 1491 credendo,
862 1456 977 1499 atque
998 1449 1129 1486 omnia
1155 1450 1349 1496 cavend03
1381 1452 1546 1498 invidos,
1578 1454 1713 1493 virtuti

311 1519 350 1548 et
381 1511 512 1563 gloriae
545 1512 768 1558 serviendo;
800 1523 1028 1552 mercatores
1061 1515 1363 1567 provinciarum,
1395 1521 1607 1559 revocando
1637 1522 1710 1560 do-

312 1590 439 1622 mum,
472 1586 586 1630 atque
606 1579 653 1616 ab
675 1579 722 1617 iis
743 1580 1030 1632 provinciarum
1051 1581 1237 1620 rationem
1259 1584 1480 1635 repetendo.

367 1643 605 1696 Qanquam
637 1644 739 1683 mihi
775 1647 911 1698 majori
945 1660 1044 1685 curae
1073 1647 1149 1693 est,
1182 1650 1514 1701 quemadmodum
1547 1653 1707 1704 quidem

313 1710 440 1755 vobis,
472 1711 540 1763 qui
562 1711 608 1748 de
629 1725 692 1749 me
711 1712 795 1750 estis
817 1714 965 1765 optime
986 1715 1137 1760 meriti,
1167 1717 1329 1767 gratiam
1350 1717 1529 1764 referam,
1561 1733 1679 1772 quam
1695 1750 1706 1766 ‚

311 1776 644 1828 quemadmodum
665 1779 917 1818 inimicorum
939 1781 1095 1833 injurias
1122 1782 1466 1836 crudelitatemque
1491 1787 1705 1838 persequar.

312 1843 472 1881 Etenim
494 1843 719 1883 ulciscendae
739 1846 887 1898 injuriae
907 1846 1058 1886 facilior
1078 1849 1173 1886 ratio
1196 1849 1248 1886 est
1264 1879 1274 1894 ,
1306 1864 1423 1902 quam
1446 1852 1623 1890 beneficii
1645 1868 1706 1891 re-

312 1909 565 1947 munerandi:
603 1920 802 1963 propterea
835 1913 940 1964 quod
974 1913 1205 1966 superiorem
1242 1915 1313 1953 effe
1344 1927 1476 1955 contra
1509 1919 1707 1971 improbos

311 1974 441 2011 minus
473 1974 524 2012 est
553 1978 727 2028 negotii,
759 1991 875 2029 quam
909 1980 1020 2017 bonis
1046 1980 1263 2033 exaequari5
1297 1991 1382 2021 tum
1408 1985 1524 2022 etiam
1552 1999 1598 2022 ne
1627 1996 1706 2023 tarn

310 2040 556 2080 necessarium
587 2044 747 2095 quidem
778 2045 830 2082 est
863 2047 963 2084 male
995 2048 1168 2093 meritis,
1200 2062 1319 2100 quam
1350 2051 1498 2103 optime
1530 2053 1703 2096 meritis,

311 2105 448 2143 referre
479 2108 583 2159 quod
614 2110 763 2148 debeas.
798 2111 946 2150 Odium
980 2113 1039 2150 vel
1070 2115 1249 2166 precibus
1282 2116 1450 2168 mitigari
1477 2118 1613 2169 potest,
1645 2118 1704 2154 vel

311 2173 549 2224 temporibus
572 2175 792 2226 reipublicae
813 2179 1095 2231 communique
1125 2180 1290 2218 utilitate
1315 2182 1483 2233 deponi,
1517 2184 1574 2220 vel
1598 2183 1702 2220 diffi-

313 2238 455 2276 cultate
491 2239 696 2278 ulciscendi
731 2243 878 2288 teneri,
919 2244 977 2281 vel
1015 2245 1196 2283 vetustate
1231 2246 1373 2285 sedari:
1416 2249 1510 2285 bene
1545 2249 1701 2286 meritos

314 2305 407 2356 quin
444 2305 572 2349 colas,
614 2319 683 2344 nec
717 2310 861 2346 exorari
899 2309 953 2348 fas
988 2311 1068 2356 est,
1105 2325 1174 2349 nec
1207 2313 1244 2350 id
1282 2314 1502 2364 reipublicae
1536 2323 1702 2365 repetere

313 2381 511 2421 utcunque
546 2372 688 2409 necesse
723 2373 802 2417 est,
843 2388 967 2426 neque
1005 2377 1057 2413 est
1095 2378 1287 2414 excusatio
1326 2378 1590 2422 difficultatis,
1631 2394 1699 2417 ne-

312 2450 387 2490 que
418 2450 572 2488 :equum
605 2438 657 2476 est
690 2447 861 2490 tempore
891 2450 927 2477 et
959 2442 1019 2478 die
1054 2443 1279 2480 memoriam
1317 2444 1493 2481 beneficii
1525 2445 1698 2484 definire.
