2212 2835
402 163 474 202 118
908 164 1306 202 ORATIO

398 261 598 299 tribunitia
614 260 773 312 potestas
792 259 1005 298 minuitur:
1036 269 1121 299 tum
1137 262 1176 299 in
1197 274 1241 299 eo
1262 261 1528 307 deridendum,
1551 264 1655 315 quod
1674 266 1780 303 Con-

398 326 483 370 suli,
516 326 539 363 si
561 326 687 377 legem
707 325 892 363 curiatam
914 339 991 363 non
1011 325 1141 371 habet,
1174 328 1358 380 attingere
1378 341 1458 366 rem
1481 329 1687 367 militarem
1707 343 1784 368 non

397 391 506 435 licet;
525 390 632 435 huic,
647 391 714 443 qui
731 399 831 429 vetat
845 392 1103 430 intercedendi
1119 393 1355 445 potestatem,
1371 394 1486 432 etiarn
1505 395 1528 432 Γ]
1544 394 1785 433 intercessum

397 456 455 501 fit,
474 465 600 494 tamen
617 456 777 494 eandem
792 456 1005 502 constituit,
1024 471 1156 510 quam,
1179 459 1204 496 fi
1221 459 1295 496 lata
1309 458 1397 497 esset
1415 460 1495 498 lex:
1520 469 1561 497 ut
1578 474 1654 498 non
1668 460 1785 498 intel-

397 522 530 575 ligam,
552 536 667 575 quare
683 532 747 561 aut
761 521 828 561 hic
843 532 944 561 vetet
962 524 1206 569 intercedere,
1229 533 1293 563 aut
1310 539 1547 578 quemquam
1565 524 1786 564 intercessu-

396 603 486 628 rum
505 598 641 641 putet3
674 603 766 627 cum
793 590 1005 628 interceffio
1032 590 1233 629 stultitiam
1260 591 1508 630 intercessoris
1531 591 1785 645 significatura

396 655 454 700 fit,
485 668 564 693 non
584 668 664 693 rem
690 655 934 708 impeditura.

452 721 536 759 Sint
568 721 686 774 igitur
716 721 925 760 decemviri
958 735 1082 774 neque
1112 722 1206 760 veris
1238 723 1422 769 comitiis,
1453 723 1527 762 hoc
1554 724 1620 769 est,
1651 724 1786 778 populi

397 787 596 840 suffragiis,
628 800 753 840 neque
773 787 850 826 illis
870 788 915 826 ad
936 788 1121 841 speciem,
1151 798 1265 841 atque
1286 790 1331 827 ad
1353 790 1635 843 usurpationem
1659 790 1784 829 vetus-

397 855 499 899 tatis,
532 867 597 906 per
618 867 706 891 xxx
728 853 892 898 lid‘tores,
924 854 1182 907 auspiciorum
1209 855 1330 900 causa,
1362 856 1611 900 adumbratis,
1642 856 1784 894 consti-

398 921 487 959 tuti.
520 920 660 958 Videte
680 934 798 964 nunc,
829 933 906 964 eos,
936 920 1004 972 qui
1034 934 1054 957 a
1084 921 1192 959 vobis
1220 919 1319 959 nihil
1341 921 1533 974 potestatis
1554 923 1784 974 acceperint,

397 996 542 1038 quanto
572 986 782 1037 majoribus
814 987 1046 1023 ornamentis
1074 986 1226 1030 afficiat,
1258 1000 1376 1038 quam
1401 1000 1534 1025 omnes
1562 1000 1629 1025 nos
1662 986 1787 1025 affeffi

398 1052 540 1097 sumus,
573 1052 714 1104 quibus
742 1064 807 1090 vos
834 1051 1082 1104 ampliffimas
1108 1052 1308 1104 potestates
1339 1053 1506 1092 dedistis.
1539 1054 1670 1105 Jubet,
1701 1053 1785 1092 aus-

397 1119 489 1170 picii
518 1118 758 1156 coloniarum
788 1117 1100 1155 deducendarum
1127 1118 1248 1162 causa,
1278 1118 1513 1157 decemviros
1537 1118 1676 1158 habere
1695 1119 1785 1172 pul-

398 1186 523 1223 larios.
554 1184 684 1223 Eodem
690 1184 793 1235 jure,
825 1183 967 1235 inquit,
999 1197 1064 1236 quo
1083 1183 1288 1222 habuerunt
1308 1186 1460 1238 tresviri
1475 1186 1547 1238 lege
1567 1186 1786 1238 Sempronia.

396 1250 526 1288 Audes
558 1250 689 1293 etiam,
722 1248 852 1293 Rulle,
884 1250 1124 1287 mentionem
1154 1248 1277 1287 facere
1304 1250 1397 1303 legis
1425 1251 1684 1303 Semproniae?
1716 1264 1786 1288 nec

397 1326 434 1353 te
453 1329 496 1353 ea
515 1316 577 1353 lex
598 1315 676 1368 ipsa
693 1324 933 1359 commonet,
957 1324 1031 1353 tres
1052 1316 1151 1353 viros
1169 1315 1255 1353 illos
1279 1329 1395 1354 xxxv
1418 1317 1592 1354 tribuum
1609 1315 1787 1369 suffragio

397 1382 467 1421 esse
498 1383 671 1421 creatos?
703 1382 769 1426 Et,
801 1395 893 1420 cum
925 1390 967 1419 tu
998 1395 1018 1419 a
1044 1382 1138 1420 Tib.
1171 1381 1342 1420 Gracchi
1369 1384 1546 1435 aequitate
1573 1397 1614 1421 ac
1644 1383 1788 1435 pudore

396 1449 612 1502 longiffime
632 1457 802 1486 remotus
822 1449 890 1493 fis3
922 1448 976 1492 id,
998 1448 1104 1500 quod
1123 1448 1376 1487 diffimillima
1394 1449 1539 1488 ratione
1558 1448 1705 1488 faetum
1726 1449 1785 1493 fit,

396 1518 531 1554 eodem
546 1516 632 1567 jure
652 1524 761 1568 putas
781 1513 853 1552 effe
871 1523 1046 1567 oportere
1064 1514 1077 1551 ?

456 1583 571 1620 XIII.
604 1583 682 1619 Dat
701 1590 879 1634 praeterea
897 1580 1135 1634 potestatem,
1166 1581 1283 1620 verbo
1301 1582 1532 1635 praetoriam,
1563 1596 1602 1621 re
1623 1595 1706 1620 vera
1726 1595 1785 1620 re-

396 1649 519 1699 giam:
543 1647 678 1685 definit
692 1648 733 1684 in
749 1647 1078 1699 quinquennium,
1099 1646 1193 1685 facit
1213 1641 1498 1701 sempiternam.
1523 1648 1661 1686 Tantis
1682 1648 1788 1687 enim

396 1714 599 1752 confirmat
628 1714 766 1766 opibus
793 1721 830 1750 et
855 1713 992 1765 copiis,
1023 1722 1066 1750 ut
1095 1713 1225 1750 invitis
1253 1715 1349 1766 eripi
1375 1714 1483 1751 nullo
1504 1714 1621 1752 modo
1642 1714 1783 1766 poffit:

397 1779 534 1817 deinde
554 1788 662 1817 ornat
681 1778 952 1831 aparitoribus,
984 1777 1130 1822 scribis,
1162 1778 1339 1822 librariis,
1372 1780 1625 1830 praeconibus,
1659 1778 1786 1816 archi-

400 1847 507 1883 tectis
524 1863 543 1889 ς’
570 1854 746 1897 praeterea
780 1844 898 1882 mulis
915 1873 926 1889 ‚
968 1843 1221 1881 tabernaculis
1236 1873 1246 1888 ‚
1286 1845 1467 1882 centuriis
1483 1874 1493 1890 ,
1532 1844 1757 1898 supelleCfili
1776 1860 1785 1883 :

396 1911 598 1964 sumptum
632 1910 759 1948 haurit
792 1923 839 1948 ex
873 1910 1022 1955 aerario,
1059 1910 1273 1963 suppeditat
1307 1924 1327 1948 a
1360 1910 1496 1949 sociis:
1530 1912 1706 1962 janitores
1741 1924 1788 1950 ex

392 1976 558 2029 equestri
579 1976 665 2014 loco
678 1976 860 2014 ducentos
875 1976 915 2014 in
928 1989 1046 2014 annos
1061 1976 1225 2027 singulos
1246 1976 1440 2029 stipatores
1458 1978 1627 2030 corporis
1644 1977 1787 2016 consti-

398 2044 499 2087 tuit3
529 2042 682 2080 eosdem
704 2041 896 2080 ministros
916 2050 954 2080 et
972 2041 1147 2080 satellites
1167 2042 1374 2094 potestatis.

452 2110 636 2148 Formam
656 2107 783 2146 adhuc
803 2107 965 2153 habetis,
997 2108 1191 2160 Qirstes,
1222 2117 1259 2145 et
1280 2108 1443 2161 speciem
1465 2109 1582 2161 ipsam
1604 2118 1787 2161 tyranno-

396 2189 511 2214 rum:
557 2174 717 2227 infignia
756 2174 890 2212 videtis
926 2174 1132 2227 potestatis,
1178 2174 1353 2213 nondum
1387 2175 1508 2227 ipsam
1548 2175 1786 2228 potestatem.

397 2241 552 2280 Dixerit
583 2241 689 2280 enim
719 2239 869 2278 fortasse
899 2241 1103 2293 quispiam,
1136 2241 1244 2294 Qid
1277 2255 1340 2279 me
1367 2241 1433 2279 ista
1461 2242 1619 2287 hedum,
1652 2241 1786 2287 scriba,

397 2309 521 2352 liffitor,
544 2320 679 2360 praeco,
710 2306 922 2360 pullarius?
955 2307 1103 2344 Omnia
1120 2306 1206 2345 sunt
1226 2306 1306 2345 haec
1328 2306 1566 2360 hujusmodi,
1597 2307 1786 2358 Qirites,

398 2383 441 2411 ut
461 2387 503 2411 ea
523 2373 590 2425 qui
611 2372 749 2411 habeat
769 2372 845 2410 fine
864 2372 993 2411 vestris
1015 2372 1214 2427 suffragiis,
1238 2382 1302 2412 aut
1323 2387 1388 2412 rex
1409 2387 1486 2413 non
1507 2373 1698 2418 ferendus,
1722 2380 1785 2410 aut

395 2439 565 2493 privatus
586 2437 764 2484 furiosus,
793 2436 865 2477 effe
883 2437 1067 2477 videatur.
