2212 2835
492 140 570 180 312
1005 126 1405 164 ORATIO

491 223 733 276 investigator
761 231 874 275 atque
902 221 1019 266 ultor,
1051 231 1153 260 certe
1180 235 1256 260 non
1285 222 1529 261 defenderem
1552 224 1708 276 Syllam,
1741 225 1765 263 fi
1788 239 1883 264 con=

484 291 620 342 jur-affe
657 291 866 328 arbitrarer.
901 290 1011 342 Ego,
1044 289 1225 340 Judices,
1258 290 1304 327 de
1340 291 1453 328 tantis
1489 292 1671 329 omnium
1705 293 1885 344 periculis

490 371 582 394 cum
611 370 820 408 quaererem
850 357 999 401 omnia,
1032 355 1157 393 multa
1186 356 1377 400 audirem,
1410 370 1487 394 non
1516 358 1709 395 crederem
1740 359 1885 403 omnia,

488 436 659 460 caverem
681 424 831 468 omnia;
850 423 937 460 dico
958 422 1047 466 hoc,
1071 422 1175 474 quod
1196 423 1309 460 initio
1331 423 1426 468 dixi,
1450 424 1594 462 nullius
1615 424 1774 470 indicio,
1796 424 1885 461 nul-

490 488 563 526 lius
585 488 820 541 suspicione,
853 488 969 526 nullis
997 488 1116 525 literis
1134 517 1145 533 ,
1176 488 1222 525 de
1250 501 1287 525 re
1313 489 1356 527 P.
1380 489 1490 540 Syllae
1513 503 1594 528 rem
1616 489 1737 528 ullam
1758 490 1804 527 ad
1823 502 1887 528 me

490 554 559 592 effe
580 555 757 593 delatam.

544 623 697 660 XXXI.
732 622 1001 673 Qamobrem
1034 635 1124 666 vos,
1157 622 1226 660 Dii
1262 623 1372 674 patrii
1403 636 1443 661 ac
1477 632 1656 675 penates,
1690 624 1758 676 qui
1789 621 1883 661 huic

489 688 578 725 urbi
600 697 713 740 atque
733 687 825 726 huic
847 689 1011 740 imperio
1030 687 1248 739 praefidetis,
1267 689 1335 739 qui
1356 687 1431 726 hoc
1452 690 1675 742 imperium,
1699 690 1766 742 qui
1788 688 1885 726 hanc

488 754 720 797 libertatem,
742 753 1008 805 populumque
1030 753 1272 796 Romanum,
1291 754 1356 804 qui
1378 753 1459 791 haec
1478 756 1574 792 tecla
1593 764 1707 807 atque
1728 754 1885 807 templa,

489 833 554 856 me
574 818 749 863 consule,
782 817 901 855 vestro
922 818 1082 855 numine
1102 817 1324 869 auxilioque
1345 817 1510 856 servastis
1525 848 1536 863 ,
1569 819 1682 857 testor
1696 849 1705 864 ,
1738 821 1887 872 integro

489 899 553 923 me
574 885 718 930 animo,
748 898 791 923 ac
811 885 948 929 libero,
980 885 1025 923 P.
1045 884 1155 935 Syllae
1176 883 1326 922 causam
1349 883 1575 929 defendere;
1607 886 1764 923 nullum
1785 900 1804 923 a
1825 899 1888 923 me

489 951 631 989 sciente
649 950 800 989 facinus
821 950 1031 995 occultari,
1064 949 1220 988 nullum
1249 950 1367 988 scelus
1396 949 1614 1004 susceptum
1634 960 1768 989 contra
1787 950 1887 989 salu-

491 1027 571 1056 tem
587 1018 768 1056 omnium
784 1017 937 1056 defendi
959 1031 1001 1055 ac
1023 1018 1119 1070 tegi:
1141 1016 1241 1055 nihil
1262 1018 1307 1055 de
1328 1015 1403 1055 hoc
1424 1017 1557 1056 consul
1578 1019 1765 1071 comperi,
1788 1017 1887 1056 nihil

491 1084 698 1137 suspicatus
732 1085 841 1130 sum,
873 1083 973 1122 nihil
1008 1084 1150 1123 audivi.
1184 1084 1319 1136 Itaque
1352 1084 1455 1122 idem
1491 1098 1561 1137 ego
1597 1085 1686 1130 ille,
1719 1086 1788 1138 qui
1822 1098 1888 1123 ve-

489 1149 651 1188 hemens
673 1151 713 1188 in
734 1151 841 1195 alios,
858 1151 926 1202 qui
949 1150 1194 1188 inexorabilis
1216 1151 1255 1188 in
1277 1160 1446 1194 castros,
1467 1150 1538 1188 efl'e
1559 1150 1657 1188 visus
1679 1151 1778 1197 sum,
1800 1165 1888 1204 per-

489 1217 583 1255 solvi
603 1218 732 1270 patriae
753 1218 858 1270 quod
878 1216 1019 1255 debui:
1053 1217 1200 1269 reliqua
1219 1218 1301 1268 jam
1329 1231 1348 1255 a
1375 1231 1437 1255 me
1466 1231 1558 1255 meae
1579 1227 1769 1270 perpetuae
1791 1231 1887 1256 con-

490 1284 683 1322 suetudini
710 1293 929 1336 naturaeque
957 1283 1158 1321 debentur.
1192 1285 1296 1321 Tam
1322 1284 1405 1322 sum
1433 1284 1671 1329 misericors,
1703 1284 1887 1336 Judices,

490 1363 608 1402 quam
631 1364 696 1388 vos
714 1369 725 1395 3
757 1359 837 1388 tam
858 1350 964 1388 mitis
983 1379 994 1394 ‚
1026 1363 1142 1402 quam
1163 1350 1231 1403 qui
1252 1350 1477 1388 leniffimus.
1511 1352 1556 1388 In
1585 1365 1663 1403 quo
1680 1349 1887 1390 vehemens

490 1415 549 1454 fui
570 1416 769 1454 vobiscum
790 1446 800 1462 ,
832 1415 931 1454 nihil
952 1415 1027 1454 feci
1044 1444 1055 1461 ‚
1087 1415 1154 1453 nifi
1176 1418 1352 1454 coadius:
1385 1417 1606 1469 reipublicae
1633 1417 1889 1470 praecipitanti

490 1483 666 1521 subveni:
691 1484 853 1535 patriam
874 1481 1085 1520 demersam
1106 1481 1247 1520 extuli:
1272 1482 1530 1521 misericordia
1550 1483 1697 1521 civium
1718 1483 1888 1528 adducti,

490 1558 584 1587 tunc
616 1548 764 1588 fuimus
796 1558 874 1586 tam
906 1547 1178 1593 vehementes,
1209 1562 1327 1600 quam
1359 1549 1501 1587 necesse
1536 1548 1640 1588 fuit:
1672 1549 1769 1588 salus
1799 1548 1891 1588 effet

490 1616 670 1654 omnium
692 1615 821 1653 amiffa
841 1628 916 1653 una
935 1617 1067 1660 nodie,
1099 1614 1167 1652 nifi
1189 1614 1277 1653 effet
1297 1615 1470 1653 severitas
1491 1615 1558 1653 illa
1578 1613 1760 1669 suscepta.
1793 1615 1887 1661 Sed,

492 1691 534 1718 ut
558 1682 604 1719 ad
624 1682 891 1720 sceleratorum
912 1695 1068 1735 poenam
1088 1694 1217 1718 amore
1237 1681 1459 1734 reipublicae
1484 1681 1568 1720 sum
1595 1682 1780 1721 addustus
1795 1711 1807 1728 ,
1839 1681 1889 1720 fic

490 1748 536 1785 ad
557 1748 717 1786 salutem
737 1749 1006 1787 innocentium
1027 1747 1225 1785 voluntate
1245 1747 1423 1784 deducor.

547 1812 663 1851 Nihil
696 1814 805 1851 video
835 1812 908 1851 effe
938 1813 979 1850 in
1011 1812 1087 1850 hoc
1119 1813 1164 1850 P.
1199 1812 1324 1863 Sylla,
1355 1812 1511 1863 judices
1531 1842 1541 1857 ,
1573 1813 1663 1851 odio
1693 1813 1887 1866 dignum,

491 1866 752 1918 misericordia
771 1880 888 1932 digna
907 1879 1044 1917 multa.
1076 1879 1218 1931 Neque
1239 1879 1344 1917 enim
1366 1893 1469 1917 nunc
1496 1879 1758 1933 propulsandae
1784 1881 1887 1918 cala-

492 1946 638 1984 mitatis
659 1945 732 1984 suae
752 1945 860 1984 causa
885 1945 1045 1997 supplex
1072 1945 1117 1983 ad
1144 1958 1235 1990 vos,
1267 1945 1450 1996 Judices,
1482 1945 1689 1998 confugit3
1722 1946 1807 1991 sed,
1839 1961 1888 1985 ne

491 2026 568 2065 qua
598 2012 727 2065 generi
758 2025 800 2050 ac
832 2012 983 2050 nomini
1015 2011 1081 2050 suo
1111 2021 1202 2050 nota
1231 2010 1383 2049 nefariae
1414 2013 1666 2065 turpitudinis
1697 2014 1885 2053 inuratur.

491 2079 600 2116 Nam
626 2079 704 2131 ipse
730 2078 889 2131 quidem
905 2107 915 2123 ,
948 2078 973 2115 fi
999 2079 1071 2115 erit
1097 2077 1216 2116 vestro
1241 2078 1392 2130 judicio
1419 2078 1601 2117 liberatus
1619 2108 1629 2124 ,
1661 2093 1746 2131 quae
1773 2079 1889 2119 habet

490 2154 742 2189 ornamenta,
774 2157 859 2196 quae
880 2143 1010 2181 solatia
1037 2143 1192 2196 reliquae
1220 2144 1331 2188 vitae,
1363 2144 1505 2196 quibus
1534 2144 1651 2183 laetari
1680 2154 1717 2183 et
1742 2146 1889 2198 perfrui

490 2210 603 2265 poffit
622 2210 634 2247 ?
667 2212 823 2249 Domus
841 2210 926 2255 erit,
957 2209 1085 2255 credo,
1106 2218 1309 2248 exornata:
1341 2210 1558 2262 aperientur
1576 2212 1767 2264 majorum
1788 2213 1888 2250 ima-

494 2279 625 2330 gines:
658 2278 735 2330 ipse
755 2286 933 2316 ornatum
955 2290 996 2314 ac
1018 2276 1198 2315 vestitum
1224 2277 1477 2329 recuperabit.
1513 2278 1678 2323 Omnia,
1709 2278 1887 2330 Judices,

493 2343 576 2382 haec
597 2343 725 2382 amissa
746 2343 854 2382 sunt:
886 2343 1017 2381 omnia
1036 2343 1199 2396 generis,
1231 2343 1416 2388 nominis,
1448 2343 1619 2389 honoris,
1648 2344 1810 2397 insignia
1829 2354 1887 2382 at-

495 2423 571 2463 que
605 2420 827 2450 ornamenta
858 2410 971 2449 unius
1000 2409 1143 2463 judicii
1177 2409 1393 2448 calamitate
1426 2410 1663 2450 occiderunt.
1706 2410 1804 2456 Sed,
1839 2422 1887 2448 ne
