<?xml version="1.0" encoding="UTF-8"?>
<!DOCTYPE html PUBLIC "-//W3C//DTD XHTML 1.0 Transitional//EN"
    "http://www.w3.org/TR/xhtml1/DTD/xhtml1-transitional.dtd">
<html xmlns="http://www.w3.org/1999/xhtml" xml:lang="en" lang="en">
 <head>
  <title>
</title>
<meta http-equiv="Content-Type" content="text/html;charset=utf-8" />
  <meta name='ocr-system' content='tesseract 3.04.00' />
  <meta name='ocr-capabilities' content='ocr_page ocr_carea ocr_par ocr_line ocrx_word'/>
</head>
<body>
  <div class='ocr_page' id='page_1' title='image "./operacumindicibu05ciceuoft_0466.png"; bbox 0 0 2212 2835; ppageno 0'>
   <div class='ocr_carea' id='block_1_1' title="bbox 462 98 1362 156">
    <p class='ocr_par' dir='ltr' id='par_1_1' title="bbox 462 98 1362 156">
     <span class='ocr_line' id='line_1_1' title="bbox 462 98 1362 156; baseline -0.006 -16"><span class='ocrx_word' id='word_1_1' title='bbox 462 115 543 156; x_wconf 80' lang='lat'><strong>450</strong></span> <span class='ocrx_word' id='word_1_2' title='bbox 960 98 1362 154; x_wconf 75' lang='lat' dir='ltr'>ORATIO</span> 
     </span>
    </p>
   </div>
   <div class='ocr_carea' id='block_1_2' title="bbox 463 192 1901 2445">
    <p class='ocr_par' dir='ltr' id='par_1_2' title="bbox 463 192 1865 451">
     <span class='ocr_line' id='line_1_2' title="bbox 463 192 1861 247; baseline -0.004 -10"><span class='ocrx_word' id='word_1_3' title='bbox 463 198 742 238; x_wconf 74' lang='lat' dir='ltr'>observantiam</span> <span class='ocrx_word' id='word_1_4' title='bbox 764 196 905 234; x_wconf 86' lang='lat' dir='ltr'><strong>sancire</strong></span> <span class='ocrx_word' id='word_1_5' title='bbox 928 208 1054 247; x_wconf 83' lang='lat' dir='ltr'><strong>poena.</strong></span> <span class='ocrx_word' id='word_1_6' title='bbox 1092 195 1227 246; x_wconf 80' lang='lat' dir='ltr'><strong>Itaque</strong></span> <span class='ocrx_word' id='word_1_7' title='bbox 1249 192 1488 232; x_wconf 72' lang='lat' dir='ltr'><strong>haesitantem</strong></span> <span class='ocrx_word' id='word_1_8' title='bbox 1510 200 1546 231; x_wconf 89' lang='lat' dir='ltr'><strong>te</strong></span> <span class='ocrx_word' id='word_1_9' title='bbox 1566 192 1606 232; x_wconf 86' lang='lat' dir='ltr'><strong>in</strong></span> <span class='ocrx_word' id='word_1_10' title='bbox 1628 192 1703 232; x_wconf 91' lang='lat' dir='ltr'><strong>hoc</strong></span> <span class='ocrx_word' id='word_1_11' title='bbox 1724 193 1861 232; x_wconf 73' lang='lat' dir='ltr'><strong>sodali-</strong></span> 
     </span>
     <span class='ocr_line' id='line_1_3' title="bbox 464 260 1864 304; baseline -0.004 -2"><span class='ocrx_word' id='word_1_12' title='bbox 464 268 606 304; x_wconf 69' lang='lat' dir='ltr'><strong>tiorum</strong></span> <span class='ocrx_word' id='word_1_13' title='bbox 629 264 814 302; x_wconf 79' lang='lat' dir='ltr'><strong>tribuario</strong></span> <span class='ocrx_word' id='word_1_14' title='bbox 833 263 996 300; x_wconf 81' lang='lat' dir='ltr'><strong>crimine</strong></span> <span class='ocrx_word' id='word_1_15' title='bbox 1016 262 1062 299; x_wconf 85' lang='lat' dir='ltr'><strong>ad</strong></span> <span class='ocrx_word' id='word_1_16' title='bbox 1082 274 1338 299; x_wconf 87' lang='lat' dir='ltr'><strong>communem</strong></span> <span class='ocrx_word' id='word_1_17' title='bbox 1358 260 1528 298; x_wconf 81' lang='lat' dir='ltr'>ambitus</span> <span class='ocrx_word' id='word_1_18' title='bbox 1550 260 1700 299; x_wconf 87' lang='lat' dir='ltr'><strong>causam</strong></span> <span class='ocrx_word' id='word_1_19' title='bbox 1722 269 1864 298; x_wconf 92' lang='lat' dir='ltr'><strong>contu-</strong></span> 
     </span>
     <span class='ocr_line' id='line_1_4' title="bbox 464 326 1865 382; baseline -0.004 -13"><span class='ocrx_word' id='word_1_20' title='bbox 464 333 536 370; x_wconf 68' lang='lat' dir='ltr'><strong>listi</strong></span> <span class='ocrx_word' id='word_1_21' title='bbox 553 361 564 376; x_wconf 91' lang='lat'><strong>,</strong></span> <span class='ocrx_word' id='word_1_22' title='bbox 596 332 636 368; x_wconf 85' lang='lat' dir='ltr'><strong>in</strong></span> <span class='ocrx_word' id='word_1_23' title='bbox 657 344 731 382; x_wconf 87' lang='lat' dir='ltr'><strong>qua</strong></span> <span class='ocrx_word' id='word_1_24' title='bbox 752 329 966 367; x_wconf 79' lang='lat' dir='ltr'><strong>desinamus</strong></span> <span class='ocrx_word' id='word_1_25' title='bbox 988 328 1220 380; x_wconf 83' lang='lat' dir='ltr'><strong>aliquando,</strong></span> <span class='ocrx_word' id='word_1_26' title='bbox 1253 328 1278 366; x_wconf 91' lang='lat' dir='ltr'>fi</span> <span class='ocrx_word' id='word_1_27' title='bbox 1300 327 1475 372; x_wconf 86' lang='lat' dir='ltr'><strong>videtur,</strong></span> <span class='ocrx_word' id='word_1_28' title='bbox 1505 326 1652 380; x_wconf 82' lang='lat' dir='ltr'><strong>vulgari</strong></span> <span class='ocrx_word' id='word_1_29' title='bbox 1675 336 1711 365; x_wconf 89' lang='lat' dir='ltr'><strong>et</strong></span> <span class='ocrx_word' id='word_1_30' title='bbox 1731 339 1865 379; x_wconf 80' lang='lat' dir='ltr'><strong>perva-</strong></span> 
     </span>
     <span class='ocr_line' id='line_1_5' title="bbox 464 394 1597 451; baseline -0.002 -16"><span class='ocrx_word' id='word_1_31' title='bbox 464 408 549 451; x_wconf 56' lang='lat' dir='ltr'><strong>gata</strong></span> <span class='ocrx_word' id='word_1_32' title='bbox 569 396 850 435; x_wconf 80' lang='lat' dir='ltr'>declamatione</span> <span class='ocrx_word' id='word_1_33' title='bbox 870 395 1116 433; x_wconf 82' lang='lat' dir='ltr'><strong>contendere.</strong></span> <span class='ocrx_word' id='word_1_34' title='bbox 1150 395 1211 432; x_wconf 82' lang='lat' dir='ltr'><strong>Sic</strong></span> <span class='ocrx_word' id='word_1_35' title='bbox 1232 394 1337 431; x_wconf 85' lang='lat' dir='ltr'><strong>enim</strong></span> <span class='ocrx_word' id='word_1_36' title='bbox 1359 402 1491 431; x_wconf 87' lang='lat' dir='ltr'><strong>tecum</strong></span> <span class='ocrx_word' id='word_1_37' title='bbox 1512 407 1597 446; x_wconf 85' lang='lat' dir='ltr'><strong>ago.</strong></span> 
     </span>
    </p>

    <p class='ocr_par' dir='ltr' id='par_1_3' title="bbox 465 458 1884 1379">
     <span class='ocr_line' id='line_1_6' title="bbox 521 458 1868 516; baseline -0.004 -14"><span class='ocrx_word' id='word_1_38' title='bbox 521 466 653 516; x_wconf 84' lang='lat' dir='ltr'><strong>Qam</strong></span> <span class='ocrx_word' id='word_1_39' title='bbox 686 463 759 501; x_wconf 87' lang='lat' dir='ltr'><strong>tibi</strong></span> <span class='ocrx_word' id='word_1_40' title='bbox 790 462 1047 500; x_wconf 83' lang='lat' dir='ltr'><strong>commodum</strong></span> <span class='ocrx_word' id='word_1_41' title='bbox 1079 462 1144 506; x_wconf 87' lang='lat' dir='ltr'><strong>est,</strong></span> <span class='ocrx_word' id='word_1_42' title='bbox 1178 474 1294 499; x_wconf 86' lang='lat' dir='ltr'><strong>unam</strong></span> <span class='ocrx_word' id='word_1_43' title='bbox 1327 460 1474 498; x_wconf 81' lang='lat' dir='ltr'>tribum</span> <span class='ocrx_word' id='word_1_44' title='bbox 1507 460 1633 513; x_wconf 82' lang='lat' dir='ltr'><strong>delige</strong></span> <span class='ocrx_word' id='word_1_45' title='bbox 1668 470 1739 498; x_wconf 86' lang='lat' dir='ltr'><strong>tu:</strong></span> <span class='ocrx_word' id='word_1_46' title='bbox 1772 458 1868 496; x_wconf 88' lang='lat' dir='ltr'><strong>doce</strong></span> 
     </span>
     <span class='ocr_line' id='line_1_7' title="bbox 465 527 1868 584; baseline -0.005 -15"><span class='ocrx_word' id='word_1_47' title='bbox 465 531 519 576; x_wconf 71' lang='lat' dir='ltr'><strong>id,</strong></span> <span class='ocrx_word' id='word_1_48' title='bbox 551 531 657 584; x_wconf 75' lang='lat' dir='ltr'><strong>quod-</strong></span> <span class='ocrx_word' id='word_1_49' title='bbox 690 530 817 574; x_wconf 83' lang='lat' dir='ltr'><strong>debes,</strong></span> <span class='ocrx_word' id='word_1_50' title='bbox 849 542 917 581; x_wconf 88' lang='lat' dir='ltr'><strong>per</strong></span> <span class='ocrx_word' id='word_1_51' title='bbox 947 542 1066 580; x_wconf 88' lang='lat' dir='ltr'><strong>quem</strong></span> <span class='ocrx_word' id='word_1_52' title='bbox 1098 528 1343 580; x_wconf 85' lang='lat' dir='ltr'><strong>sequestrem,</strong></span> <span class='ocrx_word' id='word_1_53' title='bbox 1376 541 1454 580; x_wconf 91' lang='lat' dir='ltr'><strong>quo</strong></span> <span class='ocrx_word' id='word_1_54' title='bbox 1483 527 1658 573; x_wconf 87' lang='lat' dir='ltr'><strong>divisore,</strong></span> <span class='ocrx_word' id='word_1_55' title='bbox 1690 533 1868 577; x_wconf 88' lang='lat' dir='ltr'><strong>corrupta</strong></span> 
     </span>
     <span class='ocr_line' id='line_1_8' title="bbox 465 590 1870 649; baseline -0.006 -14"><span class='ocrx_word' id='word_1_56' title='bbox 465 598 510 635; x_wconf 80' lang='lat' dir='ltr'><strong>sit</strong></span> <span class='ocrx_word' id='word_1_57' title='bbox 529 612 537 635; x_wconf 91' lang='lat'>:</span> <span class='ocrx_word' id='word_1_58' title='bbox 570 610 642 649; x_wconf 84' lang='lat' dir='ltr'><strong>ego</strong></span> <span class='ocrx_word' id='word_1_59' title='bbox 657 625 668 640; x_wconf 94' lang='lat'><strong>,</strong></span> <span class='ocrx_word' id='word_1_60' title='bbox 700 595 724 633; x_wconf 90' lang='lat' dir='ltr'><strong>s1</strong></span> <span class='ocrx_word' id='word_1_61' title='bbox 747 595 786 633; x_wconf 92' lang='lat' dir='ltr'><strong>id</strong></span> <span class='ocrx_word' id='word_1_62' title='bbox 806 593 928 632; x_wconf 83' lang='lat' dir='ltr'><strong>facere</strong></span> <span class='ocrx_word' id='word_1_63' title='bbox 950 607 1027 632; x_wconf 89' lang='lat' dir='ltr'><strong>non</strong></span> <span class='ocrx_word' id='word_1_64' title='bbox 1047 594 1216 646; x_wconf 81' lang='lat' dir='ltr'><strong>potueris</strong></span> <span class='ocrx_word' id='word_1_65' title='bbox 1235 622 1246 638; x_wconf 94' lang='lat'><strong>,</strong></span> <span class='ocrx_word' id='word_1_66' title='bbox 1278 593 1383 645; x_wconf 88' lang='lat' dir='ltr'><strong>quod</strong></span> <span class='ocrx_word' id='word_1_67' title='bbox 1401 622 1412 638; x_wconf 92' lang='lat'>‚</span> <span class='ocrx_word' id='word_1_68' title='bbox 1444 603 1487 631; x_wconf 91' lang='lat' dir='ltr'><strong>ut</strong></span> <span class='ocrx_word' id='word_1_69' title='bbox 1507 594 1642 646; x_wconf 89' lang='lat' dir='ltr'><strong>opinio</strong></span> <span class='ocrx_word' id='word_1_70' title='bbox 1661 605 1747 631; x_wconf 86' lang='lat' dir='ltr'><strong>mea</strong></span> <span class='ocrx_word' id='word_1_71' title='bbox 1766 590 1840 628; x_wconf 87' lang='lat' dir='ltr'><strong>fert</strong></span> <span class='ocrx_word' id='word_1_72' title='bbox 1858 618 1870 634; x_wconf 90' lang='lat'><strong>,</strong></span> 
     </span>
     <span class='ocr_line' id='line_1_9' title="bbox 466 657 1871 714; baseline -0.004 -15"><span class='ocrx_word' id='word_1_73' title='bbox 466 675 515 700; x_wconf 83' lang='lat' dir='ltr'><strong>ne</strong></span> <span class='ocrx_word' id='word_1_74' title='bbox 536 661 696 714; x_wconf 87' lang='lat' dir='ltr'><strong>incipies</strong></span> <span class='ocrx_word' id='word_1_75' title='bbox 717 660 877 712; x_wconf 89' lang='lat' dir='ltr'><strong>quidem</strong></span> <span class='ocrx_word' id='word_1_76' title='bbox 892 688 903 703; x_wconf 93' lang='lat'>‚</span> <span class='ocrx_word' id='word_1_77' title='bbox 936 672 1002 711; x_wconf 89' lang='lat' dir='ltr'><strong>per</strong></span> <span class='ocrx_word' id='word_1_78' title='bbox 1022 672 1142 710; x_wconf 86' lang='lat' dir='ltr'><strong>quem</strong></span> <span class='ocrx_word' id='word_1_79' title='bbox 1164 659 1319 703; x_wconf 86' lang='lat' dir='ltr'><strong>tulerit,</strong></span> <span class='ocrx_word' id='word_1_80' title='bbox 1352 659 1513 697; x_wconf 85' lang='lat' dir='ltr'><strong>docebo.</strong></span> <span class='ocrx_word' id='word_1_81' title='bbox 1547 659 1663 697; x_wconf 88' lang='lat' dir='ltr'><strong>Estne</strong></span> <span class='ocrx_word' id='word_1_82' title='bbox 1683 657 1764 695; x_wconf 81' lang='lat' dir='ltr'><strong>haec</strong></span> <span class='ocrx_word' id='word_1_83' title='bbox 1787 668 1871 693; x_wconf 78' lang='lat' dir='ltr'><strong>vera</strong></span> 
     </span>
     <span class='ocr_line' id='line_1_10' title="bbox 467 722 1870 779; baseline -0.006 -12"><span class='ocrx_word' id='word_1_84' title='bbox 467 727 696 766; x_wconf 80' lang='lat' dir='ltr'><strong>contentio?</strong></span> <span class='ocrx_word' id='word_1_85' title='bbox 716 726 889 779; x_wconf 77' lang='lat' dir='ltr'><strong>placetne</strong></span> <span class='ocrx_word' id='word_1_86' title='bbox 909 724 959 762; x_wconf 80' lang='lat' dir='ltr'><strong>sic</strong></span> <span class='ocrx_word' id='word_1_87' title='bbox 980 725 1069 776; x_wconf 82' lang='lat' dir='ltr'><strong>agi?</strong></span> <span class='ocrx_word' id='word_1_88' title='bbox 1088 724 1183 762; x_wconf 86' lang='lat' dir='ltr'><strong>Non</strong></span> <span class='ocrx_word' id='word_1_89' title='bbox 1205 724 1354 775; x_wconf 81' lang='lat' dir='ltr'><strong>poffum</strong></span> <span class='ocrx_word' id='word_1_90' title='bbox 1376 725 1498 776; x_wconf 81' lang='lat' dir='ltr'><strong>magis</strong></span> <span class='ocrx_word' id='word_1_91' title='bbox 1520 725 1659 777; x_wconf 87' lang='lat' dir='ltr'><strong>pedem</strong></span> <span class='ocrx_word' id='word_1_92' title='bbox 1680 722 1870 766; x_wconf 88' lang='lat' dir='ltr'><strong>conferre,</strong></span> 
     </span>
     <span class='ocr_line' id='line_1_11' title="bbox 469 787 1870 844; baseline -0.004 -12"><span class='ocrx_word' id='word_1_93' title='bbox 469 805 513 832; x_wconf 84' lang='lat' dir='ltr'><strong>ut</strong></span> <span class='ocrx_word' id='word_1_94' title='bbox 539 794 646 832; x_wconf 83' lang='lat' dir='ltr'><strong>aiunt</strong></span> <span class='ocrx_word' id='word_1_95' title='bbox 663 821 674 837; x_wconf 93' lang='lat'>‚</span> <span class='ocrx_word' id='word_1_96' title='bbox 706 801 771 829; x_wconf 89' lang='lat' dir='ltr'><strong>aut</strong></span> <span class='ocrx_word' id='word_1_97' title='bbox 797 791 955 844; x_wconf 81' lang='lat' dir='ltr'><strong>propius</strong></span> <span class='ocrx_word' id='word_1_98' title='bbox 981 789 1172 828; x_wconf 83' lang='lat' dir='ltr'><strong>accedere.</strong></span> <span class='ocrx_word' id='word_1_99' title='bbox 1206 789 1315 840; x_wconf 83' lang='lat' dir='ltr'><strong>Qid</strong></span> <span class='ocrx_word' id='word_1_100' title='bbox 1343 790 1473 827; x_wconf 77' lang='lat' dir='ltr'><strong>taces?</strong></span> <span class='ocrx_word' id='word_1_101' title='bbox 1506 790 1602 842; x_wconf 86' lang='lat' dir='ltr'><strong>quid</strong></span> <span class='ocrx_word' id='word_1_102' title='bbox 1628 787 1870 827; x_wconf 72' lang='lat' dir='ltr'><strong>diffimulas?</strong></span> 
     </span>
     <span class='ocr_line' id='line_1_12' title="bbox 469 855 1876 913; baseline -0.005 -15"><span class='ocrx_word' id='word_1_103' title='bbox 469 859 565 913; x_wconf 85' lang='lat' dir='ltr'><strong>quid</strong></span> <span class='ocrx_word' id='word_1_104' title='bbox 586 858 837 912; x_wconf 82' lang='lat' dir='ltr'><strong>tergiversaris</strong></span> <span class='ocrx_word' id='word_1_105' title='bbox 856 858 869 894; x_wconf 92' lang='lat'>?</span> <span class='ocrx_word' id='word_1_106' title='bbox 902 858 1034 895; x_wconf 91' lang='lat' dir='ltr'><strong>Etiam</strong></span> <span class='ocrx_word' id='word_1_107' title='bbox 1055 866 1170 910; x_wconf 86' lang='lat' dir='ltr'><strong>atque</strong></span> <span class='ocrx_word' id='word_1_108' title='bbox 1191 857 1307 896; x_wconf 81' lang='lat' dir='ltr'><strong>etiam</strong></span> <span class='ocrx_word' id='word_1_109' title='bbox 1334 855 1432 894; x_wconf 84' lang='lat' dir='ltr'><strong>insto</strong></span> <span class='ocrx_word' id='word_1_110' title='bbox 1457 864 1572 908; x_wconf 87' lang='lat' dir='ltr'><strong>atque</strong></span> <span class='ocrx_word' id='word_1_111' title='bbox 1592 869 1722 908; x_wconf 84' lang='lat' dir='ltr'><strong>urgeo,</strong></span> <span class='ocrx_word' id='word_1_112' title='bbox 1755 855 1876 892; x_wconf 88' lang='lat' dir='ltr'><strong>insec-</strong></span> 
     </span>
     <span class='ocr_line' id='line_1_13' title="bbox 469 921 1876 979; baseline -0.005 -14"><span class='ocrx_word' id='word_1_113' title='bbox 469 937 544 971; x_wconf 83' lang='lat' dir='ltr'><strong>tor,</strong></span> <span class='ocrx_word' id='word_1_114' title='bbox 575 925 705 979; x_wconf 87' lang='lat' dir='ltr'><strong>posco,</strong></span> <span class='ocrx_word' id='word_1_115' title='bbox 736 933 852 977; x_wconf 88' lang='lat' dir='ltr'><strong>atque</strong></span> <span class='ocrx_word' id='word_1_116' title='bbox 886 923 980 961; x_wconf 87' lang='lat' dir='ltr'><strong>adeo</strong></span> <span class='ocrx_word' id='word_1_117' title='bbox 1015 923 1163 976; x_wconf 86' lang='lat' dir='ltr'><strong>flagito,</strong></span> <span class='ocrx_word' id='word_1_118' title='bbox 1194 923 1356 961; x_wconf 86' lang='lat' dir='ltr'><strong>crimen.</strong></span> <span class='ocrx_word' id='word_1_119' title='bbox 1391 923 1681 974; x_wconf 84' lang='lat' dir='ltr'><strong>Qamcunque</strong></span> <span class='ocrx_word' id='word_1_120' title='bbox 1713 921 1876 964; x_wconf 88' lang='lat' dir='ltr'><strong>tribum,</strong></span> 
     </span>
     <span class='ocr_line' id='line_1_14' title="bbox 470 988 1877 1046; baseline -0.004 -14"><span class='ocrx_word' id='word_1_121' title='bbox 470 994 649 1046; x_wconf 83' lang='lat' dir='ltr'><strong>inquam,</strong></span> <span class='ocrx_word' id='word_1_122' title='bbox 680 991 881 1044; x_wconf 86' lang='lat' dir='ltr'><strong>delegeris,</strong></span> <span class='ocrx_word' id='word_1_123' title='bbox 913 1004 1031 1044; x_wconf 84' lang='lat' dir='ltr'><strong>quam</strong></span> <span class='ocrx_word' id='word_1_124' title='bbox 1060 990 1193 1029; x_wconf 91' lang='lat' dir='ltr'><strong>tulerit</strong></span> <span class='ocrx_word' id='word_1_125' title='bbox 1220 989 1414 1034; x_wconf 81' lang='lat' dir='ltr'><strong>Plancius,</strong></span> <span class='ocrx_word' id='word_1_126' title='bbox 1445 998 1488 1027; x_wconf 91' lang='lat' dir='ltr'><strong>tu</strong></span> <span class='ocrx_word' id='word_1_127' title='bbox 1516 989 1720 1034; x_wconf 91' lang='lat' dir='ltr'><strong>ostendito,</strong></span> <span class='ocrx_word' id='word_1_128' title='bbox 1751 988 1777 1026; x_wconf 88' lang='lat' dir='ltr'><strong>fi</strong></span> <span class='ocrx_word' id='word_1_129' title='bbox 1805 1000 1877 1040; x_wconf 91' lang='lat' dir='ltr'><strong>po-</strong></span> 
     </span>
     <span class='ocr_line' id='line_1_15' title="bbox 471 1053 1880 1111; baseline -0.006 -12"><span class='ocrx_word' id='word_1_130' title='bbox 471 1060 561 1099; x_wconf 86' lang='lat' dir='ltr'><strong>teris</strong></span> <span class='ocrx_word' id='word_1_131' title='bbox 577 1089 588 1106; x_wconf 94' lang='lat'>‚</span> <span class='ocrx_word' id='word_1_132' title='bbox 619 1059 789 1104; x_wconf 70' lang='lat' dir='ltr'><strong>vitium,</strong></span> <span class='ocrx_word' id='word_1_133' title='bbox 822 1071 893 1111; x_wconf 83' lang='lat' dir='ltr'><strong>ego</strong></span> <span class='ocrx_word' id='word_1_134' title='bbox 908 1087 918 1103; x_wconf 95' lang='lat'><strong>,</strong></span> <span class='ocrx_word' id='word_1_135' title='bbox 950 1071 1025 1110; x_wconf 90' lang='lat' dir='ltr'><strong>qua</strong></span> <span class='ocrx_word' id='word_1_136' title='bbox 1043 1057 1190 1095; x_wconf 86' lang='lat' dir='ltr'><strong>ratione</strong></span> <span class='ocrx_word' id='word_1_137' title='bbox 1211 1056 1343 1095; x_wconf 88' lang='lat' dir='ltr'><strong>tulerit</strong></span> <span class='ocrx_word' id='word_1_138' title='bbox 1360 1085 1371 1101; x_wconf 95' lang='lat'>‚</span> <span class='ocrx_word' id='word_1_139' title='bbox 1403 1055 1552 1095; x_wconf 87' lang='lat' dir='ltr'><strong>docebo</strong></span> <span class='ocrx_word' id='word_1_140' title='bbox 1570 1070 1580 1094; x_wconf 89' lang='lat'>:</span> <span class='ocrx_word' id='word_1_141' title='bbox 1612 1069 1684 1094; x_wconf 88' lang='lat' dir='ltr'><strong>nec</strong></span> <span class='ocrx_word' id='word_1_142' title='bbox 1705 1055 1776 1092; x_wconf 82' lang='lat' dir='ltr'><strong>erit</strong></span> <span class='ocrx_word' id='word_1_143' title='bbox 1797 1053 1880 1094; x_wconf 84' lang='lat' dir='ltr'><strong>haee</strong></span> 
     </span>
     <span class='ocr_line' id='line_1_16' title="bbox 472 1120 1883 1176; baseline -0.004 -11"><span class='ocrx_word' id='word_1_144' title='bbox 472 1127 546 1166; x_wconf 77' lang='lat' dir='ltr'><strong>alia</strong></span> <span class='ocrx_word' id='word_1_145' title='bbox 565 1126 661 1166; x_wconf 85' lang='lat' dir='ltr'><strong>ratio</strong></span> <span class='ocrx_word' id='word_1_146' title='bbox 682 1125 856 1171; x_wconf 81' lang='lat' dir='ltr'><strong>Plancio,</strong></span> <span class='ocrx_word' id='word_1_147' title='bbox 888 1138 930 1163; x_wconf 88' lang='lat' dir='ltr'><strong>ac</strong></span> <span class='ocrx_word' id='word_1_148' title='bbox 953 1124 1162 1163; x_wconf 87' lang='lat' dir='ltr'><strong>Laterenfi.</strong></span> <span class='ocrx_word' id='word_1_149' title='bbox 1195 1124 1317 1169; x_wconf 84' lang='lat' dir='ltr'><strong>Nam,</strong></span> <span class='ocrx_word' id='word_1_150' title='bbox 1349 1131 1392 1162; x_wconf 91' lang='lat' dir='ltr'><strong>ut</strong></span> <span class='ocrx_word' id='word_1_151' title='bbox 1412 1136 1506 1176; x_wconf 86' lang='lat' dir='ltr'><strong>quas</strong></span> <span class='ocrx_word' id='word_1_152' title='bbox 1527 1123 1650 1161; x_wconf 86' lang='lat' dir='ltr'><strong>tribus</strong></span> <span class='ocrx_word' id='word_1_153' title='bbox 1678 1131 1721 1160; x_wconf 91' lang='lat' dir='ltr'><strong>tu</strong></span> <span class='ocrx_word' id='word_1_154' title='bbox 1742 1120 1883 1165; x_wconf 75' lang='lat' dir='ltr'><strong>tulisti,</strong></span> 
     </span>
     <span class='ocr_line' id='line_1_17' title="bbox 473 1188 1880 1246; baseline -0.005 -14"><span class='ocrx_word' id='word_1_155' title='bbox 473 1195 500 1233; x_wconf 87' lang='lat' dir='ltr'><strong>s1</strong></span> <span class='ocrx_word' id='word_1_156' title='bbox 515 1195 598 1246; x_wconf 86' lang='lat' dir='ltr'><strong>jam</strong></span> <span class='ocrx_word' id='word_1_157' title='bbox 619 1207 666 1232; x_wconf 84' lang='lat' dir='ltr'><strong>ex</strong></span> <span class='ocrx_word' id='word_1_158' title='bbox 688 1203 725 1231; x_wconf 89' lang='lat' dir='ltr'><strong>te</strong></span> <span class='ocrx_word' id='word_1_159' title='bbox 746 1192 952 1245; x_wconf 87' lang='lat' dir='ltr'><strong>requiram,</strong></span> <span class='ocrx_word' id='word_1_160' title='bbox 983 1191 1112 1245; x_wconf 85' lang='lat' dir='ltr'><strong>poffis,</strong></span> <span class='ocrx_word' id='word_1_161' title='bbox 1144 1205 1313 1244; x_wconf 87' lang='lat' dir='ltr'><strong>quorum</strong></span> <span class='ocrx_word' id='word_1_162' title='bbox 1333 1190 1459 1228; x_wconf 92' lang='lat' dir='ltr'><strong>studio</strong></span> <span class='ocrx_word' id='word_1_163' title='bbox 1480 1189 1628 1234; x_wconf 87' lang='lat' dir='ltr'><strong>tuleris,</strong></span> <span class='ocrx_word' id='word_1_164' title='bbox 1659 1188 1851 1242; x_wconf 84' lang='lat' dir='ltr'><strong>explicare</strong></span> <span class='ocrx_word' id='word_1_165' title='bbox 1866 1204 1880 1232; x_wconf 72' lang='lat'>5</span> 
     </span>
     <span class='ocr_line' id='line_1_18' title="bbox 475 1254 1884 1312; baseline -0.004 -14"><span class='ocrx_word' id='word_1_166' title='bbox 475 1260 525 1299; x_wconf 75' lang='lat' dir='ltr'><strong>iic</strong></span> <span class='ocrx_word' id='word_1_167' title='bbox 546 1274 617 1312; x_wconf 82' lang='lat' dir='ltr'><strong>ego</strong></span> <span class='ocrx_word' id='word_1_168' title='bbox 636 1259 710 1298; x_wconf 88' lang='lat' dir='ltr'><strong>hoc</strong></span> <span class='ocrx_word' id='word_1_169' title='bbox 731 1259 937 1304; x_wconf 87' lang='lat' dir='ltr'><strong>contendo,</strong></span> <span class='ocrx_word' id='word_1_170' title='bbox 960 1272 1022 1297; x_wconf 90' lang='lat' dir='ltr'><strong>me</strong></span> <span class='ocrx_word' id='word_1_171' title='bbox 1043 1258 1115 1297; x_wconf 88' lang='lat' dir='ltr'><strong>tibi</strong></span> <span class='ocrx_word' id='word_1_172' title='bbox 1135 1258 1203 1311; x_wconf 84' lang='lat' dir='ltr'><strong>ipfi</strong></span> <span class='ocrx_word' id='word_1_173' title='bbox 1230 1256 1452 1302; x_wconf 82' lang='lat' dir='ltr'><strong>adversario,</strong></span> <span class='ocrx_word' id='word_1_174' title='bbox 1475 1256 1739 1309; x_wconf 88' lang='lat' dir='ltr'><strong>cujuscunque</strong></span> <span class='ocrx_word' id='word_1_175' title='bbox 1759 1254 1884 1294; x_wconf 82' lang='lat' dir='ltr'><strong>tribus</strong></span> 
     </span>
     <span class='ocr_line' id='line_1_19' title="bbox 476 1324 1206 1379; baseline -0.004 -14"><span class='ocrx_word' id='word_1_176' title='bbox 476 1327 665 1366; x_wconf 75' lang='lat' dir='ltr'><strong>rationem</strong></span> <span class='ocrx_word' id='word_1_177' title='bbox 685 1326 916 1379; x_wconf 84' lang='lat' dir='ltr'><strong>poposceris,</strong></span> <span class='ocrx_word' id='word_1_178' title='bbox 949 1324 1206 1363; x_wconf 89' lang='lat' dir='ltr'><strong>redditurum.</strong></span> 
     </span>
    </p>

    <p class='ocr_par' dir='ltr' id='par_1_4' title="bbox 477 1387 1896 2379">
     <span class='ocr_line' id='line_1_20' title="bbox 532 1387 1885 1445; baseline -0.005 -13"><span class='ocrx_word' id='word_1_179' title='bbox 532 1394 627 1432; x_wconf 80' lang='lat' dir='ltr'><strong>XX.</strong></span> <span class='ocrx_word' id='word_1_180' title='bbox 660 1393 732 1431; x_wconf 90' lang='lat' dir='ltr'><strong>Sed</strong></span> <span class='ocrx_word' id='word_1_181' title='bbox 763 1406 833 1430; x_wconf 88' lang='lat' dir='ltr'><strong>cur</strong></span> <span class='ocrx_word' id='word_1_182' title='bbox 858 1405 931 1445; x_wconf 83' lang='lat' dir='ltr'><strong>ego</strong></span> <span class='ocrx_word' id='word_1_183' title='bbox 950 1392 1000 1430; x_wconf 78' lang='lat' dir='ltr'><strong>sic</strong></span> <span class='ocrx_word' id='word_1_184' title='bbox 1021 1405 1092 1444; x_wconf 86' lang='lat' dir='ltr'><strong>ago</strong></span> <span class='ocrx_word' id='word_1_185' title='bbox 1113 1392 1125 1429; x_wconf 93' lang='lat'>?</span> <span class='ocrx_word' id='word_1_186' title='bbox 1157 1391 1261 1444; x_wconf 83' lang='lat' dir='ltr'><strong>quafi</strong></span> <span class='ocrx_word' id='word_1_187' title='bbox 1281 1404 1360 1430; x_wconf 90' lang='lat' dir='ltr'><strong>non</strong></span> <span class='ocrx_word' id='word_1_188' title='bbox 1381 1391 1551 1431; x_wconf 87' lang='lat' dir='ltr'><strong>comitiis</strong></span> <span class='ocrx_word' id='word_1_189' title='bbox 1567 1392 1650 1444; x_wconf 84' lang='lat' dir='ltr'><strong>jam</strong></span> <span class='ocrx_word' id='word_1_190' title='bbox 1678 1387 1885 1443; x_wconf 86' lang='lat' dir='ltr'><strong>superiori-</strong></span> 
     </span>
     <span class='ocr_line' id='line_1_21' title="bbox 477 1455 1889 1511; baseline -0.004 -13"><span class='ocrx_word' id='word_1_191' title='bbox 477 1461 550 1498; x_wconf 83' lang='lat' dir='ltr'><strong>bus</strong></span> <span class='ocrx_word' id='word_1_192' title='bbox 573 1460 617 1498; x_wconf 83' lang='lat' dir='ltr'><strong>sit</strong></span> <span class='ocrx_word' id='word_1_193' title='bbox 639 1459 818 1497; x_wconf 83' lang='lat' dir='ltr'><strong>Plancius</strong></span> <span class='ocrx_word' id='word_1_194' title='bbox 840 1458 1054 1511; x_wconf 68' lang='lat' dir='ltr'><strong>defignatus</strong></span> <span class='ocrx_word' id='word_1_195' title='bbox 1075 1458 1210 1496; x_wconf 83' lang='lat' dir='ltr'><strong>aedilis.</strong></span> <span class='ocrx_word' id='word_1_196' title='bbox 1243 1459 1343 1509; x_wconf 82' lang='lat' dir='ltr'><strong>Qae</strong></span> <span class='ocrx_word' id='word_1_197' title='bbox 1369 1458 1530 1497; x_wconf 88' lang='lat' dir='ltr'><strong>comitia</strong></span> <span class='ocrx_word' id='word_1_198' title='bbox 1549 1458 1723 1511; x_wconf 80' lang='lat' dir='ltr'><strong>primum</strong></span> <span class='ocrx_word' id='word_1_199' title='bbox 1744 1455 1889 1494; x_wconf 26' lang='lat' dir='ltr'><strong>haberer</strong></span> 
     </span>
     <span class='ocr_line' id='line_1_22' title="bbox 478 1523 1888 1579; baseline -0.005 -14"><span class='ocrx_word' id='word_1_200' title='bbox 478 1527 601 1579; x_wconf 82' lang='lat' dir='ltr'><strong>coepit</strong></span> <span class='ocrx_word' id='word_1_201' title='bbox 621 1525 755 1564; x_wconf 84' lang='lat' dir='ltr'><strong>consul</strong></span> <span class='ocrx_word' id='word_1_202' title='bbox 774 1553 784 1569; x_wconf 95' lang='lat'><strong>,</strong></span> <span class='ocrx_word' id='word_1_203' title='bbox 816 1538 909 1563; x_wconf 92' lang='lat' dir='ltr'><strong>cum</strong></span> <span class='ocrx_word' id='word_1_204' title='bbox 935 1524 1118 1562; x_wconf 88' lang='lat' dir='ltr'><strong>omnibus</strong></span> <span class='ocrx_word' id='word_1_205' title='bbox 1146 1525 1185 1562; x_wconf 91' lang='lat' dir='ltr'><strong>in</strong></span> <span class='ocrx_word' id='word_1_206' title='bbox 1213 1524 1325 1562; x_wconf 88' lang='lat' dir='ltr'><strong>rebus</strong></span> <span class='ocrx_word' id='word_1_207' title='bbox 1347 1523 1497 1575; x_wconf 86' lang='lat' dir='ltr'><strong>summa</strong></span> <span class='ocrx_word' id='word_1_208' title='bbox 1516 1523 1739 1561; x_wconf 61' lang='lat' dir='ltr'><strong>auctoritate</strong></span> <span class='ocrx_word' id='word_1_209' title='bbox 1757 1551 1769 1568; x_wconf 90' lang='lat'><strong>,</strong></span> <span class='ocrx_word' id='word_1_210' title='bbox 1799 1530 1888 1559; x_wconf 89' lang='lat' dir='ltr'><strong>tum</strong></span> 
     </span>
     <span class='ocr_line' id='line_1_23' title="bbox 479 1588 1885 1645; baseline -0.004 -14"><span class='ocrx_word' id='word_1_211' title='bbox 479 1593 619 1632; x_wconf 78' lang='lat' dir='ltr'><strong>harum</strong></span> <span class='ocrx_word' id='word_1_212' title='bbox 654 1591 820 1645; x_wconf 83' lang='lat' dir='ltr'><strong>ipsarum</strong></span> <span class='ocrx_word' id='word_1_213' title='bbox 856 1592 988 1644; x_wconf 80' lang='lat' dir='ltr'><strong>legum</strong></span> <span class='ocrx_word' id='word_1_214' title='bbox 1023 1591 1193 1629; x_wconf 83' lang='lat' dir='ltr'><strong>ambitus</strong></span> <span class='ocrx_word' id='word_1_215' title='bbox 1229 1592 1385 1629; x_wconf 59' lang='lat' dir='ltr'><strong>audior:</strong></span> <span class='ocrx_word' id='word_1_216' title='bbox 1419 1590 1557 1629; x_wconf 88' lang='lat' dir='ltr'><strong>deinde</strong></span> <span class='ocrx_word' id='word_1_217' title='bbox 1591 1589 1730 1628; x_wconf 86' lang='lat' dir='ltr'><strong>habere</strong></span> <span class='ocrx_word' id='word_1_218' title='bbox 1765 1588 1885 1641; x_wconf 85' lang='lat' dir='ltr'><strong>coepit</strong></span> 
     </span>
     <span class='ocr_line' id='line_1_24' title="bbox 481 1655 1888 1712; baseline -0.004 -14"><span class='ocrx_word' id='word_1_219' title='bbox 481 1661 623 1705; x_wconf 75' lang='lat' dir='ltr'><strong>subito,</strong></span> <span class='ocrx_word' id='word_1_220' title='bbox 656 1668 790 1712; x_wconf 84' lang='lat' dir='ltr'><strong>praeter</strong></span> <span class='ocrx_word' id='word_1_221' title='bbox 809 1659 1037 1712; x_wconf 86' lang='lat' dir='ltr'><strong>opinionem</strong></span> <span class='ocrx_word' id='word_1_222' title='bbox 1058 1658 1269 1703; x_wconf 83' lang='lat' dir='ltr'><strong>omnium3</strong></span> <span class='ocrx_word' id='word_1_223' title='bbox 1302 1667 1345 1696; x_wconf 88' lang='lat' dir='ltr'><strong>ut</strong></span> <span class='ocrx_word' id='word_1_224' title='bbox 1372 1671 1433 1703; x_wconf 87' lang='lat' dir='ltr'><strong>ne,</strong></span> <span class='ocrx_word' id='word_1_225' title='bbox 1465 1657 1493 1695; x_wconf 85' lang='lat' dir='ltr'><strong>fi</strong></span> <span class='ocrx_word' id='word_1_226' title='bbox 1513 1656 1707 1709; x_wconf 84' lang='lat' dir='ltr'><strong>cogitaffet</strong></span> <span class='ocrx_word' id='word_1_227' title='bbox 1729 1655 1888 1708; x_wconf 88' lang='lat' dir='ltr'><strong>quidem</strong></span> 
     </span>
     <span class='ocr_line' id='line_1_25' title="bbox 482 1721 1885 1780; baseline -0.004 -16"><span class='ocrx_word' id='word_1_228' title='bbox 482 1727 674 1780; x_wconf 78' lang='lat' dir='ltr'><strong>quispiam</strong></span> <span class='ocrx_word' id='word_1_229' title='bbox 702 1726 846 1779; x_wconf 81' lang='lat' dir='ltr'><strong>largiri,</strong></span> <span class='ocrx_word' id='word_1_230' title='bbox 878 1726 1029 1763; x_wconf 75' lang='lat' dir='ltr'><strong>daretur</strong></span> <span class='ocrx_word' id='word_1_231' title='bbox 1056 1724 1222 1777; x_wconf 87' lang='lat' dir='ltr'><strong>spatium</strong></span> <span class='ocrx_word' id='word_1_232' title='bbox 1251 1724 1514 1777; x_wconf 86' lang='lat' dir='ltr'><strong>comparandi.</strong></span> <span class='ocrx_word' id='word_1_233' title='bbox 1547 1724 1704 1761; x_wconf 79' lang='lat' dir='ltr'><strong>Vocatae</strong></span> <span class='ocrx_word' id='word_1_234' title='bbox 1732 1721 1885 1759; x_wconf 87' lang='lat' dir='ltr'><strong>tribus:</strong></span> 
     </span>
     <span class='ocr_line' id='line_1_26' title="bbox 483 1789 1888 1844; baseline -0.004 -13"><span class='ocrx_word' id='word_1_235' title='bbox 483 1796 605 1831; x_wconf 64' lang='lat' dir='ltr'><strong>lutum</strong></span> <span class='ocrx_word' id='word_1_236' title='bbox 628 1792 881 1844; x_wconf 77' lang='lat' dir='ltr'><strong>suffragium:</strong></span> <span class='ocrx_word' id='word_1_237' title='bbox 914 1791 1125 1844; x_wconf 68' lang='lat' dir='ltr'><strong>descriptae,</strong></span> <span class='ocrx_word' id='word_1_238' title='bbox 1157 1791 1396 1829; x_wconf 84' lang='lat' dir='ltr'><strong>renuntiatae.</strong></span> <span class='ocrx_word' id='word_1_239' title='bbox 1429 1791 1565 1842; x_wconf 85' lang='lat' dir='ltr'><strong>Longe</strong></span> <span class='ocrx_word' id='word_1_240' title='bbox 1585 1789 1802 1841; x_wconf 89' lang='lat' dir='ltr'><strong>plurimum</strong></span> <span class='ocrx_word' id='word_1_241' title='bbox 1823 1800 1888 1825; x_wconf 83' lang='lat' dir='ltr'><strong>va-</strong></span> 
     </span>
     <span class='ocr_line' id='line_1_27' title="bbox 484 1854 1890 1910; baseline -0.005 -12"><span class='ocrx_word' id='word_1_242' title='bbox 484 1862 559 1899; x_wconf 75' lang='lat' dir='ltr'><strong>luit</strong></span> <span class='ocrx_word' id='word_1_243' title='bbox 581 1859 789 1898; x_wconf 82' lang='lat' dir='ltr'><strong>Plancius:</strong></span> <span class='ocrx_word' id='word_1_244' title='bbox 821 1858 929 1896; x_wconf 82' lang='lat' dir='ltr'><strong>nulla</strong></span> <span class='ocrx_word' id='word_1_245' title='bbox 956 1858 1170 1910; x_wconf 86' lang='lat' dir='ltr'><strong>largitionis</strong></span> <span class='ocrx_word' id='word_1_246' title='bbox 1197 1871 1267 1896; x_wconf 88' lang='lat' dir='ltr'><strong>nec</strong></span> <span class='ocrx_word' id='word_1_247' title='bbox 1290 1857 1379 1902; x_wconf 87' lang='lat' dir='ltr'><strong>fuit,</strong></span> <span class='ocrx_word' id='word_1_248' title='bbox 1412 1870 1482 1894; x_wconf 88' lang='lat' dir='ltr'><strong>nec</strong></span> <span class='ocrx_word' id='word_1_249' title='bbox 1505 1856 1576 1894; x_wconf 86' lang='lat' dir='ltr'><strong>effe</strong></span> <span class='ocrx_word' id='word_1_250' title='bbox 1596 1856 1738 1909; x_wconf 88' lang='lat' dir='ltr'><strong>potuit,</strong></span> <span class='ocrx_word' id='word_1_251' title='bbox 1770 1854 1890 1907; x_wconf 88' lang='lat' dir='ltr'><strong>suspi-</strong></span> 
     </span>
     <span class='ocr_line' id='line_1_28' title="bbox 486 1922 1892 1978; baseline -0.004 -14"><span class='ocrx_word' id='word_1_252' title='bbox 486 1929 562 1965; x_wconf 64' lang='lat' dir='ltr'><strong>cio.</strong></span> <span class='ocrx_word' id='word_1_253' title='bbox 595 1927 661 1964; x_wconf 84' lang='lat' dir='ltr'><strong>An</strong></span> <span class='ocrx_word' id='word_1_254' title='bbox 688 1925 844 1964; x_wconf 87' lang='lat' dir='ltr'><strong>tandem</strong></span> <span class='ocrx_word' id='word_1_255' title='bbox 878 1938 954 1963; x_wconf 81' lang='lat' dir='ltr'><strong>una</strong></span> <span class='ocrx_word' id='word_1_256' title='bbox 979 1925 1153 1963; x_wconf 86' lang='lat' dir='ltr'><strong>centuria</strong></span> <span class='ocrx_word' id='word_1_257' title='bbox 1173 1925 1421 1978; x_wconf 62' lang='lat' dir='ltr'><strong>praerogativa</strong></span> <span class='ocrx_word' id='word_1_258' title='bbox 1440 1932 1593 1962; x_wconf 85' lang='lat' dir='ltr'><strong>tantum</strong></span> <span class='ocrx_word' id='word_1_259' title='bbox 1614 1922 1732 1961; x_wconf 78' lang='lat' dir='ltr'><strong>habet</strong></span> <span class='ocrx_word' id='word_1_260' title='bbox 1758 1923 1892 1959; x_wconf 71' lang='lat' dir='ltr'><strong>aufto-</strong></span> 
     </span>
     <span class='ocr_line' id='line_1_29' title="bbox 488 1990 1894 2045; baseline -0.004 -13"><span class='ocrx_word' id='word_1_261' title='bbox 488 1994 629 2037; x_wconf 69' lang='lat' dir='ltr'><strong>ritatis‚</strong></span> <span class='ocrx_word' id='word_1_262' title='bbox 663 2002 705 2031; x_wconf 88' lang='lat' dir='ltr'><strong>ut</strong></span> <span class='ocrx_word' id='word_1_263' title='bbox 737 2006 854 2031; x_wconf 88' lang='lat' dir='ltr'><strong>nemo</strong></span> <span class='ocrx_word' id='word_1_264' title='bbox 886 2006 1060 2045; x_wconf 87' lang='lat' dir='ltr'><strong>unquam</strong></span> <span class='ocrx_word' id='word_1_265' title='bbox 1094 1992 1197 2045; x_wconf 88' lang='lat' dir='ltr'><strong>prior</strong></span> <span class='ocrx_word' id='word_1_266' title='bbox 1228 2005 1313 2029; x_wconf 82' lang='lat' dir='ltr'><strong>eam</strong></span> <span class='ocrx_word' id='word_1_267' title='bbox 1347 1990 1494 2035; x_wconf 82' lang='lat' dir='ltr'><strong>tulerit,</strong></span> <span class='ocrx_word' id='word_1_268' title='bbox 1526 1991 1622 2043; x_wconf 91' lang='lat' dir='ltr'><strong>quin</strong></span> <span class='ocrx_word' id='word_1_269' title='bbox 1655 1991 1894 2028; x_wconf 81' lang='lat' dir='ltr'><strong>renuntiatus</strong></span> 
     </span>
     <span class='ocr_line' id='line_1_30' title="bbox 488 2056 1889 2111; baseline -0.004 -12"><span class='ocrx_word' id='word_1_270' title='bbox 488 2061 556 2100; x_wconf 65' lang='lat' dir='ltr'><strong>lit:</strong></span> <span class='ocrx_word' id='word_1_271' title='bbox 581 2071 623 2098; x_wconf 86' lang='lat' dir='ltr'><strong>tu</strong></span> <span class='ocrx_word' id='word_1_272' title='bbox 645 2067 709 2097; x_wconf 84' lang='lat' dir='ltr'><strong>aut</strong></span> <span class='ocrx_word' id='word_1_273' title='bbox 729 2058 789 2097; x_wconf 80' lang='lat' dir='ltr'><strong>his</strong></span> <span class='ocrx_word' id='word_1_274' title='bbox 809 2059 896 2111; x_wconf 80' lang='lat' dir='ltr'><strong>ipsis</strong></span> <span class='ocrx_word' id='word_1_275' title='bbox 923 2059 1094 2096; x_wconf 85' lang='lat' dir='ltr'><strong>comitiis</strong></span> <span class='ocrx_word' id='word_1_276' title='bbox 1116 2058 1394 2102; x_wconf 82' lang='lat' dir='ltr'><strong>consularibus,</strong></span> <span class='ocrx_word' id='word_1_277' title='bbox 1416 2066 1481 2095; x_wconf 87' lang='lat' dir='ltr'><strong>aut</strong></span> <span class='ocrx_word' id='word_1_278' title='bbox 1502 2066 1603 2095; x_wconf 85' lang='lat' dir='ltr'><strong>certe</strong></span> <span class='ocrx_word' id='word_1_279' title='bbox 1624 2057 1664 2094; x_wconf 88' lang='lat' dir='ltr'><strong>in</strong></span> <span class='ocrx_word' id='word_1_280' title='bbox 1686 2056 1800 2094; x_wconf 86' lang='lat' dir='ltr'><strong>illum</strong></span> <span class='ocrx_word' id='word_1_281' title='bbox 1822 2069 1889 2093; x_wconf 83' lang='lat' dir='ltr'><strong>an-</strong></span> 
     </span>
     <span class='ocr_line' id='line_1_31' title="bbox 489 2123 1892 2176; baseline -0.004 -11"><span class='ocrx_word' id='word_1_282' title='bbox 489 2141 601 2174; x_wconf 84' lang='lat' dir='ltr'><strong>num,</strong></span> <span class='ocrx_word' id='word_1_283' title='bbox 632 2126 784 2165; x_wconf 82' lang='lat' dir='ltr'><strong>aedilem</strong></span> <span class='ocrx_word' id='word_1_284' title='bbox 806 2125 1011 2164; x_wconf 81' lang='lat' dir='ltr'><strong>Plancium</strong></span> <span class='ocrx_word' id='word_1_285' title='bbox 1032 2124 1179 2163; x_wconf 63' lang='lat' dir='ltr'><strong>factum</strong></span> <span class='ocrx_word' id='word_1_286' title='bbox 1201 2125 1366 2170; x_wconf 84' lang='lat' dir='ltr'><strong>miraris,</strong></span> <span class='ocrx_word' id='word_1_287' title='bbox 1390 2124 1429 2162; x_wconf 87' lang='lat' dir='ltr'><strong>in</strong></span> <span class='ocrx_word' id='word_1_288' title='bbox 1452 2137 1530 2176; x_wconf 90' lang='lat' dir='ltr'><strong>quo</strong></span> <span class='ocrx_word' id='word_1_289' title='bbox 1551 2137 1629 2162; x_wconf 91' lang='lat' dir='ltr'><strong>non</strong></span> <span class='ocrx_word' id='word_1_290' title='bbox 1650 2123 1789 2176; x_wconf 82' lang='lat' dir='ltr'><strong>exigua</strong></span> <span class='ocrx_word' id='word_1_291' title='bbox 1808 2135 1892 2175; x_wconf 82' lang='lat' dir='ltr'><strong>pars</strong></span> 
     </span>
     <span class='ocr_line' id='line_1_32' title="bbox 491 2189 1894 2246; baseline -0.004 -15"><span class='ocrx_word' id='word_1_292' title='bbox 491 2193 641 2246; x_wconf 84' lang='lat' dir='ltr'><strong>populi,</strong></span> <span class='ocrx_word' id='word_1_293' title='bbox 663 2192 725 2230; x_wconf 84' lang='lat' dir='ltr'><strong>sed</strong></span> <span class='ocrx_word' id='word_1_294' title='bbox 747 2191 940 2230; x_wconf 83' lang='lat' dir='ltr'><strong>universus</strong></span> <span class='ocrx_word' id='word_1_295' title='bbox 961 2191 1143 2244; x_wconf 84' lang='lat' dir='ltr'><strong>populus,</strong></span> <span class='ocrx_word' id='word_1_296' title='bbox 1167 2192 1408 2229; x_wconf 82' lang='lat' dir='ltr'><strong>voluntatem</strong></span> <span class='ocrx_word' id='word_1_297' title='bbox 1431 2190 1535 2228; x_wconf 87' lang='lat' dir='ltr'><strong>suam</strong></span> <span class='ocrx_word' id='word_1_298' title='bbox 1557 2189 1757 2227; x_wconf 86' lang='lat' dir='ltr'><strong>declararit</strong></span> <span class='ocrx_word' id='word_1_299' title='bbox 1777 2189 1789 2226; x_wconf 86' lang='lat'>?</span> <span class='ocrx_word' id='word_1_300' title='bbox 1822 2201 1894 2226; x_wconf 88' lang='lat' dir='ltr'><strong>cu·</strong></span> 
     </span>
     <span class='ocr_line' id='line_1_33' title="bbox 486 2255 1896 2312; baseline -0.004 -14"><span class='ocrx_word' id='word_1_301' title='bbox 486 2263 548 2312; x_wconf 60' lang='lat' dir='ltr'><strong>jus</strong></span> <span class='ocrx_word' id='word_1_302' title='bbox 570 2261 610 2298; x_wconf 92' lang='lat' dir='ltr'><strong>in</strong></span> <span class='ocrx_word' id='word_1_303' title='bbox 632 2258 777 2297; x_wconf 85' lang='lat' dir='ltr'><strong>honore</strong></span> <span class='ocrx_word' id='word_1_304' title='bbox 798 2273 875 2297; x_wconf 90' lang='lat' dir='ltr'><strong>non</strong></span> <span class='ocrx_word' id='word_1_305' title='bbox 907 2259 1020 2297; x_wconf 85' lang='lat' dir='ltr'><strong>unius</strong></span> <span class='ocrx_word' id='word_1_306' title='bbox 1049 2258 1170 2296; x_wconf 78' lang='lat' dir='ltr'><strong>tribus</strong></span> <span class='ocrx_word' id='word_1_307' title='bbox 1197 2272 1281 2311; x_wconf 75' lang='lat' dir='ltr'><strong>pars</strong></span> <span class='ocrx_word' id='word_1_308' title='bbox 1299 2287 1309 2303; x_wconf 95' lang='lat'>‚</span> <span class='ocrx_word' id='word_1_309' title='bbox 1342 2257 1402 2295; x_wconf 88' lang='lat' dir='ltr'><strong>sed</strong></span> <span class='ocrx_word' id='word_1_310' title='bbox 1429 2257 1591 2296; x_wconf 84' lang='lat' dir='ltr'><strong>comitia</strong></span> <span class='ocrx_word' id='word_1_311' title='bbox 1620 2266 1699 2295; x_wconf 83' lang='lat' dir='ltr'><strong>tota</strong></span> <span class='ocrx_word' id='word_1_312' title='bbox 1725 2255 1896 2294; x_wconf 80' lang='lat' dir='ltr'><strong>comitiis</strong></span> 
     </span>
     <span class='ocr_line' id='line_1_34' title="bbox 492 2326 895 2379; baseline -0.007 -14"><span class='ocrx_word' id='word_1_313' title='bbox 492 2327 637 2366; x_wconf 67' lang='lat' dir='ltr'><strong>fuerint</strong></span> <span class='ocrx_word' id='word_1_314' title='bbox 658 2334 864 2379; x_wconf 79' lang='lat' dir='ltr'><strong>praerogata</strong></span> <span class='ocrx_word' id='word_1_315' title='bbox 883 2326 895 2362; x_wconf 87' lang='lat'>?</span> 
     </span>
    </p>

    <p class='ocr_par' dir='ltr' id='par_1_5' title="bbox 550 2389 1901 2445">
     <span class='ocr_line' id='line_1_35' title="bbox 550 2389 1901 2445; baseline -0.005 -14"><span class='ocrx_word' id='word_1_316' title='bbox 550 2394 643 2445; x_wconf 80' lang='lat' dir='ltr'><strong>Qo</strong></span> <span class='ocrx_word' id='word_1_317' title='bbox 674 2393 835 2445; x_wconf 82' lang='lat' dir='ltr'><strong>quidem</strong></span> <span class='ocrx_word' id='word_1_318' title='bbox 864 2402 1036 2445; x_wconf 82' lang='lat' dir='ltr'><strong>tempore</strong></span> <span class='ocrx_word' id='word_1_319' title='bbox 1068 2392 1091 2430; x_wconf 83' lang='lat' dir='ltr'><strong>fi</strong></span> <span class='ocrx_word' id='word_1_320' title='bbox 1119 2392 1172 2438; x_wconf 87' lang='lat' dir='ltr'><strong>id,</strong></span> <span class='ocrx_word' id='word_1_321' title='bbox 1205 2392 1430 2437; x_wconf 61' lang='lat' dir='ltr'><strong>Laterensis,</strong></span> <span class='ocrx_word' id='word_1_322' title='bbox 1464 2390 1586 2430; x_wconf 77' lang='lat' dir='ltr'><strong>facere</strong></span> <span class='ocrx_word' id='word_1_323' title='bbox 1613 2389 1803 2434; x_wconf 82' lang='lat' dir='ltr'><strong>voluiffes,</strong></span> <span class='ocrx_word' id='word_1_324' title='bbox 1835 2396 1901 2425; x_wconf 81' lang='lat' dir='ltr'><strong>aut</strong></span> 
     </span>
    </p>
   </div>
  </div>
 </body>
</html>
