<?xml version="1.0" encoding="UTF-8"?>
<!DOCTYPE html PUBLIC "-//W3C//DTD XHTML 1.0 Transitional//EN"
    "http://www.w3.org/TR/xhtml1/DTD/xhtml1-transitional.dtd">
<html xmlns="http://www.w3.org/1999/xhtml" xml:lang="en" lang="en">
 <head>
  <title>
</title>
<meta http-equiv="Content-Type" content="text/html;charset=utf-8" />
  <meta name='ocr-system' content='tesseract 3.04.00' />
  <meta name='ocr-capabilities' content='ocr_page ocr_carea ocr_par ocr_line ocrx_word'/>
</head>
<body>
  <div class='ocr_page' id='page_1' title='image "./operacumindicibu05ciceuoft_0470.png"; bbox 0 0 2212 2835; ppageno 0'>
   <div class='ocr_carea' id='block_1_1' title="bbox 500 191 1402 249">
    <p class='ocr_par' dir='ltr' id='par_1_1' title="bbox 500 191 1402 249">
     <span class='ocr_line' id='line_1_1' title="bbox 500 191 1402 249; baseline -0.004 -16"><span class='ocrx_word' id='word_1_1' title='bbox 500 210 580 249; x_wconf 69' lang='lat'>454</span> <span class='ocrx_word' id='word_1_2' title='bbox 999 191 1402 230; x_wconf 85' lang='lat' dir='ltr'>ORATIO</span> 
     </span>
    </p>
   </div>
   <div class='ocr_carea' id='block_1_2' title="bbox 487 290 1902 2074">
    <p class='ocr_par' dir='ltr' id='par_1_2' title="bbox 554 290 1901 343">
     <span class='ocr_line' id='line_1_2' title="bbox 554 290 1901 343; baseline 0 -13"><span class='ocrx_word' id='word_1_3' title='bbox 554 293 678 331; x_wconf 78' lang='lat' dir='ltr'>Multi</span> <span class='ocrx_word' id='word_1_4' title='bbox 700 292 815 330; x_wconf 79' lang='lat' dir='ltr'>amici</span> <span class='ocrx_word' id='word_1_5' title='bbox 835 291 1060 330; x_wconf 71' lang='lat' dir='ltr'>accusatoris</span> <span class='ocrx_word' id='word_1_6' title='bbox 1077 320 1088 336; x_wconf 92' lang='lat'><em>‚</em></span> <span class='ocrx_word' id='word_1_7' title='bbox 1120 290 1302 329; x_wconf 84' lang='lat' dir='ltr'>nonnulli</span> <span class='ocrx_word' id='word_1_8' title='bbox 1322 290 1438 328; x_wconf 90' lang='lat' dir='ltr'>etiam</span> <span class='ocrx_word' id='word_1_9' title='bbox 1460 290 1575 328; x_wconf 89' lang='lat' dir='ltr'>nostri</span> <span class='ocrx_word' id='word_1_10' title='bbox 1598 290 1723 343; x_wconf 85' lang='lat' dir='ltr'>iniqui</span> <span class='ocrx_word' id='word_1_11' title='bbox 1742 320 1752 335; x_wconf 93' lang='lat'>,</span> <span class='ocrx_word' id='word_1_12' title='bbox 1785 292 1901 330; x_wconf 66' lang='lat' dir='ltr'>multi</span> 
     </span>
    </p>

    <p class='ocr_par' dir='ltr' id='par_1_3' title="bbox 487 357 1902 1941">
     <span class='ocr_line' id='line_1_3' title="bbox 494 357 1902 410; baseline -0.001 -13"><span class='ocrx_word' id='word_1_13' title='bbox 494 372 724 398; x_wconf 80' lang='lat' dir='ltr'>communes</span> <span class='ocrx_word' id='word_1_14' title='bbox 754 359 1042 403; x_wconf 65' lang='lat' dir='ltr'>obtredtatores,</span> <span class='ocrx_word' id='word_1_15' title='bbox 1082 366 1198 410; x_wconf 88' lang='lat' dir='ltr'>atque</span> <span class='ocrx_word' id='word_1_16' title='bbox 1228 358 1410 396; x_wconf 91' lang='lat' dir='ltr'>omnium</span> <span class='ocrx_word' id='word_1_17' title='bbox 1446 357 1583 402; x_wconf 87' lang='lat' dir='ltr'>invidi,</span> <span class='ocrx_word' id='word_1_18' title='bbox 1620 358 1744 395; x_wconf 87' lang='lat' dir='ltr'>multa</span> <span class='ocrx_word' id='word_1_19' title='bbox 1778 357 1902 395; x_wconf 79' lang='lat' dir='ltr'>finxe-</span> 
     </span>
     <span class='ocr_line' id='line_1_4' title="bbox 494 422 1899 476; baseline -0.002 -13"><span class='ocrx_word' id='word_1_20' title='bbox 494 435 597 463; x_wconf 87' lang='lat' dir='ltr'>runt.</span> <span class='ocrx_word' id='word_1_21' title='bbox 623 425 738 464; x_wconf 74' lang='lat' dir='ltr'>Nihil</span> <span class='ocrx_word' id='word_1_22' title='bbox 759 424 812 462; x_wconf 89' lang='lat' dir='ltr'>est</span> <span class='ocrx_word' id='word_1_23' title='bbox 833 434 961 462; x_wconf 90' lang='lat' dir='ltr'>autem</span> <span class='ocrx_word' id='word_1_24' title='bbox 985 434 1061 462; x_wconf 88' lang='lat' dir='ltr'>tam</span> <span class='ocrx_word' id='word_1_25' title='bbox 1081 424 1251 468; x_wconf 86' lang='lat' dir='ltr'>volucre,</span> <span class='ocrx_word' id='word_1_26' title='bbox 1273 437 1392 476; x_wconf 87' lang='lat' dir='ltr'>quam</span> <span class='ocrx_word' id='word_1_27' title='bbox 1413 423 1666 461; x_wconf 48' lang='lat' dir='ltr'>maledicorum</span> <span class='ocrx_word' id='word_1_28' title='bbox 1684 441 1695 468; x_wconf 68' lang='grc' dir='ltr'><strong><em>ς</em></strong></span> <span class='ocrx_word' id='word_1_29' title='bbox 1719 422 1818 461; x_wconf 87' lang='lat' dir='ltr'>nihil</span> <span class='ocrx_word' id='word_1_30' title='bbox 1841 422 1899 461; x_wconf 80' lang='lat' dir='ltr'>fa-</span> 
     </span>
     <span class='ocr_line' id='line_1_5' title="bbox 493 488 1898 542; baseline 0 -15"><span class='ocrx_word' id='word_1_31' title='bbox 493 492 606 529; x_wconf 79' lang='lat' dir='ltr'>cilius</span> <span class='ocrx_word' id='word_1_32' title='bbox 641 492 848 536; x_wconf 82' lang='lat' dir='ltr'>emittitur,</span> <span class='ocrx_word' id='word_1_33' title='bbox 880 489 981 529; x_wconf 86' lang='lat' dir='ltr'>nihil</span> <span class='ocrx_word' id='word_1_34' title='bbox 1015 491 1130 528; x_wconf 82' lang='lat' dir='ltr'>citius</span> <span class='ocrx_word' id='word_1_35' title='bbox 1166 491 1375 542; x_wconf 84' lang='lat' dir='ltr'>excipitur,</span> <span class='ocrx_word' id='word_1_36' title='bbox 1407 488 1508 527; x_wconf 86' lang='lat' dir='ltr'>nihil</span> <span class='ocrx_word' id='word_1_37' title='bbox 1543 490 1656 528; x_wconf 86' lang='lat' dir='ltr'>latius</span> <span class='ocrx_word' id='word_1_38' title='bbox 1689 490 1898 542; x_wconf 83' lang='lat' dir='ltr'>dissipatur.</span> 
     </span>
     <span class='ocr_line' id='line_1_6' title="bbox 493 556 1899 611; baseline -0.002 -15"><span class='ocrx_word' id='word_1_39' title='bbox 493 559 636 610; x_wconf 59' lang='lat' dir='ltr'>Neque</span> <span class='ocrx_word' id='word_1_40' title='bbox 671 572 756 611; x_wconf 82' lang='lat' dir='ltr'>ego,</span> <span class='ocrx_word' id='word_1_41' title='bbox 789 558 816 596; x_wconf 89' lang='lat' dir='ltr'>s1</span> <span class='ocrx_word' id='word_1_42' title='bbox 850 556 1001 596; x_wconf 85' lang='lat' dir='ltr'>fontem</span> <span class='ocrx_word' id='word_1_43' title='bbox 1033 556 1229 595; x_wconf 62' lang='lat' dir='ltr'>maledidfi</span> <span class='ocrx_word' id='word_1_44' title='bbox 1260 556 1470 608; x_wconf 76' lang='lat' dir='ltr'>reperietis,</span> <span class='ocrx_word' id='word_1_45' title='bbox 1502 565 1545 594; x_wconf 90' lang='lat' dir='ltr'>ut</span> <span class='ocrx_word' id='word_1_46' title='bbox 1576 565 1640 594; x_wconf 88' lang='lat' dir='ltr'>aut</span> <span class='ocrx_word' id='word_1_47' title='bbox 1680 556 1899 609; x_wconf 82' lang='lat' dir='ltr'>negligatis,</span> 
     </span>
     <span class='ocr_line' id='line_1_7' title="bbox 493 621 1902 676; baseline -0.002 -14"><span class='ocrx_word' id='word_1_48' title='bbox 493 634 558 662; x_wconf 88' lang='lat' dir='ltr'>aut</span> <span class='ocrx_word' id='word_1_49' title='bbox 593 624 860 668; x_wconf 70' lang='lat' dir='ltr'>dissimuletis,</span> <span class='ocrx_word' id='word_1_50' title='bbox 893 637 1066 675; x_wconf 86' lang='lat' dir='ltr'>unquam</span> <span class='ocrx_word' id='word_1_51' title='bbox 1103 622 1328 676; x_wconf 85' lang='lat' dir='ltr'>postulabo:</span> <span class='ocrx_word' id='word_1_52' title='bbox 1361 621 1448 666; x_wconf 87' lang='lat' dir='ltr'>sed,</span> <span class='ocrx_word' id='word_1_53' title='bbox 1480 622 1506 660; x_wconf 87' lang='lat' dir='ltr'>fi</span> <span class='ocrx_word' id='word_1_54' title='bbox 1541 622 1636 674; x_wconf 86' lang='lat' dir='ltr'>quid</span> <span class='ocrx_word' id='word_1_55' title='bbox 1668 622 1745 660; x_wconf 76' lang='lat' dir='ltr'>fine</span> <span class='ocrx_word' id='word_1_56' title='bbox 1776 623 1902 675; x_wconf 87' lang='lat' dir='ltr'>capite</span> 
     </span>
     <span class='ocr_line' id='line_1_8' title="bbox 493 689 1902 741; baseline -0.003 -11"><span class='ocrx_word' id='word_1_57' title='bbox 493 692 680 735; x_wconf 84' lang='lat' dir='ltr'>manabit,</span> <span class='ocrx_word' id='word_1_58' title='bbox 712 699 777 727; x_wconf 89' lang='lat' dir='ltr'>aut</span> <span class='ocrx_word' id='word_1_59' title='bbox 810 690 835 727; x_wconf 88' lang='lat' dir='ltr'>fi</span> <span class='ocrx_word' id='word_1_60' title='bbox 867 690 961 741; x_wconf 88' lang='lat' dir='ltr'>quid</span> <span class='ocrx_word' id='word_1_61' title='bbox 992 690 1064 726; x_wconf 90' lang='lat' dir='ltr'>erit</span> <span class='ocrx_word' id='word_1_62' title='bbox 1094 689 1297 741; x_wconf 84' lang='lat' dir='ltr'>ejusmodi,</span> <span class='ocrx_word' id='word_1_63' title='bbox 1330 697 1372 725; x_wconf 86' lang='lat' dir='ltr'>ut</span> <span class='ocrx_word' id='word_1_64' title='bbox 1407 702 1486 726; x_wconf 89' lang='lat' dir='ltr'>non</span> <span class='ocrx_word' id='word_1_65' title='bbox 1519 697 1624 726; x_wconf 79' lang='lat' dir='ltr'>extet</span> <span class='ocrx_word' id='word_1_66' title='bbox 1657 690 1801 733; x_wconf 66' lang='lat' dir='ltr'>auftor,</span> <span class='ocrx_word' id='word_1_67' title='bbox 1833 689 1902 740; x_wconf 89' lang='lat' dir='ltr'>qui</span> 
     </span>
     <span class='ocr_line' id='line_1_9' title="bbox 487 754 1896 808; baseline -0.003 -12"><span class='ocrx_word' id='word_1_68' title='bbox 487 759 680 802; x_wconf 53' lang='lat' dir='ltr'>audierim</span> <span class='ocrx_word' id='word_1_69' title='bbox 712 765 778 794; x_wconf 84' lang='lat' dir='ltr'>aut</span> <span class='ocrx_word' id='word_1_70' title='bbox 798 757 850 794; x_wconf 87' lang='lat' dir='ltr'>ita</span> <span class='ocrx_word' id='word_1_71' title='bbox 871 755 1070 808; x_wconf 80' lang='lat' dir='ltr'>negligens</span> <span class='ocrx_word' id='word_1_72' title='bbox 1091 755 1200 792; x_wconf 91' lang='lat' dir='ltr'>vobis</span> <span class='ocrx_word' id='word_1_73' title='bbox 1221 754 1291 792; x_wconf 85' lang='lat' dir='ltr'>effe</span> <span class='ocrx_word' id='word_1_74' title='bbox 1312 755 1521 799; x_wconf 86' lang='lat' dir='ltr'>videbitur,</span> <span class='ocrx_word' id='word_1_75' title='bbox 1553 764 1610 799; x_wconf 89' lang='lat' dir='ltr'>ut,</span> <span class='ocrx_word' id='word_1_76' title='bbox 1642 755 1743 793; x_wconf 90' lang='lat' dir='ltr'>unde</span> <span class='ocrx_word' id='word_1_77' title='bbox 1763 755 1896 793; x_wconf 85' lang='lat' dir='ltr'>audie—</span> 
     </span>
     <span class='ocr_line' id='line_1_10' title="bbox 489 818 1901 868; baseline -0.002 -7"><span class='ocrx_word' id='word_1_78' title='bbox 489 825 556 868; x_wconf 75' lang='lat' dir='ltr'>rit,</span> <span class='ocrx_word' id='word_1_79' title='bbox 589 823 734 861; x_wconf 85' lang='lat' dir='ltr'>oblitus</span> <span class='ocrx_word' id='word_1_80' title='bbox 756 822 826 867; x_wconf 78' lang='lat' dir='ltr'>slt3</span> <span class='ocrx_word' id='word_1_81' title='bbox 859 830 924 859; x_wconf 86' lang='lat' dir='ltr'>aut</span> <span class='ocrx_word' id='word_1_82' title='bbox 955 821 1008 858; x_wconf 89' lang='lat' dir='ltr'>ita</span> <span class='ocrx_word' id='word_1_83' title='bbox 1039 820 1165 858; x_wconf 87' lang='lat' dir='ltr'>levem</span> <span class='ocrx_word' id='word_1_84' title='bbox 1195 818 1356 857; x_wconf 82' lang='lat' dir='ltr'>habebit</span> <span class='ocrx_word' id='word_1_85' title='bbox 1388 821 1599 864; x_wconf 67' lang='lat' dir='ltr'>auctorem,</span> <span class='ocrx_word' id='word_1_86' title='bbox 1633 829 1676 857; x_wconf 91' lang='lat' dir='ltr'>ut</span> <span class='ocrx_word' id='word_1_87' title='bbox 1714 822 1901 858; x_wconf 85' lang='lat' dir='ltr'>memoria</span> 
     </span>
     <span class='ocr_line' id='line_1_11' title="bbox 493 880 1900 938; baseline -0.002 -15"><span class='ocrx_word' id='word_1_88' title='bbox 493 886 658 938; x_wconf 84' lang='lat' dir='ltr'>dignum</span> <span class='ocrx_word' id='word_1_89' title='bbox 679 899 756 922; x_wconf 87' lang='lat' dir='ltr'>non</span> <span class='ocrx_word' id='word_1_90' title='bbox 775 884 944 937; x_wconf 87' lang='lat' dir='ltr'>putarit:</span> <span class='ocrx_word' id='word_1_91' title='bbox 968 881 1084 935; x_wconf 84' lang='lat' dir='ltr'>hujus</span> <span class='ocrx_word' id='word_1_92' title='bbox 1106 882 1172 920; x_wconf 90' lang='lat' dir='ltr'>illa</span> <span class='ocrx_word' id='word_1_93' title='bbox 1192 895 1266 920; x_wconf 80' lang='lat' dir='ltr'>vox</span> <span class='ocrx_word' id='word_1_94' title='bbox 1287 881 1469 934; x_wconf 82' lang='lat' dir='ltr'>vulgaris,</span> <span class='ocrx_word' id='word_1_95' title='bbox 1491 880 1632 926; x_wconf 75' lang='lat' dir='ltr'>audivi,</span> <span class='ocrx_word' id='word_1_96' title='bbox 1655 894 1702 919; x_wconf 91' lang='lat' dir='ltr'>ne</span> <span class='ocrx_word' id='word_1_97' title='bbox 1722 881 1817 933; x_wconf 89' lang='lat' dir='ltr'>quid</span> <span class='ocrx_word' id='word_1_98' title='bbox 1838 895 1900 920; x_wconf 90' lang='lat' dir='ltr'>reo</span> 
     </span>
     <span class='ocr_line' id='line_1_12' title="bbox 494 956 1067 1000; baseline -0.003 -6"><span class='ocrx_word' id='word_1_99' title='bbox 494 956 694 996; x_wconf 79' lang='lat' dir='ltr'>innocenti</span> <span class='ocrx_word' id='word_1_100' title='bbox 715 964 865 1000; x_wconf 82' lang='lat' dir='ltr'>noceat,</span> <span class='ocrx_word' id='word_1_101' title='bbox 897 967 1067 993; x_wconf 88' lang='lat' dir='ltr'>oramus.</span> 
     </span>
     <span class='ocr_line' id='line_1_13' title="bbox 489 1019 1900 1074; baseline -0.004 -13"><span class='ocrx_word' id='word_1_102' title='bbox 489 1055 491 1057; x_wconf 89' lang='lat'>.</span> <span class='ocrx_word' id='word_1_103' title='bbox 550 1023 704 1061; x_wconf 77' lang='lat' dir='ltr'>XXIV.</span> <span class='ocrx_word' id='word_1_104' title='bbox 739 1022 810 1061; x_wconf 84' lang='lat' dir='ltr'>Sed</span> <span class='ocrx_word' id='word_1_105' title='bbox 830 1022 942 1060; x_wconf 89' lang='lat' dir='ltr'>venio</span> <span class='ocrx_word' id='word_1_106' title='bbox 957 1022 1039 1074; x_wconf 85' lang='lat' dir='ltr'>jam</span> <span class='ocrx_word' id='word_1_107' title='bbox 1062 1020 1106 1059; x_wconf 83' lang='lat' dir='ltr'>ad</span> <span class='ocrx_word' id='word_1_108' title='bbox 1129 1021 1177 1059; x_wconf 95' lang='lat' dir='ltr'>L.</span> <span class='ocrx_word' id='word_1_109' title='bbox 1202 1020 1386 1065; x_wconf 82' lang='lat' dir='ltr'>Caffium,</span> <span class='ocrx_word' id='word_1_110' title='bbox 1404 1019 1636 1058; x_wconf 83' lang='lat' dir='ltr'>familiarem</span> <span class='ocrx_word' id='word_1_111' title='bbox 1659 1033 1806 1064; x_wconf 86' lang='lat' dir='ltr'>meum,</span> <span class='ocrx_word' id='word_1_112' title='bbox 1826 1033 1900 1057; x_wconf 79' lang='lat' dir='ltr'>cu-</span> 
     </span>
     <span class='ocr_line' id='line_1_14' title="bbox 488 1086 1899 1143; baseline -0.004 -14"><span class='ocrx_word' id='word_1_113' title='bbox 488 1092 553 1143; x_wconf 81' lang='lat' dir='ltr'>jus</span> <span class='ocrx_word' id='word_1_114' title='bbox 574 1105 621 1129; x_wconf 79' lang='lat' dir='ltr'>ex</span> <span class='ocrx_word' id='word_1_115' title='bbox 642 1090 814 1128; x_wconf 91' lang='lat' dir='ltr'>oratione</span> <span class='ocrx_word' id='word_1_116' title='bbox 835 1103 882 1128; x_wconf 89' lang='lat' dir='ltr'>ne</span> <span class='ocrx_word' id='word_1_117' title='bbox 903 1089 1018 1127; x_wconf 90' lang='lat' dir='ltr'>illum</span> <span class='ocrx_word' id='word_1_118' title='bbox 1040 1088 1202 1141; x_wconf 86' lang='lat' dir='ltr'>quidem</span> <span class='ocrx_word' id='word_1_119' title='bbox 1222 1088 1450 1139; x_wconf 85' lang='lat' dir='ltr'>Juventium</span> <span class='ocrx_word' id='word_1_120' title='bbox 1479 1097 1610 1125; x_wconf 89' lang='lat' dir='ltr'>tecum</span> <span class='ocrx_word' id='word_1_121' title='bbox 1636 1086 1899 1140; x_wconf 84' lang='lat' dir='ltr'>expostulavi:</span> 
     </span>
     <span class='ocr_line' id='line_1_15' title="bbox 488 1141 1902 1210; baseline -0.004 -14"><span class='ocrx_word' id='word_1_122' title='bbox 488 1172 612 1210; x_wconf 85' lang='lat' dir='ltr'>quem</span> <span class='ocrx_word' id='word_1_123' title='bbox 634 1158 712 1202; x_wconf 90' lang='lat' dir='ltr'>ille,</span> <span class='ocrx_word' id='word_1_124' title='bbox 730 1157 840 1196; x_wconf 88' lang='lat' dir='ltr'>omni</span> <span class='ocrx_word' id='word_1_125' title='bbox 857 1166 895 1194; x_wconf 90' lang='lat' dir='ltr'>et</span> <span class='ocrx_word' id='word_1_126' title='bbox 916 1157 1056 1194; x_wconf 87' lang='lat' dir='ltr'>virtute</span> <span class='ocrx_word' id='word_1_127' title='bbox 1074 1165 1111 1193; x_wconf 88' lang='lat' dir='ltr'>et</span> <span class='ocrx_word' id='word_1_128' title='bbox 1131 1154 1372 1193; x_wconf 84' lang='lat' dir='ltr'>humanitate</span> <span class='ocrx_word' id='word_1_129' title='bbox 1392 1164 1549 1193; x_wconf 84' lang='lat' dir='ltr'>ornatus</span> <span class='ocrx_word' id='word_1_130' title='bbox 1571 1141 1799 1199; x_wconf 84' lang='lat' dir='ltr'>adolescens,</span> <span class='ocrx_word' id='word_1_131' title='bbox 1820 1154 1902 1206; x_wconf 87' lang='lat' dir='ltr'>pri-</span> 
     </span>
     <span class='ocr_line' id='line_1_16' title="bbox 491 1219 1898 1277; baseline -0.004 -15"><span class='ocrx_word' id='word_1_132' title='bbox 491 1239 606 1263; x_wconf 81' lang='lat' dir='ltr'>mum</span> <span class='ocrx_word' id='word_1_133' title='bbox 629 1224 675 1262; x_wconf 91' lang='lat' dir='ltr'>de</span> <span class='ocrx_word' id='word_1_134' title='bbox 697 1224 807 1277; x_wconf 90' lang='lat' dir='ltr'>plebe</span> <span class='ocrx_word' id='word_1_135' title='bbox 827 1223 979 1261; x_wconf 83' lang='lat' dir='ltr'>aedilem</span> <span class='ocrx_word' id='word_1_136' title='bbox 1001 1223 1175 1260; x_wconf 87' lang='lat' dir='ltr'>curulem</span> <span class='ocrx_word' id='word_1_137' title='bbox 1198 1221 1347 1260; x_wconf 60' lang='lat' dir='ltr'>saelum</span> <span class='ocrx_word' id='word_1_138' title='bbox 1367 1221 1438 1259; x_wconf 80' lang='lat' dir='ltr'>effe</span> <span class='ocrx_word' id='word_1_139' title='bbox 1460 1221 1574 1259; x_wconf 83' lang='lat' dir='ltr'>dixit.</span> <span class='ocrx_word' id='word_1_140' title='bbox 1601 1221 1647 1259; x_wconf 89' lang='lat' dir='ltr'>In</span> <span class='ocrx_word' id='word_1_141' title='bbox 1669 1234 1762 1272; x_wconf 92' lang='lat' dir='ltr'>quo,</span> <span class='ocrx_word' id='word_1_142' title='bbox 1786 1219 1898 1263; x_wconf 87' lang='lat' dir='ltr'>Caffi,</span> 
     </span>
     <span class='ocr_line' id='line_1_17' title="bbox 495 1288 1901 1342; baseline -0.004 -13"><span class='ocrx_word' id='word_1_143' title='bbox 495 1292 522 1329; x_wconf 85' lang='lat' dir='ltr'>si</span> <span class='ocrx_word' id='word_1_144' title='bbox 544 1292 595 1328; x_wconf 87' lang='lat' dir='ltr'>ita</span> <span class='ocrx_word' id='word_1_145' title='bbox 620 1291 693 1329; x_wconf 88' lang='lat' dir='ltr'>tibi</span> <span class='ocrx_word' id='word_1_146' title='bbox 715 1291 962 1342; x_wconf 83' lang='lat' dir='ltr'>respondeam</span> <span class='ocrx_word' id='word_1_147' title='bbox 980 1319 991 1334; x_wconf 90' lang='lat'>,</span> <span class='ocrx_word' id='word_1_148' title='bbox 1023 1288 1175 1326; x_wconf 83' lang='lat' dir='ltr'>nesciffe</span> <span class='ocrx_word' id='word_1_149' title='bbox 1197 1288 1237 1325; x_wconf 90' lang='lat' dir='ltr'>id</span> <span class='ocrx_word' id='word_1_150' title='bbox 1264 1288 1458 1340; x_wconf 89' lang='lat' dir='ltr'>populum</span> <span class='ocrx_word' id='word_1_151' title='bbox 1488 1289 1712 1325; x_wconf 88' lang='lat' dir='ltr'>Romanum</span> <span class='ocrx_word' id='word_1_152' title='bbox 1733 1315 1743 1331; x_wconf 92' lang='lat'>‚</span> <span class='ocrx_word' id='word_1_153' title='bbox 1776 1299 1901 1338; x_wconf 85' lang='lat' dir='ltr'>neque</span> 
     </span>
     <span class='ocr_line' id='line_1_18' title="bbox 491 1354 1899 1409; baseline -0.003 -14"><span class='ocrx_word' id='word_1_154' title='bbox 491 1357 603 1395; x_wconf 74' lang='lat' dir='ltr'>suill‘e</span> <span class='ocrx_word' id='word_1_155' title='bbox 623 1359 691 1409; x_wconf 89' lang='lat' dir='ltr'>qui</span> <span class='ocrx_word' id='word_1_156' title='bbox 711 1358 750 1395; x_wconf 91' lang='lat' dir='ltr'>id</span> <span class='ocrx_word' id='word_1_157' title='bbox 771 1357 880 1395; x_wconf 87' lang='lat' dir='ltr'>nobis</span> <span class='ocrx_word' id='word_1_158' title='bbox 902 1366 1079 1399; x_wconf 85' lang='lat' dir='ltr'>narraret,</span> <span class='ocrx_word' id='word_1_159' title='bbox 1103 1354 1310 1407; x_wconf 81' lang='lat' dir='ltr'>praesertim</span> <span class='ocrx_word' id='word_1_160' title='bbox 1333 1364 1488 1392; x_wconf 88' lang='lat' dir='ltr'>mortuo</span> <span class='ocrx_word' id='word_1_161' title='bbox 1509 1355 1715 1406; x_wconf 86' lang='lat' dir='ltr'>Longino;</span> <span class='ocrx_word' id='word_1_162' title='bbox 1739 1367 1832 1399; x_wconf 90' lang='lat' dir='ltr'>non,</span> <span class='ocrx_word' id='word_1_163' title='bbox 1857 1362 1899 1391; x_wconf 88' lang='lat' dir='ltr'>ut</span> 
     </span>
     <span class='ocr_line' id='line_1_19' title="bbox 489 1419 1900 1476; baseline -0.004 -14"><span class='ocrx_word' id='word_1_164' title='bbox 489 1424 645 1476; x_wconf 61' lang='lat' dir='ltr'>opinor,</span> <span class='ocrx_word' id='word_1_165' title='bbox 675 1423 875 1466; x_wconf 81' lang='lat' dir='ltr'>admirere,</span> <span class='ocrx_word' id='word_1_166' title='bbox 896 1436 990 1460; x_wconf 90' lang='lat' dir='ltr'>cum</span> <span class='ocrx_word' id='word_1_167' title='bbox 1011 1435 1083 1473; x_wconf 81' lang='lat' dir='ltr'>ego</span> <span class='ocrx_word' id='word_1_168' title='bbox 1103 1421 1195 1473; x_wconf 88' lang='lat' dir='ltr'>ipse,</span> <span class='ocrx_word' id='word_1_169' title='bbox 1218 1433 1295 1457; x_wconf 89' lang='lat' dir='ltr'>non</span> <span class='ocrx_word' id='word_1_170' title='bbox 1314 1419 1521 1458; x_wconf 84' lang='lat' dir='ltr'>abhorrens</span> <span class='ocrx_word' id='word_1_171' title='bbox 1543 1434 1563 1458; x_wconf 89' lang='lat' dir='ltr'>a</span> <span class='ocrx_word' id='word_1_172' title='bbox 1582 1420 1707 1458; x_wconf 80' lang='lat' dir='ltr'>studio</span> <span class='ocrx_word' id='word_1_173' title='bbox 1727 1419 1900 1471; x_wconf 88' lang='lat' dir='ltr'>antiqui-</span> 
     </span>
     <span class='ocr_line' id='line_1_20' title="bbox 494 1485 1899 1540; baseline -0.004 -12"><span class='ocrx_word' id='word_1_174' title='bbox 494 1491 582 1528; x_wconf 71' lang='lat' dir='ltr'>tatis</span> <span class='ocrx_word' id='word_1_175' title='bbox 600 1520 611 1534; x_wconf 97' lang='lat'>,</span> <span class='ocrx_word' id='word_1_176' title='bbox 643 1503 706 1528; x_wconf 93' lang='lat' dir='ltr'>me</span> <span class='ocrx_word' id='word_1_177' title='bbox 726 1488 791 1526; x_wconf 85' lang='lat' dir='ltr'>hic</span> <span class='ocrx_word' id='word_1_178' title='bbox 819 1488 859 1526; x_wconf 91' lang='lat' dir='ltr'>id</span> <span class='ocrx_word' id='word_1_179' title='bbox 878 1502 924 1526; x_wconf 83' lang='lat' dir='ltr'>ex</span> <span class='ocrx_word' id='word_1_180' title='bbox 947 1497 983 1526; x_wconf 87' lang='lat' dir='ltr'>te</span> <span class='ocrx_word' id='word_1_181' title='bbox 1003 1488 1178 1540; x_wconf 89' lang='lat' dir='ltr'>primum</span> <span class='ocrx_word' id='word_1_182' title='bbox 1200 1485 1340 1524; x_wconf 77' lang='lat' dir='ltr'>audisse</span> <span class='ocrx_word' id='word_1_183' title='bbox 1366 1486 1564 1525; x_wconf 87' lang='lat' dir='ltr'>confitear.</span> <span class='ocrx_word' id='word_1_184' title='bbox 1597 1487 1650 1524; x_wconf 90' lang='lat' dir='ltr'>Et</span> <span class='ocrx_word' id='word_1_185' title='bbox 1668 1515 1678 1531; x_wconf 92' lang='lat'>,</span> <span class='ocrx_word' id='word_1_186' title='bbox 1711 1487 1899 1537; x_wconf 83' lang='lat' dir='ltr'>quoniam</span> 
     </span>
     <span class='ocr_line' id='line_1_21' title="bbox 494 1552 1902 1609; baseline -0.004 -15"><span class='ocrx_word' id='word_1_187' title='bbox 494 1566 560 1594; x_wconf 86' lang='lat' dir='ltr'>tua</span> <span class='ocrx_word' id='word_1_188' title='bbox 581 1556 656 1594; x_wconf 88' lang='lat' dir='ltr'>fuit</span> <span class='ocrx_word' id='word_1_189' title='bbox 675 1555 894 1609; x_wconf 79' lang='lat' dir='ltr'>perelegans</span> <span class='ocrx_word' id='word_1_190' title='bbox 923 1568 965 1593; x_wconf 83' lang='lat' dir='ltr'>ac</span> <span class='ocrx_word' id='word_1_191' title='bbox 992 1553 1210 1607; x_wconf 86' lang='lat' dir='ltr'>persubtilis</span> <span class='ocrx_word' id='word_1_192' title='bbox 1237 1553 1386 1598; x_wconf 85' lang='lat' dir='ltr'>oratio,</span> <span class='ocrx_word' id='word_1_193' title='bbox 1418 1553 1535 1605; x_wconf 86' lang='lat' dir='ltr'>digna</span> <span class='ocrx_word' id='word_1_194' title='bbox 1558 1553 1701 1605; x_wconf 90' lang='lat' dir='ltr'>equitis</span> <span class='ocrx_word' id='word_1_195' title='bbox 1730 1552 1902 1590; x_wconf 90' lang='lat' dir='ltr'>Romani</span> 
     </span>
     <span class='ocr_line' id='line_1_22' title="bbox 490 1618 1902 1675; baseline -0.004 -14"><span class='ocrx_word' id='word_1_196' title='bbox 490 1623 553 1661; x_wconf 64' lang='lat' dir='ltr'>xel</span> <span class='ocrx_word' id='word_1_197' title='bbox 580 1623 705 1661; x_wconf 90' lang='lat' dir='ltr'>studio</span> <span class='ocrx_word' id='word_1_198' title='bbox 722 1652 733 1668; x_wconf 90' lang='lat'>‚</span> <span class='ocrx_word' id='word_1_199' title='bbox 764 1622 824 1660; x_wconf 87' lang='lat' dir='ltr'>vel</span> <span class='ocrx_word' id='word_1_200' title='bbox 852 1621 1023 1675; x_wconf 81' lang='lat' dir='ltr'>pudore3</span> <span class='ocrx_word' id='word_1_201' title='bbox 1056 1619 1321 1673; x_wconf 87' lang='lat' dir='ltr'>quoniamque</span> <span class='ocrx_word' id='word_1_202' title='bbox 1349 1619 1399 1657; x_wconf 88' lang='lat' dir='ltr'>fic</span> <span class='ocrx_word' id='word_1_203' title='bbox 1427 1619 1474 1657; x_wconf 87' lang='lat' dir='ltr'>ab</span> <span class='ocrx_word' id='word_1_204' title='bbox 1502 1618 1563 1658; x_wconf 90' lang='lat' dir='ltr'>his</span> <span class='ocrx_word' id='word_1_205' title='bbox 1585 1633 1623 1658; x_wconf 92' lang='lat' dir='ltr'>es</span> <span class='ocrx_word' id='word_1_206' title='bbox 1644 1619 1797 1658; x_wconf 86' lang='lat' dir='ltr'>auditus</span> <span class='ocrx_word' id='word_1_207' title='bbox 1814 1648 1827 1664; x_wconf 93' lang='lat'>,</span> <span class='ocrx_word' id='word_1_208' title='bbox 1859 1627 1902 1656; x_wconf 90' lang='lat' dir='ltr'>ut</span> 
     </span>
     <span class='ocr_line' id='line_1_23' title="bbox 496 1685 1899 1743; baseline -0.004 -14"><span class='ocrx_word' id='word_1_209' title='bbox 496 1704 659 1743; x_wconf 83' lang='lat' dir='ltr'>magnus</span> <span class='ocrx_word' id='word_1_210' title='bbox 681 1689 804 1728; x_wconf 87' lang='lat' dir='ltr'>honos</span> <span class='ocrx_word' id='word_1_211' title='bbox 824 1699 862 1728; x_wconf 88' lang='lat' dir='ltr'>et</span> <span class='ocrx_word' id='word_1_212' title='bbox 880 1689 1038 1742; x_wconf 84' lang='lat' dir='ltr'>ingenio</span> <span class='ocrx_word' id='word_1_213' title='bbox 1058 1697 1096 1725; x_wconf 90' lang='lat' dir='ltr'>et</span> <span class='ocrx_word' id='word_1_214' title='bbox 1115 1686 1351 1725; x_wconf 85' lang='lat' dir='ltr'>humanitati</span> <span class='ocrx_word' id='word_1_215' title='bbox 1372 1696 1446 1725; x_wconf 87' lang='lat' dir='ltr'>tuae</span> <span class='ocrx_word' id='word_1_216' title='bbox 1465 1687 1719 1725; x_wconf 84' lang='lat' dir='ltr'>tribueretur:</span> <span class='ocrx_word' id='word_1_217' title='bbox 1743 1685 1899 1738; x_wconf 89' lang='lat' dir='ltr'>respon-</span> 
     </span>
     <span class='ocr_line' id='line_1_24' title="bbox 492 1751 1899 1808; baseline -0.006 -12"><span class='ocrx_word' id='word_1_218' title='bbox 492 1758 595 1796; x_wconf 82' lang='lat' dir='ltr'>debo</span> <span class='ocrx_word' id='word_1_219' title='bbox 615 1757 661 1795; x_wconf 85' lang='lat' dir='ltr'>ad</span> <span class='ocrx_word' id='word_1_220' title='bbox 681 1770 723 1795; x_wconf 89' lang='lat' dir='ltr'>ea</span> <span class='ocrx_word' id='word_1_221' title='bbox 740 1785 750 1801; x_wconf 92' lang='lat'>‚</span> <span class='ocrx_word' id='word_1_222' title='bbox 782 1770 867 1808; x_wconf 85' lang='lat' dir='ltr'>quae</span> <span class='ocrx_word' id='word_1_223' title='bbox 892 1755 1049 1799; x_wconf 74' lang='lat' dir='ltr'>dixisti3</span> <span class='ocrx_word' id='word_1_224' title='bbox 1081 1767 1166 1806; x_wconf 84' lang='lat' dir='ltr'>quae</span> <span class='ocrx_word' id='word_1_225' title='bbox 1187 1753 1366 1806; x_wconf 89' lang='lat' dir='ltr'>pleraque</span> <span class='ocrx_word' id='word_1_226' title='bbox 1388 1752 1434 1790; x_wconf 91' lang='lat' dir='ltr'>de</span> <span class='ocrx_word' id='word_1_227' title='bbox 1454 1752 1534 1805; x_wconf 89' lang='lat' dir='ltr'>ipso</span> <span class='ocrx_word' id='word_1_228' title='bbox 1555 1766 1619 1790; x_wconf 87' lang='lat' dir='ltr'>me</span> <span class='ocrx_word' id='word_1_229' title='bbox 1639 1751 1798 1789; x_wconf 88' lang='lat' dir='ltr'>fuerunt</span> <span class='ocrx_word' id='word_1_230' title='bbox 1817 1766 1825 1790; x_wconf 94' lang='lat'><strong>:</strong></span> <span class='ocrx_word' id='word_1_231' title='bbox 1859 1752 1899 1789; x_wconf 90' lang='lat' dir='ltr'>in</span> 
     </span>
     <span class='ocr_line' id='line_1_25' title="bbox 494 1817 1899 1876; baseline -0.004 -15"><span class='ocrx_word' id='word_1_232' title='bbox 494 1824 637 1875; x_wconf 84' lang='lat' dir='ltr'>quibus</span> <span class='ocrx_word' id='word_1_233' title='bbox 658 1823 727 1876; x_wconf 78' lang='lat' dir='ltr'>ipsi</span> <span class='ocrx_word' id='word_1_234' title='bbox 747 1822 883 1866; x_wconf 86' lang='lat' dir='ltr'>aculei,</span> <span class='ocrx_word' id='word_1_235' title='bbox 915 1821 941 1858; x_wconf 89' lang='lat' dir='ltr'>s1</span> <span class='ocrx_word' id='word_1_236' title='bbox 963 1833 1060 1873; x_wconf 82' lang='lat' dir='ltr'>quos</span> <span class='ocrx_word' id='word_1_237' title='bbox 1080 1819 1247 1857; x_wconf 87' lang='lat' dir='ltr'>habuisti</span> <span class='ocrx_word' id='word_1_238' title='bbox 1266 1819 1307 1856; x_wconf 91' lang='lat' dir='ltr'>in</span> <span class='ocrx_word' id='word_1_239' title='bbox 1328 1832 1392 1857; x_wconf 89' lang='lat' dir='ltr'>me</span> <span class='ocrx_word' id='word_1_240' title='bbox 1412 1817 1739 1871; x_wconf 90' lang='lat' dir='ltr'>reprehendendo,</span> <span class='ocrx_word' id='word_1_241' title='bbox 1769 1826 1899 1856; x_wconf 87' lang='lat' dir='ltr'>tamen</span> 
     </span>
     <span class='ocr_line' id='line_1_26' title="bbox 495 1887 1115 1941; baseline -0.003 -13"><span class='ocrx_word' id='word_1_242' title='bbox 495 1888 597 1928; x_wconf 87' lang='lat' dir='ltr'>mihi</span> <span class='ocrx_word' id='word_1_243' title='bbox 619 1902 697 1927; x_wconf 89' lang='lat' dir='ltr'>non</span> <span class='ocrx_word' id='word_1_244' title='bbox 718 1889 858 1941; x_wconf 88' lang='lat' dir='ltr'>ingrati</span> <span class='ocrx_word' id='word_1_245' title='bbox 878 1887 1115 1926; x_wconf 85' lang='lat' dir='ltr'>acciderunt.</span> 
     </span>
    </p>

    <p class='ocr_par' dir='ltr' id='par_1_4' title="bbox 495 1950 1901 2074">
     <span class='ocr_line' id='line_1_27' title="bbox 551 1950 1897 2007; baseline -0.003 -14"><span class='ocrx_word' id='word_1_246' title='bbox 551 1955 739 2006; x_wconf 82' lang='lat' dir='ltr'>Qaesisti,</span> <span class='ocrx_word' id='word_1_247' title='bbox 772 1964 904 1992; x_wconf 89' lang='lat' dir='ltr'>utrum</span> <span class='ocrx_word' id='word_1_248' title='bbox 926 1953 1025 1992; x_wconf 86' lang='lat' dir='ltr'>mihi</span> <span class='ocrx_word' id='word_1_249' title='bbox 1046 1963 1236 2007; x_wconf 89' lang='lat' dir='ltr'>putarem,</span> <span class='ocrx_word' id='word_1_250' title='bbox 1267 1953 1409 2005; x_wconf 87' lang='lat' dir='ltr'>equitis</span> <span class='ocrx_word' id='word_1_251' title='bbox 1432 1953 1603 1991; x_wconf 87' lang='lat' dir='ltr'>Romani</span> <span class='ocrx_word' id='word_1_252' title='bbox 1623 1951 1720 1997; x_wconf 91' lang='lat' dir='ltr'>filio,</span> <span class='ocrx_word' id='word_1_253' title='bbox 1742 1950 1897 1990; x_wconf 89' lang='lat' dir='ltr'>facilio-</span> 
     </span>
     <span class='ocr_line' id='line_1_28' title="bbox 495 2018 1901 2074; baseline -0.003 -14"><span class='ocrx_word' id='word_1_254' title='bbox 495 2035 578 2060; x_wconf 87' lang='lat' dir='ltr'>rem</span> <span class='ocrx_word' id='word_1_255' title='bbox 604 2020 715 2060; x_wconf 83' lang='lat' dir='ltr'>fuiffe</span> <span class='ocrx_word' id='word_1_256' title='bbox 740 2022 786 2059; x_wconf 90' lang='lat' dir='ltr'>ad</span> <span class='ocrx_word' id='word_1_257' title='bbox 812 2021 1072 2074; x_wconf 86' lang='lat' dir='ltr'>adipiscendos</span> <span class='ocrx_word' id='word_1_258' title='bbox 1099 2019 1262 2059; x_wconf 89' lang='lat' dir='ltr'>honores</span> <span class='ocrx_word' id='word_1_259' title='bbox 1289 2020 1405 2065; x_wconf 86' lang='lat' dir='ltr'>viam,</span> <span class='ocrx_word' id='word_1_260' title='bbox 1437 2033 1483 2057; x_wconf 89' lang='lat' dir='ltr'>an</span> <span class='ocrx_word' id='word_1_261' title='bbox 1515 2018 1687 2057; x_wconf 88' lang='lat' dir='ltr'>futuram</span> <span class='ocrx_word' id='word_1_262' title='bbox 1718 2019 1790 2057; x_wconf 83' lang='lat' dir='ltr'>effe</span> <span class='ocrx_word' id='word_1_263' title='bbox 1817 2019 1901 2057; x_wconf 92' lang='lat' dir='ltr'>filio</span> 
     </span>
    </p>
   </div>
   <div class='ocr_carea' id='block_1_3' title="bbox 497 2085 1962 2140">
    <p class='ocr_par' dir='ltr' id='par_1_5' title="bbox 497 2085 1962 2140">
     <span class='ocr_line' id='line_1_29' title="bbox 497 2085 1962 2140; baseline -0.003 -14"><span class='ocrx_word' id='word_1_264' title='bbox 497 2102 599 2133; x_wconf 87' lang='lat' dir='ltr'>meo,</span> <span class='ocrx_word' id='word_1_265' title='bbox 623 2088 691 2140; x_wconf 89' lang='lat' dir='ltr'>qui</span> <span class='ocrx_word' id='word_1_266' title='bbox 711 2087 798 2126; x_wconf 84' lang='lat' dir='ltr'>effet</span> <span class='ocrx_word' id='word_1_267' title='bbox 818 2087 965 2126; x_wconf 86' lang='lat' dir='ltr'>familia</span> <span class='ocrx_word' id='word_1_268' title='bbox 985 2087 1187 2125; x_wconf 88' lang='lat' dir='ltr'>consulari.</span> <span class='ocrx_word' id='word_1_269' title='bbox 1212 2087 1298 2139; x_wconf 87' lang='lat' dir='ltr'>Ego</span> <span class='ocrx_word' id='word_1_270' title='bbox 1319 2100 1421 2131; x_wconf 87' lang='lat' dir='ltr'>vero,</span> <span class='ocrx_word' id='word_1_271' title='bbox 1444 2099 1668 2138; x_wconf 86' lang='lat' dir='ltr'>quanquam</span> <span class='ocrx_word' id='word_1_272' title='bbox 1690 2085 1749 2123; x_wconf 89' lang='lat' dir='ltr'>illi</span> <span class='ocrx_word' id='word_1_273' title='bbox 1770 2085 1902 2123; x_wconf 89' lang='lat' dir='ltr'>omnia</span> <span class='ocrx_word' id='word_1_274' title='bbox 1959 2110 1962 2112; x_wconf 35' lang='lat' dir='ltr'>v</span> 
     </span>
    </p>
   </div>
   <div class='ocr_carea' id='block_1_4' title="bbox 495 2151 1900 2473">
    <p class='ocr_par' dir='ltr' id='par_1_6' title="bbox 495 2151 1900 2473">
     <span class='ocr_line' id='line_1_30' title="bbox 496 2151 1898 2207; baseline -0.002 -14"><span class='ocrx_word' id='word_1_275' title='bbox 496 2155 615 2199; x_wconf 60' lang='lat' dir='ltr'>mab,</span> <span class='ocrx_word' id='word_1_276' title='bbox 638 2167 754 2207; x_wconf 88' lang='lat' dir='ltr'>quam</span> <span class='ocrx_word' id='word_1_277' title='bbox 778 2153 878 2193; x_wconf 88' lang='lat' dir='ltr'>mihi</span> <span class='ocrx_word' id='word_1_278' title='bbox 896 2173 907 2199; x_wconf 68' lang='grc' dir='ltr'><strong><em>ς</em></strong></span> <span class='ocrx_word' id='word_1_279' title='bbox 933 2163 1061 2192; x_wconf 87' lang='lat' dir='ltr'>tamen</span> <span class='ocrx_word' id='word_1_280' title='bbox 1081 2153 1139 2191; x_wconf 90' lang='lat' dir='ltr'>illi</span> <span class='ocrx_word' id='word_1_281' title='bbox 1161 2152 1356 2191; x_wconf 90' lang='lat' dir='ltr'>honorum</span> <span class='ocrx_word' id='word_1_282' title='bbox 1376 2153 1501 2191; x_wconf 88' lang='lat' dir='ltr'>aditus</span> <span class='ocrx_word' id='word_1_283' title='bbox 1522 2166 1723 2205; x_wconf 88' lang='lat' dir='ltr'>nunquam</span> <span class='ocrx_word' id='word_1_284' title='bbox 1745 2151 1898 2190; x_wconf 87' lang='lat' dir='ltr'>facilio-</span> 
     </span>
     <span class='ocr_line' id='line_1_31' title="bbox 497 2218 1900 2274; baseline -0.002 -15"><span class='ocrx_word' id='word_1_285' title='bbox 497 2235 553 2260; x_wconf 85' lang='lat' dir='ltr'>res</span> <span class='ocrx_word' id='word_1_286' title='bbox 575 2220 731 2274; x_wconf 82' lang='lat' dir='ltr'>optavi,</span> <span class='ocrx_word' id='word_1_287' title='bbox 764 2235 882 2274; x_wconf 86' lang='lat' dir='ltr'>quam</span> <span class='ocrx_word' id='word_1_288' title='bbox 908 2219 1007 2259; x_wconf 86' lang='lat' dir='ltr'>mihi</span> <span class='ocrx_word' id='word_1_289' title='bbox 1033 2219 1204 2258; x_wconf 90' lang='lat' dir='ltr'>fuerunt.</span> <span class='ocrx_word' id='word_1_290' title='bbox 1248 2220 1357 2271; x_wconf 85' lang='lat' dir='ltr'>Qin</span> <span class='ocrx_word' id='word_1_291' title='bbox 1379 2220 1494 2258; x_wconf 88' lang='lat' dir='ltr'>etiam</span> <span class='ocrx_word' id='word_1_292' title='bbox 1513 2249 1524 2264; x_wconf 96' lang='lat'>,</span> <span class='ocrx_word' id='word_1_293' title='bbox 1556 2233 1604 2257; x_wconf 90' lang='lat' dir='ltr'>ne</span> <span class='ocrx_word' id='word_1_294' title='bbox 1624 2218 1723 2257; x_wconf 89' lang='lat' dir='ltr'>forte</span> <span class='ocrx_word' id='word_1_295' title='bbox 1744 2219 1809 2257; x_wconf 88' lang='lat' dir='ltr'>ille</span> <span class='ocrx_word' id='word_1_296' title='bbox 1829 2218 1900 2256; x_wconf 84' lang='lat' dir='ltr'>fibi</span> 
     </span>
     <span class='ocr_line' id='line_1_32' title="bbox 498 2283 1897 2341; baseline -0.002 -16"><span class='ocrx_word' id='word_1_297' title='bbox 498 2302 562 2326; x_wconf 89' lang='lat' dir='ltr'>me</span> <span class='ocrx_word' id='word_1_298' title='bbox 582 2287 711 2340; x_wconf 85' lang='lat' dir='ltr'>potius</span> <span class='ocrx_word' id='word_1_299' title='bbox 732 2287 911 2341; x_wconf 70' lang='lat' dir='ltr'>peperisse</span> <span class='ocrx_word' id='word_1_300' title='bbox 926 2288 1007 2339; x_wconf 88' lang='lat' dir='ltr'>jam</span> <span class='ocrx_word' id='word_1_301' title='bbox 1030 2285 1208 2331; x_wconf 85' lang='lat' dir='ltr'>honores,</span> <span class='ocrx_word' id='word_1_302' title='bbox 1241 2299 1358 2338; x_wconf 87' lang='lat' dir='ltr'>quam</span> <span class='ocrx_word' id='word_1_303' title='bbox 1380 2286 1451 2324; x_wconf 91' lang='lat' dir='ltr'>iter</span> <span class='ocrx_word' id='word_1_304' title='bbox 1471 2284 1737 2324; x_wconf 87' lang='lat' dir='ltr'>demonstraffe</span> <span class='ocrx_word' id='word_1_305' title='bbox 1757 2283 1897 2337; x_wconf 88' lang='lat' dir='ltr'>adipis-</span> 
     </span>
     <span class='ocr_line' id='line_1_33' title="bbox 497 2352 1898 2407; baseline -0.002 -15"><span class='ocrx_word' id='word_1_306' title='bbox 497 2354 726 2400; x_wconf 87' lang='lat' dir='ltr'>cendorum,</span> <span class='ocrx_word' id='word_1_307' title='bbox 746 2364 875 2407; x_wconf 80' lang='lat' dir='ltr'>putet3</span> <span class='ocrx_word' id='word_1_308' title='bbox 894 2352 974 2392; x_wconf 79' lang='lat' dir='ltr'>haec</span> <span class='ocrx_word' id='word_1_309' title='bbox 991 2354 1050 2391; x_wconf 90' lang='lat' dir='ltr'>illi</span> <span class='ocrx_word' id='word_1_310' title='bbox 1071 2353 1172 2391; x_wconf 87' lang='lat' dir='ltr'>soleo</span> <span class='ocrx_word' id='word_1_311' title='bbox 1191 2352 1408 2406; x_wconf 84' lang='lat' dir='ltr'>praecipere,</span> <span class='ocrx_word' id='word_1_312' title='bbox 1427 2366 1648 2405; x_wconf 87' lang='lat' dir='ltr'>quanquam</span> <span class='ocrx_word' id='word_1_313' title='bbox 1666 2352 1711 2389; x_wconf 87' lang='lat' dir='ltr'>ad</span> <span class='ocrx_word' id='word_1_314' title='bbox 1728 2364 1898 2405; x_wconf 70' lang='lat' dir='ltr'>praecep-</span> 
     </span>
     <span class='ocr_line' id='line_1_34' title="bbox 495 2417 1894 2473; baseline -0.004 -13"><span class='ocrx_word' id='word_1_315' title='bbox 495 2431 537 2464; x_wconf 70' lang='lat' dir='ltr'>ta</span> <span class='ocrx_word' id='word_1_316' title='bbox 557 2430 641 2460; x_wconf 87' lang='lat' dir='ltr'>aetas</span> <span class='ocrx_word' id='word_1_317' title='bbox 664 2435 740 2459; x_wconf 90' lang='lat' dir='ltr'>non</span> <span class='ocrx_word' id='word_1_318' title='bbox 762 2422 814 2459; x_wconf 89' lang='lat' dir='ltr'>est</span> <span class='ocrx_word' id='word_1_319' title='bbox 834 2421 939 2473; x_wconf 82' lang='lat' dir='ltr'>gnati</span> <span class='ocrx_word' id='word_1_320' title='bbox 958 2450 968 2466; x_wconf 92' lang='lat'><em>‚</em></span> <span class='ocrx_word' id='word_1_321' title='bbox 1000 2434 1084 2473; x_wconf 82' lang='lat' dir='ltr'>quae</span> <span class='ocrx_word' id='word_1_322' title='bbox 1106 2420 1171 2458; x_wconf 89' lang='lat' dir='ltr'>ille</span> <span class='ocrx_word' id='word_1_323' title='bbox 1192 2433 1211 2457; x_wconf 93' lang='lat' dir='ltr'>a</span> <span class='ocrx_word' id='word_1_324' title='bbox 1231 2421 1328 2471; x_wconf 90' lang='lat' dir='ltr'>Jove</span> <span class='ocrx_word' id='word_1_325' title='bbox 1347 2429 1452 2457; x_wconf 88' lang='lat' dir='ltr'>ortus</span> <span class='ocrx_word' id='word_1_326' title='bbox 1480 2419 1553 2457; x_wconf 86' lang='lat' dir='ltr'>suis</span> <span class='ocrx_word' id='word_1_327' title='bbox 1579 2418 1753 2472; x_wconf 84' lang='lat' dir='ltr'>praecipit</span> <span class='ocrx_word' id='word_1_328' title='bbox 1778 2417 1894 2456; x_wconf 86' lang='lat' dir='ltr'>filiis:</span> 
     </span>
    </p>
   </div>
   <div class='ocr_carea' id='block_1_5' title="bbox 667 2485 1730 2544">
    <p class='ocr_par' dir='ltr' id='par_1_7' title="bbox 667 2485 1730 2544">
     <span class='ocr_line' id='line_1_35' title="bbox 667 2485 1730 2544; baseline -0.004 -17"><span class='ocrx_word' id='word_1_329' title='bbox 667 2488 894 2544; x_wconf 68' lang='lat' dir='ltr'>nglmzdum</span> <span class='ocrx_word' id='word_1_330' title='bbox 914 2487 1108 2542; x_wconf 70' lang='lat' dir='ltr'>[ststmper</span> <span class='ocrx_word' id='word_1_331' title='bbox 1122 2504 1135 2528; x_wconf 92' lang='lat'><em>:</em></span> <span class='ocrx_word' id='word_1_332' title='bbox 1166 2487 1289 2528; x_wconf 68' lang='lat' dir='ltr'>multae</span> <span class='ocrx_word' id='word_1_333' title='bbox 1309 2487 1345 2526; x_wconf 75' lang='lat' dir='ltr'>in</span> <span class='ocrx_word' id='word_1_334' title='bbox 1360 2486 1541 2540; x_wconf 75' lang='lat' dir='ltr'>idiceflmt</span> <span class='ocrx_word' id='word_1_335' title='bbox 1560 2485 1670 2525; x_wconf 49' lang='lat' dir='ltr'>boma.</span> <span class='ocrx_word' id='word_1_336' title='bbox 1726 2540 1730 2543; x_wconf 24' lang='lat'>¹</span> 
     </span>
    </p>
   </div>
  </div>
 </body>
</html>
