2212 2835
651 160 789 198 rRo
851 159 957 199 cN.
1019 160 1368 200 PLANcm.
1630 163 1709 214 467

312 257 496 310 quiessem
516 259 609 303 dies,
628 258 667 296 in
689 259 852 297 aliorum
869 259 1056 312 jugulum
1078 259 1281 298 consulum
1303 259 1531 299 recidifl‘ent.
1555 261 1710 313 Qatn-

311 324 445 363 obrem
463 354 474 370 ,
506 325 532 363 fi
554 325 639 363 vitae
659 326 848 378 cupiditas
877 335 1010 363 contra
1037 326 1319 378 rempublicam
1347 327 1398 365 est
1426 327 1546 380 turpis
1565 356 1576 372 ,
1607 336 1709 365 certe

314 391 441 430 multo
462 392 597 430 mortis
620 392 807 445 cupiditas
829 405 914 430 mea
932 392 1080 444 turpior
1095 391 1220 430 fuisset
1237 405 1327 430 cum
1344 394 1511 445 pernicie
1526 394 1708 432 civitatis.

368 459 602 497 XXXVIII.
635 458 741 496 Nam
770 458 875 510 quod
902 466 939 496 te
965 458 1005 496 in
1026 457 1223 510 republica
1243 457 1411 497 liberum
1434 459 1504 497 esse
1524 460 1709 512 gloriatus

312 537 365 570 es,
387 525 427 563 id
447 539 519 578 ego
539 535 576 563 et
596 524 729 571 fateor,
747 535 784 563 et
805 525 924 569 laetor,
946 535 984 563 et
1005 525 1076 562 tibi
1097 525 1214 563 etiam
1235 525 1275 563 in
1295 524 1371 563 hoc
1390 527 1581 578 gratulor:
1605 528 1709 579 quod

311 604 376 628 me
406 600 536 629 autem
562 591 718 643 negasti,
749 591 788 628 in
815 603 860 628 eo
886 603 1011 643 neque
1043 599 1093 635 te,
1124 604 1250 643 neque
1277 604 1532 644 quemquam,
1564 593 1709 630 diutius

310 657 431 709 patiar
449 669 580 694 errare.
619 657 726 694 Nam
745 685 755 701 ,
787 656 813 694 fi
834 657 921 709 quis
943 656 1088 695 idcirco
1107 657 1255 709 aliquid
1274 657 1321 695 de
1341 657 1516 696 libertate
1537 672 1623 696 mea
1642 659 1709 697 de-

310 722 513 760 minutum
533 731 670 775 putat,
700 723 806 775 quod
826 736 904 761 non
926 723 972 761 ab
993 723 1176 761 omnibus
1197 722 1340 762 eisdem
1356 753 1367 768 ‚
1398 738 1419 762 a
1438 725 1580 777 quibus
1601 735 1710 763 antea

244 793 248 797 ’
310 788 443 827 solitus
465 788 548 827 sum
570 788 775 834 dissentire,
797 787 1041 834 diffentiam3
1064 790 1252 842 primum,
1274 790 1300 828 fi
1322 791 1419 829 bene
1440 791 1485 829 de
1506 805 1568 830 me
1590 793 1708 831 meri⁶

310 854 360 892 tis
380 864 533 907 gratum
555 868 618 892 me
637 854 786 907 praebeo
801 883 812 899 ,
843 868 922 893 non
943 855 1071 894 defino
1091 855 1284 894 incurrere
1304 857 1344 894 in
1366 857 1514 896 crimen
1536 857 1709 898 hominis

311 922 481 960 nimium
502 922 684 960 memoris
702 949 713 966 ,
745 921 994 974 nimiumque
1014 923 1112 975 grati
1130 938 1139 961 ι
1172 922 1225 961 sin
1246 932 1375 962 autem
1393 924 1511 970 sfine
1532 926 1612 964 ullo
1633 926 1707 964 rei-

310 988 477 1040 publicae
515 988 749 1026 detrimento
770 1017 781 1033 ,
825 989 986 1042 respicio
1024 990 1140 1028 etiarn
1178 990 1385 1042 aliquando
1424 991 1584 1030 salutem
1625 1003 1709 1031 tum

310 1067 437 1092 meam
457 1085 468 1100 ‚
501 1063 586 1093 tum
613 1067 790 1092 meorum
808 1072 819 1099 3
851 1063 954 1093 certe
981 1069 1058 1094 non
1084 1055 1203 1094 modo
1223 1070 1300 1094 non
1321 1057 1405 1095 sum
1428 1057 1709 1110 reprehenden-

310 1120 396 1166 dus,
427 1120 489 1159 sed
508 1121 640 1166 etiam,
671 1121 698 1159 fi
719 1134 826 1159 ruere
846 1120 1002 1166 vellem,
1033 1121 1128 1160 boni
1147 1122 1218 1160 viri
1238 1136 1315 1168 me,
1338 1132 1381 1161 ut
1401 1124 1440 1162 id
1461 1138 1508 1162 ne
1527 1124 1709 1170 facerem,

311 1196 502 1239 rogarent.
535 1187 612 1225 Res
633 1200 721 1225 vero
739 1187 817 1240 ipsa
837 1187 1006 1240 publica,
1038 1187 1064 1225 fi
1093 1188 1202 1240 loqui
1228 1188 1360 1241 posset,
1391 1199 1517 1242 ageret
1537 1204 1707 1236 mecum,

310 1261 369 1298 ut,
399 1254 585 1306 quoniam
605 1253 676 1291 fibi
695 1252 881 1291 servissem
902 1253 1065 1306 semper,
1096 1268 1299 1307 nunquam
1320 1254 1420 1293 mihi
1438 1274 1450 1301 3
1472 1255 1619 1295 fruetus
1640 1271 1710 1295 au-

310 1327 392 1357 tem
423 1333 469 1358 ex
500 1319 571 1358 sese
601 1333 705 1365 non,
736 1329 780 1358 ut
810 1319 1054 1372 oportuisset,
1085 1320 1190 1358 laetos
1224 1330 1263 1359 et
1295 1322 1449 1368 uberes,
1481 1323 1542 1362 sed
1572 1337 1712 1377 magna

310 1386 516 1424 acerbitate
537 1387 750 1439 permixtos
768 1415 779 1432 ‚
813 1386 980 1425 tulissem
997 1404 1009 1430 3
1042 1396 1086 1425 ut
1099 1387 1181 1439 jam
1204 1385 1306 1425 mihi
1333 1387 1511 1427 servirem
1528 1418 1540 1434 ‚
1571 1390 1710 1429 consu-

311 1453 431 1492 lerem
453 1454 549 1492 meis
568 1468 577 1491 :
610 1453 646 1492 se
666 1467 745 1491 non
766 1454 884 1491 modo
904 1453 990 1491 satis
1012 1452 1153 1491 habere
1173 1467 1194 1491 a
1213 1467 1276 1492 me
1293 1483 1304 1499 ‚
1336 1454 1397 1492 sed
1417 1456 1534 1494 etiam
1561 1458 1680 1496 vereri
1698 1488 1710 1504 ,

310 1532 359 1556 ne
391 1532 525 1571 parum
558 1517 659 1556 mihi
689 1532 758 1571 pro
787 1532 847 1563 eo,
878 1518 983 1570 quod
1014 1528 1102 1556 tum
1134 1532 1154 1556 a
1184 1532 1248 1557 me
1275 1518 1446 1565 haberet,
1478 1522 1709 1563 reddidisset.

312 1586 435 1637 Qid,
467 1586 492 1623 fi
524 1584 665 1624 horum
697 1598 768 1637 ego
799 1583 900 1623 nihil
930 1585 1075 1638 cogito,
1106 1594 1144 1623 et
1174 1586 1279 1624 idem
1311 1587 1394 1625 sum
1426 1589 1466 1626 in
1498 1590 1710 1642 republica,

311 1653 380 1705 qui
400 1650 459 1690 fui
480 1652 626 1704 semper
647 1652 659 1688 ?
691 1660 870 1689 tamenne
896 1660 939 1689 tu
966 1652 1183 1690 libertatem
1205 1654 1373 1706 requires
1400 1667 1526 1694 meam
1547 1656 1560 1692 ?
1591 1670 1711 1709 quam

311 1727 354 1756 tu
374 1718 485 1771 ponis
506 1718 546 1755 in
566 1730 625 1762 eo,
657 1717 683 1755 fi
703 1717 850 1770 semper
870 1730 962 1755 cum
984 1718 1043 1763 iis,
1065 1718 1299 1770 quibuscum
1320 1719 1527 1772 aliquando
1547 1731 1710 1761 conten-

311 1785 442 1823 dimus
459 1813 470 1830 ,
501 1784 769 1837 depugnemus
790 1798 798 1821 :
832 1783 936 1836 quod
963 1783 1016 1822 est
1039 1784 1155 1837 longe
1176 1785 1294 1823 secus.
1328 1787 1430 1824 Stare
1451 1787 1555 1826 enim
1576 1802 1710 1828 omnes

311 1851 513 1896 debemus,
543 1860 726 1903 tanquam
747 1850 788 1888 in
809 1850 901 1888 orbe
921 1850 1052 1903 aliquo
1073 1851 1308 1904 reipublicae,
1331 1853 1398 1904 qui
1418 1854 1603 1905 quoniam
1624 1868 1709 1893 ver-

312 1917 426 1962 setur,
457 1930 541 1954 eam
563 1916 726 1970 deligere
746 1925 908 1970 partem,
939 1918 984 1955 ad
1012 1930 1130 1969 quarn
1158 1930 1226 1955 nos
1247 1918 1353 1956 illius
1375 1920 1519 1958 utilitas
1541 1920 1711 1974 salusque

312 1992 554 2022 converterit.

368 2049 560 2087 XXXIX.
594 2049 681 2100 Ego
711 2058 840 2086 autem
874 2049 950 2087 Cn.
987 2049 1235 2102 Pompeium,
1268 2064 1345 2088 non
1381 2051 1468 2089 dico
1500 2053 1706 2098 auitorem,

314 2115 470 2160 ducem,
491 2113 727 2153 defensorem
748 2114 876 2153 salutis
898 2128 1005 2160 meae‚
1028 2116 1134 2167 (nam
1151 2115 1233 2154 haec
1250 2118 1427 2168 privatim
1452 2116 1599 2156 fortaffe
1618 2119 1706 2156 osli-

314 2183 464 2220 eiorum
489 2181 716 2220 memoriam
738 2191 774 2219 et
795 2182 955 2234 gratiam
978 2184 1182 2234 quaerunt)
1205 2182 1266 2220 sed
1295 2184 1383 2222 dico
1403 2183 1477 2222 hoc
1497 2214 1505 2227 ‚
1538 2185 1641 2236 quod
1661 2185 1706 2222 ad

314 2248 474 2287 salutem
496 2248 717 2301 reipublicae
737 2249 927 2301 pertinet:
959 2263 1031 2301 ego
1057 2262 1148 2287 eum
1169 2263 1247 2287 non
1270 2259 1374 2288 tuear
1390 2280 1399 2295 ,
1432 2264 1548 2302 quem
1571 2264 1705 2289 omnes

315 2315 353 2352 in
387 2315 584 2367 republica
615 2315 831 2367 principem
863 2314 933 2352 esse
963 2315 1212 2353 concedunt?
1246 2317 1330 2368 Ego
1363 2319 1410 2353 C.
1435 2315 1588 2353 Caesaris
1620 2317 1704 2354 lau-

314 2382 427 2420 dibus
459 2381 590 2426 desim,
622 2394 714 2432 quas
748 2382 919 2433 primum
949 2382 1083 2434 populi
1113 2382 1295 2425 Romani,
1328 2394 1430 2419 nunc
1457 2382 1570 2421 etiam
1600 2383 1703 2421 sena—

314 2458 376 2488 tus
393 2478 404 2496 ,
436 2449 499 2488 cui
520 2461 584 2487 me
605 2447 749 2501 semper
769 2448 924 2493 addixi,
958 2449 1135 2503 plurimis
1159 2458 1273 2500 atque
1293 2448 1532 2499 amplissimis
1548 2450 1703 2502 judiciis·

1198 2514 1237 2553 ,Ν
1269 2529 1292 2553 n
1325 2529 1348 2553 n
1382 2528 1399 2551 2
