2212 2835
370 182 420 219 60
861 177 1261 216 ORATIO

369 279 464 322 viro,
487 277 614 329 legati,
647 284 683 313 et
718 273 899 328 praefecti,
932 283 969 313 et
999 275 1145 312 tribuni
1172 274 1354 312 militares
1375 272 1559 311 fuerunt:
1583 285 1751 324 quorum

370 343 595 381 testimoniis
617 342 776 394 planum
796 340 941 379 saecum
960 341 1025 385 est,
1040 341 1208 379 maxime
1223 341 1303 393 ejus
1323 353 1447 393 opera,
1469 352 1560 378 cum
1578 338 1752 390 Qaestor

369 409 468 454 effet,
491 410 530 446 in
551 409 720 447 exercitu
741 408 966 446 seditionem
986 407 1057 445 effe
1077 407 1296 446 conflatam.
1330 407 1393 446 Ne
1413 407 1478 444 illa
1497 406 1656 458 quidem
1678 404 1749 442 tes-

369 475 530 513 timonia
547 476 678 519 recito,
700 488 783 526 quae
804 474 901 512 dicta
922 473 1021 519 sunt,
1054 474 1100 511 de
1120 474 1210 512 H-S
1234 486 1305 512 roc
1323 492 1335 518 ς
1367 487 1451 525 quae
1470 472 1550 517 ille,
1572 485 1663 510 cum
1684 484 1748 508 ac-

368 541 521 593 cepifl‘et
535 541 690 578 nomine
701 540 839 591 judicii
857 539 1048 586 Safiniani,
1066 539 1159 577 ficut
1175 539 1214 577 in
1229 538 1596 592 Oppianicijudicio
1610 537 1748 590 postea,

368 606 525 644 retinuit
544 615 659 658 atque
679 605 888 658 suppreffit.

411 674 568 711 Omitto
587 681 624 710 et
644 671 739 716 haze,
761 680 799 709 et
819 672 889 710 alia
907 671 1112 725 permulta,
1135 685 1219 724 quae
1239 671 1308 709 illo
1321 672 1472 724 judicio
1491 671 1531 709 in
1553 669 1750 708 Stalenum

368 738 468 776 dicta
499 738 610 776 sunt:
642 736 717 775 hoc
753 737 853 782 dico,
884 738 1045 775 eandem
1080 746 1165 775 tum
1196 736 1304 775 fuiffe
1335 739 1378 776 P.
1402 747 1439 775 et
1468 738 1516 775 L.
1541 735 1748 778 Cominiis,

368 804 561 856 equitibus
583 803 786 847 Romanis,
809 802 1076 841 honestiffimis
1097 801 1324 841 hominibus
1345 812 1382 841 et
1402 803 1562 847 disertis,
1591 809 1748 839 contro-

366 870 522 908 versiam
543 883 634 907 cum
655 869 823 914 Staleno‚
843 883 959 921 quem
980 869 1218 913 accusabant,
1240 883 1325 921 quae
1346 882 1448 907 nunc
1470 867 1570 906 mihi
1587 867 1638 905 est
1658 880 1750 905 cum

367 937 493 974 Attio.
525 935 700 973 Cominii
730 934 908 972 dicebant
939 935 1058 979 idem,
1090 934 1194 986 quod
1223 947 1295 986 ego
1328 934 1442 972 dico:
1476 933 1672 971 Stalenum
1703 932 1751 969 ab

368 1000 588 1052 Oppianico
615 1000 819 1052 pecuniam
840 999 1032 1051 accepiffe,
1064 1008 1108 1037 ut
1127 998 1322 1051 judicium
1343 1005 1632 1051 corrumperet:
1665 999 1749 1035 Sta-

366 1067 473 1104 lenus
495 1065 743 1104 conciliandae
763 1066 891 1118 gratiae
913 1065 1020 1103 causa
1039 1065 1074 1103 se
1094 1064 1274 1117 accepisse
1294 1065 1459 1103 dicebat.

420 1132 653 1171 Irridebatur
673 1130 754 1169 haec
774 1131 879 1169 illius
912 1131 1184 1175 reconciliatio,
1215 1139 1252 1169 et
1281 1131 1438 1183 persona
1468 1131 1538 1170 viri
1558 1131 1650 1169 boni
1672 1130 1749 1170 suf-

365 1207 488 1251 cepta,
509 1198 604 1235 ficut
624 1197 664 1234 in
684 1196 812 1234 statuis
833 1197 1027 1241 inauratis,
1049 1210 1141 1249 quas
1164 1196 1288 1249 posuit
1308 1197 1353 1234 ad
1374 1198 1548 1248 Juturnae
1566 1211 1574 1235 :
1607 1198 1749 1248 quibus

365 1263 592 1315 subscripsit,
623 1263 736 1313 Reges
765 1261 810 1299 ab
829 1263 874 1315 st
903 1262 1118 1314 ingratiam
1151 1262 1210 1315 effe}
1242 1262 1413 1300 redufios.
1446 1262 1750 1314 Exagitabantur

365 1341 500 1367 omnes
520 1329 600 1380 ejus
621 1326 769 1364 fraudes
790 1336 905 1379 atque
925 1326 1082 1365 fallaciae
1100 1342 1109 1364 z
1143 1336 1222 1365 tota
1241 1328 1317 1365 vita
1337 1328 1376 1365 in
1397 1327 1584 1379 ejusmodi
1605 1328 1751 1366 ratione

365 1393 506 1431 versata
525 1391 786 1445 aperiebatur:
817 1391 954 1444 egestas
981 1391 1200 1437 domestica,
1230 1392 1391 1444 quaestus
1412 1392 1581 1438 forenfis,
1603 1394 1642 1430 in
1664 1407 1748 1430 me·

365 1460 476 1498 dium
496 1458 780 1512 proferebatur:
804 1458 1043 1495 nummarius
1064 1459 1246 1510 interpres
1267 1460 1370 1511 pacis
1391 1468 1427 1497 et
1440 1460 1651 1497 concordiae
1672 1473 1748 1497 non

364 1524 609 1579 probabatur.
642 1525 775 1576 Itaque
794 1532 879 1561 turn
908 1523 1094 1568 StalenuS,
1126 1537 1217 1561 cum
1249 1525 1352 1563 idem
1380 1524 1612 1570 defenderet,
1644 1526 1750 1578 quod

364 1593 512 1636 Attius,
533 1590 808 1629 condemnatus
829 1590 894 1627 est.

425 1658 599 1696 Cominii
629 1670 721 1695 cum
754 1655 829 1695 hoc
860 1665 1026 1709 agerent,
1057 1657 1162 1709 quod
1182 1670 1250 1696 nos
1278 1657 1319 1695 in
1349 1666 1428 1696 tota
1446 1657 1553 1697 causa
1582 1658 1749 1710 egimus,

364 1724 634 1775 probaverunt.
668 1722 950 1772 Qamobrem,
983 1721 1009 1759 fi
1030 1722 1171 1759 Staleni
1191 1723 1448 1767 damnatione,
1482 1723 1748 1775 Oppianicum

358 1789 551 1840 judicium
584 1801 827 1840 corrumpere
847 1786 1015 1831 voluisse,
1045 1787 1311 1840 Oppianicum
1336 1788 1461 1840 judici
1491 1789 1536 1825 ad
1568 1788 1745 1826 emendas

364 1854 561 1892 sententias
583 1852 721 1891 dedisse
742 1853 1191 1905 pecuniam,judicatum
1211 1853 1286 1891 est:
1310 1867 1401 1891 cum
1422 1854 1475 1891 ita
1494 1854 1748 1892 constitutum

362 1920 420 1963 fit,
444 1920 501 1956 uti
523 1920 562 1956 in
583 1918 648 1956 illa
667 1917 780 1971 culpa
805 1927 869 1956 aut
890 1918 1093 1956 Cluentius
1116 1918 1174 1963 sit,
1205 1927 1269 1956 aut
1291 1919 1561 1971 Oppianicus5
1599 1920 1745 1957 Cluen-

363 1985 407 2022 tii
428 1998 612 2022 nummus
633 1983 763 2022 nullus
779 1983 903 2035 judici
924 1984 1032 2021 datus
1054 1984 1135 2021 ullo
1161 1984 1318 2036 vestigio
1349 1986 1560 2037 reperitur3
1595 1985 1746 2037 Oppia-

361 2051 441 2088 nici
461 2042 622 2102 pecunia
642 2049 723 2102 post
738 2050 932 2101 judicium
950 2048 1093 2087 sacrum
1116 2063 1135 2087 a
1149 2049 1281 2102 judice
1298 2050 1420 2088 ablata
1439 2051 1514 2096 est3
1537 2051 1656 2103 potest
1677 2050 1746 2088 effe

362 2116 541 2160 dubium,
573 2116 667 2167 quin
703 2115 767 2152 illa
798 2115 992 2152 damnatio
1013 2115 1153 2153 Staleni
1185 2129 1264 2153 non
1294 2116 1411 2154 modo
1441 2123 1518 2154 no‘n
1540 2117 1583 2154 sit
1614 2126 1747 2154 contra

360 2182 605 2226 Cluentium,
638 2180 699 2219 sed
730 2181 899 2219 maxime
919 2181 1083 2219 nostram
1114 2182 1265 2220 causam
1295 2181 1629 2235 defensionemque
1649 2196 1744 2220 con-

360 2249 488 2286 firmet
503 2249 517 2285 ?

413 2314 624 2352 XXXVII.
649 2314 753 2366 Ergo
773 2312 897 2351 adhuc
917 2314 1027 2365 Junii
1042 2314 1237 2366 judicium
1260 2314 1369 2353 video
1389 2314 1459 2353 effe
1480 2315 1680 2366 ejusmodi,
1703 2324 1746 2352 ut

358 2380 610 2417 incursionem
634 2380 759 2432 potius
782 2379 990 2424 seditionis,
1008 2380 1087 2417 vim
1110 2380 1387 2426 multitudinis,
1405 2381 1595 2434 impetum
1617 2380 1742 2417 tribu-

357 2444 513 2491 nitium,
532 2459 647 2499 quam
663 2445 874 2498 judicium,
896 2445 1167 2500 appellandum
1188 2455 1337 2498 putem.
1362 2447 1479 2499 Qod
1495 2446 1521 2484 fi
1539 2446 1624 2498 quis
1645 2445 1743 2483 illud
