2212 2835
450 171 528 221 468
948 165 1350 204 ORATIO

449 268 598 306 videam
631 266 701 304 effe
733 264 969 303 celebratas?
1002 265 1112 302 Tum
1144 262 1301 301 hercule
1333 274 1397 301 me
1428 261 1611 301 confitear
1637 275 1715 301 non
1737 263 1848 316 judi-

449 336 556 371 cium
590 331 747 384 aliquod
777 329 949 368 habuiss‘e
981 330 1027 368 de
1060 329 1283 382 reipublicae
1315 328 1497 374 utilitate,
1527 328 1588 367 sed
1620 327 1850 367 hominibus

451 399 621 437 amicum
643 407 707 435 aut
729 397 936 435 inimicum
957 395 1080 434 fuiss'e.

505 467 599 509 An,
634 478 725 502 cum
757 463 905 501 videam
938 477 1074 502 navem
1107 462 1280 500 secundis
1311 463 1434 500 ventis
1467 462 1622 501 cursum
1654 469 1852 500 tenentem

452 531 563 570 suum
582 561 592 576 ,
624 531 650 568 si
675 544 751 568 non
779 543 869 567 eum
898 538 1001 581 petat
1029 537 1185 581 portum
1204 558 1214 572 ,
1248 542 1364 580 quem
1389 542 1461 581 ego
1481 528 1688 581 aliquando
1709 527 1851 581 proba-

451 598 489 635 vi
507 627 518 642 ,
551 597 612 635 sed
640 596 760 634 alium
784 609 859 633 non
883 596 1012 632 minus
1035 604 1164 632 tutum
1186 603 1298 646 atque
1320 595 1603 646 tranquillum3
1636 607 1729 633 cum
1749 602 1852 631 tem-

450 664 590 717 pestate
624 674 793 715 pugnem
830 660 1039 713 periculose
1070 661 1213 712 potiuS‚
1245 673 1362 711 quam
1393 659 1466 704 illi,
1498 659 1615 698 salute
1648 659 1854 712 praesertim

452 729 668 783 proposita,
699 727 965 778 obtemperem
1000 734 1038 762 et
1072 726 1256 777 paream?
1289 726 1431 776 Neque
1462 726 1569 763 enim
1604 725 1853 763 inconstantis

453 806 548 850 puto
562 825 572 840 ‚
603 793 829 832 sententiam
847 821 856 837 ,
890 802 1074 844 tanquam
1096 791 1254 843 aliquod
1274 791 1474 843 navigium
1493 820 1504 835 ,
1535 800 1651 843 atque
1669 791 1824 829 cursum
1841 820 1853 835 ,

452 876 499 900 ex
530 859 751 914 reipublicae
783 858 1006 910 tempestate
1034 856 1236 895 moderari.
1271 856 1357 908 Ego
1384 869 1472 894 vero
1497 854 1581 894 haec
1607 856 1741 901 didici,
1771 855 1854 894 haec

452 929 545 973 vidi,
577 926 659 966 haec
691 925 828 978 scripta
859 925 966 977 legi;
998 923 1080 963 haec
1108 923 1154 962 de
1179 921 1459 977 sapientiflimis
1485 932 1524 961 et
1550 922 1765 961 clariffimis
1792 923 1853 960 vi-

452 997 518 1041 ris,
549 1004 587 1033 et
607 995 648 1032 in
668 992 740 1031 hac
762 992 973 1044 republica,
1005 1001 1043 1029 et
1070 991 1110 1029 in
1131 990 1214 1029 aliis
1235 990 1474 1036 civitatibus,
1504 998 1760 1028 monumenta
1780 1003 1853 1028 no-

451 1063 510 1102 bis
531 1062 651 1100 literae
670 1059 946 1114 prodiderunt:
971 1072 1050 1097 non
1070 1057 1219 1111 semper
1239 1056 1386 1095 easdem
1407 1057 1611 1096 sententias
1632 1057 1679 1095 ab
1700 1056 1852 1101 iisdem,

452 1129 514 1167 sed
549 1127 795 1181 quascunque
829 1125 1051 1178 reipublicae
1084 1124 1215 1169 statuS,
1251 1123 1453 1162 inclinatio
1488 1133 1724 1177 temporum,
1759 1123 1856 1162 ratio

452 1195 669 1235 concordiae
698 1192 934 1246 postularet,
965 1191 1036 1230 effe
1072 1190 1343 1230 defendendas.
1391 1191 1509 1240 Qod
1544 1204 1617 1245 ego
1649 1200 1688 1229 et
1721 1189 1852 1235 facio,

452 1260 663 1301 Laterensis
682 1289 692 1305 ,
724 1268 761 1297 et
783 1259 930 1312 semper
952 1257 1121 1303 faciam;
1153 1258 1450 1310 libertatemque
1465 1287 1477 1304 ,
1508 1271 1627 1310 quam
1647 1258 1688 1295 in
1709 1270 1772 1295 me
1792 1269 1853 1294 re-

453 1329 589 1382 quiris,
620 1340 739 1379 quam
766 1340 838 1378 ego
864 1338 990 1377 neque
1015 1323 1142 1362 dimisi
1164 1338 1350 1376 unquam,
1382 1337 1508 1375 neque
1529 1324 1741 1368 dimittam,
1773 1337 1852 1361 non

451 1398 492 1434 in
512 1393 734 1448 pertinacia,
766 1392 826 1429 sed
846 1392 886 1429 in
909 1390 1076 1443 quadam
1099 1390 1374 1435 moderatione,
1405 1390 1566 1443 positam
1587 1390 1744 1443 putabo.

507 1462 597 1500 XL.
630 1460 751 1498 Nunc
784 1458 898 1495 venio
932 1458 978 1495 ad
1011 1457 1110 1495 illud
1147 1466 1365 1494 extremum
1385 1485 1396 1501 ,
1427 1456 1532 1509 quod
1566 1456 1723 1501 dixisti,
1755 1456 1852 1494 dum

452 1528 602 1568 Plancii
622 1527 662 1565 in
684 1539 747 1564 me
768 1524 954 1562 meritum
974 1523 1099 1562 verbis
1126 1523 1350 1562 extollerem
1369 1551 1379 1567 ,
1412 1536 1476 1561 me
1501 1536 1629 1561 arcem
1655 1522 1778 1561 facere
1804 1536 1852 1560 ex

450 1596 591 1639 cloaca,
621 1592 868 1646 lapidemque
899 1604 920 1629 e
950 1590 1124 1643 sepulcro
1152 1589 1321 1628 venerari
1348 1603 1419 1642 pro
1446 1590 1561 1628 Deo:
1594 1603 1719 1642 neque
1746 1591 1853 1628 enim

450 1661 553 1700 mihi
573 1660 796 1698 insidiarum
817 1657 1037 1710 periculum
1062 1656 1204 1702 ullum,
1236 1669 1360 1709 neque
1387 1656 1538 1701 mortis,
1570 1655 1694 1694 fuiffe.
1727 1657 1853 1707 Cujus

451 1744 523 1782 ego
555 1727 742 1781 temporis
775 1726 962 1764 rationem
994 1724 1199 1777 explicabo
1232 1724 1352 1768 brevi,
1385 1737 1511 1776 neque
1545 1724 1719 1762 invitus:
1752 1722 1854 1761 nihil

451 1796 556 1834 enim
576 1809 622 1832 ex
643 1794 739 1832 meis
760 1792 813 1830 est
834 1790 1088 1843 temporibus,
1106 1790 1211 1842 quod
1233 1790 1364 1828 minus
1383 1798 1647 1842 pervagatum,
1669 1789 1852 1841 quodque

452 1863 582 1901 minus
604 1862 668 1898 aut
688 1872 774 1898 mea
794 1857 1166 1896 commemoratione
1190 1856 1427 1894 celebratum
1449 1855 1507 1901 fit,
1538 1864 1603 1893 aut
1623 1855 1851 1894 hominibus

451 1928 627 1966 auditum
649 1934 764 1977 atque
784 1932 938 1962 notum.
972 1923 1058 1974 Ego
1079 1922 1185 1960 euim
1203 1951 1214 1967 ,
1246 1921 1456 1960 Laterensis
1471 1951 1482 1967 ‚
1513 1935 1560 1960 ex
1581 1922 1651 1960 illo
1670 1921 1851 1960 incendio

451 1995 582 2047 legum
600 2022 610 2037 ,
636 1992 734 2044 juris
754 2020 765 2036 ,
798 1990 945 2028 senatus
964 2019 975 2034 ,
1008 1989 1201 2027 bonorum
1222 1988 1400 2026 omnium
1417 2018 1428 2032 ,
1459 1989 1596 2026 cedens
1611 2017 1622 2033 ,
1653 2002 1745 2027 curn
1766 2001 1853 2027 mea

450 2061 589 2099 domus
621 2059 751 2096 ardore
782 2055 848 2094 suo
880 2055 1190 2107 deflagrationem
1221 2055 1308 2092 urbi
1334 2064 1449 2107 atque
1477 2055 1596 2093 Italiae
1625 2056 1697 2093 toti
1723 2056 1852 2093 mina-

452 2137 555 2166 retur
573 2156 583 2171 ,
616 2125 684 2163 nisi
706 2122 930 2176 quieviffem
949 2151 960 2168 ‚
992 2122 1162 2160 Siciliam
1185 2122 1303 2175 petivi
1324 2122 1454 2160 animo
1471 2151 1482 2167 ‚
1514 2136 1598 2174 qua:
1619 2130 1656 2159 et
1676 2122 1755 2174 ipsa
1775 2131 1853 2160 erat

453 2192 552 2232 mihi
569 2222 579 2236 ,
612 2191 707 2229 ficut
728 2190 867 2228 domus
888 2202 962 2227 una
977 2217 987 2233 ,
1018 2189 1247 2240 conju116t33
1279 2197 1317 2226 et
1336 2187 1585 2226 obtinebatur
1604 2201 1624 2226 a
1645 2189 1693 2227 C.
1717 2188 1852 2240 Virgi-

452 2261 530 2304 lio,
563 2271 735 2311 quocum
768 2270 830 2295 me
859 2270 937 2294 uno
966 2255 1025 2294 vel
1052 2255 1223 2293 maxime
1247 2268 1340 2293 cum
1367 2254 1511 2293 vetusta
1536 2255 1732 2300 amicitia,
1765 2264 1851 2293 tum

450 2327 528 2364 mei
550 2324 673 2363 fratris
695 2323 872 2376 collegia,
904 2331 989 2361 tum
1011 2321 1236 2374 respublica,
1268 2321 1437 2360 sociarat.

505 2391 604 2428 Vide
639 2404 741 2428 nunc
776 2389 984 2441 caliginem
1020 2397 1243 2441 temporum
1278 2387 1453 2426 illorum.
1499 2389 1604 2426 Cum
1639 2388 1717 2441 ipsa
1753 2399 1851 2439 pene

449 2459 572 2499 insula
591 2457 690 2496 mihi
712 2457 785 2496 sese
806 2457 960 2496 obviam
982 2455 1079 2495 ferre
1099 2456 1230 2502 vellet,
1252 2464 1389 2510 praetor
1409 2455 1489 2502 ille,
1510 2455 1681 2508 ejusdem
1704 2454 1852 2493 tribuni
