<?xml version="1.0" encoding="UTF-8"?>
<!DOCTYPE html PUBLIC "-//W3C//DTD XHTML 1.0 Transitional//EN"
    "http://www.w3.org/TR/xhtml1/DTD/xhtml1-transitional.dtd">
<html xmlns="http://www.w3.org/1999/xhtml" xml:lang="en" lang="en">
 <head>
  <title>
</title>
<meta http-equiv="Content-Type" content="text/html;charset=utf-8" />
  <meta name='ocr-system' content='tesseract 3.04.00' />
  <meta name='ocr-capabilities' content='ocr_page ocr_carea ocr_par ocr_line ocrx_word'/>
</head>
<body>
  <div class='ocr_page' id='page_1' title='image "./operacumindicibu05ciceuoft_0535.png"; bbox 0 0 2212 2835; ppageno 0'>
   <div class='ocr_carea' id='block_1_1' title="bbox 571 161 1508 205">
    <p class='ocr_par' dir='ltr' id='par_1_1' title="bbox 571 161 1508 205">
     <span class='ocr_line' id='line_1_1' title="bbox 571 161 1508 205; baseline -0.001 -1"><span class='ocrx_word' id='word_1_1' title='bbox 571 164 864 205; x_wconf 91' lang='lat' dir='ltr'>VARIAE</span> <span class='ocrx_word' id='word_1_2' title='bbox 947 161 1508 205; x_wconf 82' lang='lat' dir='ltr'>LECTIONES.</span> 
     </span>
    </p>
   </div>
   <div class='ocr_carea' id='block_1_2' title="bbox 375 302 1030 1449">
    <p class='ocr_par' dir='ltr' id='par_1_2' title="bbox 375 302 1030 1449">
     <span class='ocr_line' id='line_1_2' title="bbox 424 302 651 340; baseline 0 -9"><span class='ocrx_word' id='word_1_3' title='bbox 424 312 438 340; x_wconf 86' lang='lat'>3</span> <span class='ocrx_word' id='word_1_4' title='bbox 463 309 491 332; x_wconf 90' lang='lat' dir='ltr'>et</span> <span class='ocrx_word' id='word_1_5' title='bbox 506 302 530 331; x_wconf 89' lang='lat' dir='ltr'>C</span> <span class='ocrx_word' id='word_1_6' title='bbox 545 302 576 331; x_wconf 88' lang='lat' dir='ltr'>H</span> <span class='ocrx_word' id='word_1_7' title='bbox 591 303 608 331; x_wconf 90' lang='lat' dir='ltr'>S</span> <span class='ocrx_word' id='word_1_8' title='bbox 623 304 651 331; x_wconf 90' lang='lat' dir='ltr'>d.</span> 
     </span>
     <span class='ocr_line' id='line_1_3' title="bbox 397 342 886 382; baseline 0.004 -12"><span class='ocrx_word' id='word_1_9' title='bbox 397 357 438 365; x_wconf 89' lang='lat'>—-</span> <span class='ocrx_word' id='word_1_10' title='bbox 457 342 662 372; x_wconf 83' lang='lat' dir='ltr'>vindicandum</span> <span class='ocrx_word' id='word_1_11' title='bbox 676 343 886 382; x_wconf 81' lang='lat' dir='ltr'>Hjudicandum</span> 
     </span>
     <span class='ocr_line' id='line_1_4' title="bbox 421 382 647 421; baseline 0.004 -1"><span class='ocrx_word' id='word_1_12' title='bbox 421 393 440 420; x_wconf 89' lang='lat'>4</span> <span class='ocrx_word' id='word_1_13' title='bbox 462 382 552 417; x_wconf 58' lang='lat' dir='ltr'>abgffe</span> <span class='ocrx_word' id='word_1_14' title='bbox 565 396 588 419; x_wconf 77' lang='grc' dir='ltr'><em>κ</em></span> <span class='ocrx_word' id='word_1_15' title='bbox 601 384 647 421; x_wconf 71' lang='lat' dir='ltr'>‘ffl&#39;</span> 
     </span>
     <span class='ocr_line' id='line_1_5' title="bbox 419 422 808 500; baseline -0.003 -9"><span class='ocrx_word' id='word_1_16' title='bbox 419 433 438 491; x_wconf 65' lang='grc' dir='ltr'>ἑ</span> <span class='ocrx_word' id='word_1_17' title='bbox 460 422 591 491; x_wconf 52' lang='grc' dir='ltr'>ἔξιῗιῐὲιέ</span> <span class='ocrx_word' id='word_1_18' title='bbox 587 423 692 500; x_wconf 38' lang='grc' dir='ltr'>13ζίίᾶ</span> <span class='ocrx_word' id='word_1_19' title='bbox 701 462 808 492; x_wconf 72' lang='lat' dir='ltr'>dubitas</span> 
     </span>
     <span class='ocr_line' id='line_1_6' title="bbox 397 502 750 539; baseline -0.003 -8"><span class='ocrx_word' id='word_1_20' title='bbox 397 517 440 525; x_wconf 89' lang='lat'>—</span> <span class='ocrx_word' id='word_1_21' title='bbox 460 503 548 531; x_wconf 76' lang='lat' dir='ltr'>emori</span> <span class='ocrx_word' id='word_1_22' title='bbox 563 516 596 539; x_wconf 83' lang='grc' dir='ltr'>χ,</span> <span class='ocrx_word' id='word_1_23' title='bbox 611 502 637 537; x_wconf 75' lang='grc' dir='ltr'>ψ</span> <span class='ocrx_word' id='word_1_24' title='bbox 651 506 750 531; x_wconf 74' lang='lat' dir='ltr'>morari</span> 
     </span>
     <span class='ocr_line' id='line_1_7' title="bbox 375 542 693 580; baseline 0 -10"><span class='ocrx_word' id='word_1_25' title='bbox 375 556 378 562; x_wconf 87' lang='lat'>·</span> <span class='ocrx_word' id='word_1_26' title='bbox 421 553 439 580; x_wconf 89' lang='lat'><strong>9</strong></span> <span class='ocrx_word' id='word_1_27' title='bbox 460 542 555 580; x_wconf 84' lang='lat' dir='ltr'>inquis</span> <span class='ocrx_word' id='word_1_28' title='bbox 570 543 595 576; x_wconf 72' lang='grc' dir='ltr'>ψ</span> <span class='ocrx_word' id='word_1_29' title='bbox 608 545 693 580; x_wconf 84' lang='lat' dir='ltr'>inquit</span> 
     </span>
     <span class='ocr_line' id='line_1_8' title="bbox 399 582 704 611; baseline 0 -1"><span class='ocrx_word' id='word_1_30' title='bbox 399 597 438 604; x_wconf 93' lang='lat'>—</span> <span class='ocrx_word' id='word_1_31' title='bbox 460 583 536 610; x_wconf 87' lang='lat' dir='ltr'>enim</span> <span class='ocrx_word' id='word_1_32' title='bbox 554 582 578 611; x_wconf 91' lang='lat' dir='ltr'>C</span> <span class='ocrx_word' id='word_1_33' title='bbox 593 582 625 610; x_wconf 91' lang='lat' dir='ltr'>H</span> <span class='ocrx_word' id='word_1_34' title='bbox 641 583 658 610; x_wconf 82' lang='lat' dir='ltr'>S</span> <span class='ocrx_word' id='word_1_35' title='bbox 674 583 704 610; x_wconf 83' lang='lat' dir='ltr'>d.</span> 
     </span>
     <span class='ocr_line' id='line_1_9' title="bbox 399 618 739 659; baseline 0 -10"><span class='ocrx_word' id='word_1_36' title='bbox 399 635 441 644; x_wconf 92' lang='lat'>—-</span> <span class='ocrx_word' id='word_1_37' title='bbox 461 618 582 659; x_wconf 62' lang='lat' dir='ltr'>postulas&#39;</span> <span class='ocrx_word' id='word_1_38' title='bbox 595 635 619 659; x_wconf 82' lang='grc' dir='ltr'><em>χ</em></span> <span class='ocrx_word' id='word_1_39' title='bbox 626 621 739 659; x_wconf 81' lang='lat' dir='ltr'>postulat</span> 
     </span>
     <span class='ocr_line' id='line_1_10' title="bbox 403 659 707 696; baseline -0.007 -6"><span class='ocrx_word' id='word_1_40' title='bbox 403 671 413 690; x_wconf 84' lang='lat'>1</span> <span class='ocrx_word' id='word_1_41' title='bbox 424 670 435 690; x_wconf 85' lang='lat'>1</span> <span class='ocrx_word' id='word_1_42' title='bbox 461 669 489 689; x_wconf 85' lang='lat' dir='ltr'>et</span> <span class='ocrx_word' id='word_1_43' title='bbox 505 661 530 689; x_wconf 93' lang='lat' dir='ltr'>C</span> <span class='ocrx_word' id='word_1_44' title='bbox 544 661 575 689; x_wconf 90' lang='lat' dir='ltr'>H</span> <span class='ocrx_word' id='word_1_45' title='bbox 590 662 608 688; x_wconf 93' lang='lat' dir='ltr'>S</span> <span class='ocrx_word' id='word_1_46' title='bbox 624 659 707 696; x_wconf 51' lang='lat' dir='ltr'>xlaesed</span> 
     </span>
     <span class='ocr_line' id='line_1_11' title="bbox 402 699 853 739; baseline 0.002 -11"><span class='ocrx_word' id='word_1_47' title='bbox 402 711 440 738; x_wconf 82' lang='lat'>14</span> <span class='ocrx_word' id='word_1_48' title='bbox 459 700 562 738; x_wconf 85' lang='lat' dir='ltr'>ecquid</span> <span class='ocrx_word' id='word_1_49' title='bbox 578 701 603 729; x_wconf 94' lang='lat' dir='ltr'>C</span> <span class='ocrx_word' id='word_1_50' title='bbox 621 701 649 729; x_wconf 86' lang='lat' dir='ltr'>H</span> <span class='ocrx_word' id='word_1_51' title='bbox 665 701 682 729; x_wconf 90' lang='lat' dir='ltr'>S</span> <span class='ocrx_word' id='word_1_52' title='bbox 697 714 731 738; x_wconf 85' lang='grc' dir='ltr'>χ,</span> <span class='ocrx_word' id='word_1_53' title='bbox 747 699 774 735; x_wconf 77' lang='grc' dir='ltr'>ψ</span> <span class='ocrx_word' id='word_1_54' title='bbox 788 702 853 739; x_wconf 87' lang='lat' dir='ltr'>quid</span> 
     </span>
     <span class='ocr_line' id='line_1_12' title="bbox 403 740 970 779; baseline 0.002 -11"><span class='ocrx_word' id='word_1_55' title='bbox 403 750 439 778; x_wconf 82' lang='lat'>¹5</span> <span class='ocrx_word' id='word_1_56' title='bbox 461 740 566 778; x_wconf 85' lang='lat' dir='ltr'>ecquid</span> <span class='ocrx_word' id='word_1_57' title='bbox 581 741 604 769; x_wconf 92' lang='lat' dir='ltr'>C</span> <span class='ocrx_word' id='word_1_58' title='bbox 622 742 639 769; x_wconf 87' lang='lat' dir='ltr'>S</span> <span class='ocrx_word' id='word_1_59' title='bbox 653 755 684 776; x_wconf 81' lang='grc' dir='ltr'>χ,</span> <span class='ocrx_word' id='word_1_60' title='bbox 699 741 725 776; x_wconf 73' lang='grc' dir='ltr'>ψ</span> <span class='ocrx_word' id='word_1_61' title='bbox 738 747 765 770; x_wconf 81' lang='lat' dir='ltr'>et</span> <span class='ocrx_word' id='word_1_62' title='bbox 778 742 842 779; x_wconf 86' lang='lat' dir='ltr'>quid</span> <span class='ocrx_word' id='word_1_63' title='bbox 858 740 890 768; x_wconf 91' lang='lat' dir='ltr'>H</span> <span class='ocrx_word' id='word_1_64' title='bbox 904 742 970 779; x_wconf 73' lang='lat' dir='ltr'>quid</span> 
     </span>
     <span class='ocr_line' id='line_1_13' title="bbox 404 780 635 818; baseline 0.004 -10"><span class='ocrx_word' id='word_1_65' title='bbox 404 782 438 808; x_wconf 88' lang='lat'>18</span> <span class='ocrx_word' id='word_1_66' title='bbox 460 780 500 809; x_wconf 91' lang='lat' dir='ltr'>At</span> <span class='ocrx_word' id='word_1_67' title='bbox 515 780 539 808; x_wconf 90' lang='lat' dir='ltr'>C</span> <span class='ocrx_word' id='word_1_68' title='bbox 551 794 575 818; x_wconf 84' lang='grc' dir='ltr'><strong><em>χ</em></strong></span> <span class='ocrx_word' id='word_1_69' title='bbox 590 783 635 809; x_wconf 84' lang='lat' dir='ltr'>Ac</span> 
     </span>
     <span class='ocr_line' id='line_1_14' title="bbox 400 821 685 858; baseline 0 -10"><span class='ocrx_word' id='word_1_70' title='bbox 400 835 441 842; x_wconf 94' lang='lat'>—</span> <span class='ocrx_word' id='word_1_71' title='bbox 462 821 560 849; x_wconf 85' lang='lat' dir='ltr'>Sextio</span> <span class='ocrx_word' id='word_1_72' title='bbox 574 834 595 856; x_wconf 72' lang='grc' dir='ltr'><strong><em>χ</em></strong></span> <span class='ocrx_word' id='word_1_73' title='bbox 610 822 685 858; x_wconf 81' lang='lat' dir='ltr'>Sestio</span> 
     </span>
     <span class='ocr_line' id='line_1_15' title="bbox 401 859 1028 898; baseline -0.003 -8"><span class='ocrx_word' id='word_1_74' title='bbox 401 869 440 890; x_wconf 90' lang='lat'>20</span> <span class='ocrx_word' id='word_1_75' title='bbox 461 870 560 889; x_wconf 83' lang='lat' dir='ltr'>manus</span> <span class='ocrx_word' id='word_1_76' title='bbox 575 861 709 889; x_wconf 80' lang='lat' dir='ltr'>intuliss‘et</span> <span class='ocrx_word' id='word_1_77' title='bbox 731 859 756 888; x_wconf 93' lang='lat' dir='ltr'>C</span> <span class='ocrx_word' id='word_1_78' title='bbox 770 871 872 888; x_wconf 82' lang='lat' dir='ltr'>manum</span> <span class='ocrx_word' id='word_1_79' title='bbox 889 861 980 898; x_wconf 77' lang='lat' dir='ltr'>tultffit</span> <span class='ocrx_word' id='word_1_80' title='bbox 1002 861 1028 895; x_wconf 63' lang='grc' dir='ltr'>ᾧ</span> 
     </span>
     <span class='ocr_line' id='line_1_16' title="bbox 501 901 1027 938; baseline 0.002 -10"><span class='ocrx_word' id='word_1_81' title='bbox 501 912 591 929; x_wconf 82' lang='lat' dir='ltr'>manus</span> <span class='ocrx_word' id='word_1_82' title='bbox 616 901 747 938; x_wconf 79' lang='lat' dir='ltr'>intulifflt.</span> <span class='ocrx_word' id='word_1_83' title='bbox 783 902 853 929; x_wconf 84' lang='lat' dir='ltr'>Num</span> <span class='ocrx_word' id='word_1_84' title='bbox 876 912 914 929; x_wconf 84' lang='lat' dir='ltr'>me</span> <span class='ocrx_word' id='word_1_85' title='bbox 932 903 960 930; x_wconf 81' lang='lat' dir='ltr'>de</span> <span class='ocrx_word' id='word_1_86' title='bbox 973 901 1027 930; x_wconf 84' lang='lat' dir='ltr'>illis</span> 
     </span>
     <span class='ocr_line' id='line_1_17' title="bbox 505 940 840 979; baseline 0.003 -11"><span class='ocrx_word' id='word_1_87' title='bbox 505 940 575 969; x_wconf 76' lang='lat' dir='ltr'><em>talia</em></span> <span class='ocrx_word' id='word_1_88' title='bbox 585 943 681 979; x_wconf 80' lang='lat' dir='ltr'>facere</span> <span class='ocrx_word' id='word_1_89' title='bbox 695 941 840 978; x_wconf 74' lang='lat' dir='ltr'>permifffit</span> 
     </span>
     <span class='ocr_line' id='line_1_18' title="bbox 405 979 1028 1020; baseline 0.003 -11"><span class='ocrx_word' id='word_1_90' title='bbox 405 990 439 1010; x_wconf 83' lang='lat'>21</span> <span class='ocrx_word' id='word_1_91' title='bbox 463 989 529 1009; x_wconf 88' lang='lat' dir='ltr'>cum</span> <span class='ocrx_word' id='word_1_92' title='bbox 543 981 690 1019; x_wconf 81' lang='lat' dir='ltr'>quiescunt</span> <span class='ocrx_word' id='word_1_93' title='bbox 704 994 727 1018; x_wconf 84' lang='grc' dir='ltr'><strong>χ</strong></span> <span class='ocrx_word' id='word_1_94' title='bbox 741 981 914 1019; x_wconf 64' lang='lat' dir='ltr'>conquifiunt</span> <span class='ocrx_word' id='word_1_95' title='bbox 929 979 955 1018; x_wconf 78' lang='grc' dir='ltr'>ψ</span> <span class='ocrx_word' id='word_1_96' title='bbox 970 984 1028 1020; x_wconf 86' lang='lat' dir='ltr'>qui-</span> 
     </span>
     <span class='ocr_line' id='line_1_19' title="bbox 501 1021 815 1059; baseline 0.006 -11"><span class='ocrx_word' id='word_1_97' title='bbox 501 1022 596 1057; x_wconf 54' lang='lat' dir='ltr'>eseunt,</span> <span class='ocrx_word' id='word_1_98' title='bbox 620 1032 675 1050; x_wconf 85' lang='lat' dir='ltr'>cum</span> <span class='ocrx_word' id='word_1_99' title='bbox 689 1021 815 1059; x_wconf 76' lang='lat' dir='ltr'>quiestunt</span> 
     </span>
     <span class='ocr_line' id='line_1_20' title="bbox 404 1060 647 1090; baseline -0.004 0"><span class='ocrx_word' id='word_1_100' title='bbox 404 1070 441 1090; x_wconf 91' lang='grc'>22</span> <span class='ocrx_word' id='word_1_101' title='bbox 465 1060 521 1089; x_wconf 78' lang='lat' dir='ltr'>tibi</span> <span class='ocrx_word' id='word_1_102' title='bbox 536 1061 559 1089; x_wconf 94' lang='lat' dir='ltr'>C</span> <span class='ocrx_word' id='word_1_103' title='bbox 574 1061 605 1089; x_wconf 91' lang='lat' dir='ltr'>H</span> <span class='ocrx_word' id='word_1_104' title='bbox 619 1062 647 1089; x_wconf 85' lang='lat' dir='ltr'>d.</span> 
     </span>
     <span class='ocr_line' id='line_1_21' title="bbox 404 1100 685 1138; baseline -0.004 -9"><span class='ocrx_word' id='word_1_105' title='bbox 404 1110 442 1138; x_wconf 83' lang='lat'>23</span> <span class='ocrx_word' id='word_1_106' title='bbox 463 1101 598 1130; x_wconf 79' lang='lat' dir='ltr'>videlicet</span> <span class='ocrx_word' id='word_1_107' title='bbox 612 1100 643 1129; x_wconf 90' lang='lat' dir='ltr'>H</span> <span class='ocrx_word' id='word_1_108' title='bbox 657 1101 685 1129; x_wconf 66' lang='lat' dir='ltr'>d,</span> 
     </span>
     <span class='ocr_line' id='line_1_22' title="bbox 401 1140 1030 1178; baseline 0.002 -9"><span class='ocrx_word' id='word_1_109' title='bbox 401 1155 443 1163; x_wconf 89' lang='lat'>—</span> <span class='ocrx_word' id='word_1_110' title='bbox 462 1140 591 1169; x_wconf 81' lang='lat' dir='ltr'>viliffima</span> <span class='ocrx_word' id='word_1_111' title='bbox 616 1141 647 1169; x_wconf 91' lang='lat' dir='ltr'>H</span> <span class='ocrx_word' id='word_1_112' title='bbox 661 1141 678 1169; x_wconf 92' lang='lat' dir='ltr'>S</span> <span class='ocrx_word' id='word_1_113' title='bbox 707 1140 840 1178; x_wconf 77' lang='lat' dir='ltr'>utiltffima</span> <span class='ocrx_word' id='word_1_114' title='bbox 862 1140 890 1178; x_wconf 74' lang='grc' dir='ltr'>ψ</span> <span class='ocrx_word' id='word_1_115' title='bbox 913 1140 952 1171; x_wconf 85' lang='lat' dir='ltr'>al.</span> <span class='ocrx_word' id='word_1_116' title='bbox 976 1144 1030 1170; x_wconf 82' lang='lat' dir='ltr'>uti·</span> 
     </span>
     <span class='ocr_line' id='line_1_23' title="bbox 503 1181 596 1218; baseline 0 -9"><span class='ocrx_word' id='word_1_117' title='bbox 503 1181 596 1218; x_wconf 67' lang='lat' dir='ltr'>Iiffi‘ma</span> 
     </span>
     <span class='ocr_line' id='line_1_24' title="bbox 406 1220 901 1261; baseline 0.002 -12"><span class='ocrx_word' id='word_1_118' title='bbox 406 1230 444 1259; x_wconf 80' lang='lat'>30</span> <span class='ocrx_word' id='word_1_119' title='bbox 465 1221 536 1259; x_wconf 88' lang='lat' dir='ltr'>quid</span> <span class='ocrx_word' id='word_1_120' title='bbox 551 1221 575 1249; x_wconf 93' lang='lat' dir='ltr'>C</span> <span class='ocrx_word' id='word_1_121' title='bbox 591 1221 620 1249; x_wconf 90' lang='lat' dir='ltr'>H</span> <span class='ocrx_word' id='word_1_122' title='bbox 637 1221 654 1250; x_wconf 92' lang='lat' dir='ltr'>S</span> <span class='ocrx_word' id='word_1_123' title='bbox 671 1220 698 1256; x_wconf 68' lang='grc' dir='ltr'>ψ</span> <span class='ocrx_word' id='word_1_124' title='bbox 711 1223 821 1260; x_wconf 54' lang='lat' dir='ltr'>quidest</span> <span class='ocrx_word' id='word_1_125' title='bbox 835 1222 901 1261; x_wconf 75' lang='lat' dir='ltr'>quod</span> 
     </span>
     <span class='ocr_line' id='line_1_25' title="bbox 403 1261 744 1299; baseline 0.003 -11"><span class='ocrx_word' id='word_1_126' title='bbox 403 1276 445 1283; x_wconf 88' lang='lat'>—·</span> <span class='ocrx_word' id='word_1_127' title='bbox 463 1261 566 1299; x_wconf 83' lang='lat' dir='ltr'>loquor</span> <span class='ocrx_word' id='word_1_128' title='bbox 578 1261 608 1289; x_wconf 90' lang='lat' dir='ltr'>H</span> <span class='ocrx_word' id='word_1_129' title='bbox 623 1262 640 1289; x_wconf 94' lang='lat' dir='ltr'>S</span> <span class='ocrx_word' id='word_1_130' title='bbox 654 1262 744 1299; x_wconf 80' lang='lat' dir='ltr'><em>loquar</em></span> 
     </span>
     <span class='ocr_line' id='line_1_26' title="bbox 404 1301 782 1337; baseline 0 -8"><span class='ocrx_word' id='word_1_131' title='bbox 404 1316 446 1323; x_wconf 93' lang='lat'><strong>—</strong></span> <span class='ocrx_word' id='word_1_132' title='bbox 467 1301 526 1329; x_wconf 83' lang='lat' dir='ltr'>ulla</span> <span class='ocrx_word' id='word_1_133' title='bbox 541 1301 565 1329; x_wconf 93' lang='lat' dir='ltr'>C</span> <span class='ocrx_word' id='word_1_134' title='bbox 580 1302 610 1330; x_wconf 88' lang='lat' dir='ltr'>H</span> <span class='ocrx_word' id='word_1_135' title='bbox 628 1302 644 1329; x_wconf 92' lang='lat' dir='ltr'>S</span> <span class='ocrx_word' id='word_1_136' title='bbox 659 1303 686 1329; x_wconf 84' lang='lat' dir='ltr'>d.</span> <span class='ocrx_word' id='word_1_137' title='bbox 699 1301 782 1337; x_wconf 61' lang='lat' dir='ltr'><em>Zilla</em></span> 
     </span>
     <span class='ocr_line' id='line_1_27' title="bbox 401 1340 777 1380; baseline 0 -11"><span class='ocrx_word' id='word_1_138' title='bbox 401 1356 442 1364; x_wconf 92' lang='lat'>—</span> <span class='ocrx_word' id='word_1_139' title='bbox 462 1340 576 1380; x_wconf 78' lang='lat' dir='ltr'>frangat</span> <span class='ocrx_word' id='word_1_140' title='bbox 591 1341 616 1370; x_wconf 90' lang='lat' dir='ltr'>C</span> <span class='ocrx_word' id='word_1_141' title='bbox 621 1345 777 1380; x_wconf 79' lang='lat' dir='ltr'><em>frangatur</em></span> 
     </span>
     <span class='ocr_line' id='line_1_28' title="bbox 406 1381 831 1420; baseline 0.002 -11"><span class='ocrx_word' id='word_1_142' title='bbox 406 1391 438 1419; x_wconf 84' lang='lat'>31</span> <span class='ocrx_word' id='word_1_143' title='bbox 465 1391 591 1418; x_wconf 86' lang='lat' dir='ltr'>unquam</span> <span class='ocrx_word' id='word_1_144' title='bbox 608 1383 633 1411; x_wconf 90' lang='lat' dir='ltr'>C</span> <span class='ocrx_word' id='word_1_145' title='bbox 648 1382 679 1410; x_wconf 91' lang='lat' dir='ltr'>H</span> <span class='ocrx_word' id='word_1_146' title='bbox 694 1381 712 1410; x_wconf 90' lang='lat' dir='ltr'>S</span> <span class='ocrx_word' id='word_1_147' title='bbox 726 1386 831 1420; x_wconf 81' lang='lat' dir='ltr'>inquam</span> 
     </span>
     <span class='ocr_line' id='line_1_29' title="bbox 404 1421 581 1449; baseline 0 0"><span class='ocrx_word' id='word_1_148' title='bbox 404 1437 445 1443; x_wconf 89' lang='lat'><em>—</em></span> <span class='ocrx_word' id='word_1_149' title='bbox 465 1429 492 1449; x_wconf 89' lang='lat' dir='ltr'>te</span> <span class='ocrx_word' id='word_1_150' title='bbox 508 1421 539 1449; x_wconf 88' lang='lat' dir='ltr'>H</span> <span class='ocrx_word' id='word_1_151' title='bbox 554 1422 581 1449; x_wconf 87' lang='lat' dir='ltr'>d.</span> 
     </span>
    </p>
   </div>
   <div class='ocr_carea' id='block_1_3' title="bbox 330 1461 944 2416">
    <p class='ocr_par' dir='ltr' id='par_1_3' title="bbox 330 1461 944 2416">
     <span class='ocr_line' id='line_1_30' title="bbox 404 1461 680 1496; baseline 0.007 -8"><span class='ocrx_word' id='word_1_152' title='bbox 404 1476 446 1483; x_wconf 89' lang='lat'><strong>—</strong></span> <span class='ocrx_word' id='word_1_153' title='bbox 467 1461 553 1489; x_wconf 80' lang='lat' dir='ltr'>uuam</span> <span class='ocrx_word' id='word_1_154' title='bbox 568 1462 593 1496; x_wconf 71' lang='grc' dir='ltr'>ψ</span> <span class='ocrx_word' id='word_1_155' title='bbox 605 1461 680 1490; x_wconf 83' lang='lat' dir='ltr'>illam</span> 
     </span>
     <span class='ocr_line' id='line_1_31' title="bbox 408 1501 711 1539; baseline 0.003 -11"><span class='ocrx_word' id='word_1_156' title='bbox 408 1510 444 1537; x_wconf 79' lang='lat'>3²</span> <span class='ocrx_word' id='word_1_157' title='bbox 466 1501 573 1539; x_wconf 80' lang='lat' dir='ltr'>cogites</span> <span class='ocrx_word' id='word_1_158' title='bbox 589 1501 613 1529; x_wconf 91' lang='lat' dir='ltr'>C</span> <span class='ocrx_word' id='word_1_159' title='bbox 628 1505 711 1539; x_wconf 80' lang='lat' dir='ltr'>agites</span> 
     </span>
     <span class='ocr_line' id='line_1_32' title="bbox 408 1540 758 1578; baseline 0 -11"><span class='ocrx_word' id='word_1_160' title='bbox 408 1550 443 1578; x_wconf 84' lang='lat'>33</span> <span class='ocrx_word' id='word_1_161' title='bbox 467 1540 604 1569; x_wconf 85' lang='lat' dir='ltr'>donarent</span> <span class='ocrx_word' id='word_1_162' title='bbox 617 1554 640 1578; x_wconf 81' lang='grc' dir='ltr'><strong>χ</strong></span> <span class='ocrx_word' id='word_1_163' title='bbox 654 1543 758 1568; x_wconf 74' lang='lat' dir='ltr'>donaret</span> 
     </span>
     <span class='ocr_line' id='line_1_33' title="bbox 408 1580 776 1618; baseline 0.003 -10"><span class='ocrx_word' id='word_1_164' title='bbox 408 1595 449 1602; x_wconf 84' lang='lat'>—-—</span> <span class='ocrx_word' id='word_1_165' title='bbox 470 1580 596 1609; x_wconf 74' lang='lat' dir='ltr'>Tametsi</span> <span class='ocrx_word' id='word_1_166' title='bbox 611 1581 642 1608; x_wconf 91' lang='lat' dir='ltr'>H</span> <span class='ocrx_word' id='word_1_167' title='bbox 657 1581 673 1609; x_wconf 91' lang='lat' dir='ltr'>S</span> <span class='ocrx_word' id='word_1_168' title='bbox 689 1580 714 1615; x_wconf 65' lang='grc' dir='ltr'>ψ</span> <span class='ocrx_word' id='word_1_169' title='bbox 727 1581 776 1618; x_wconf 58' lang='lat' dir='ltr'>egli</span> 
     </span>
     <span class='ocr_line' id='line_1_34' title="bbox 408 1620 642 1658; baseline 0 -10"><span class='ocrx_word' id='word_1_170' title='bbox 408 1635 448 1641; x_wconf 88' lang='lat'>-</span> <span class='ocrx_word' id='word_1_171' title='bbox 469 1620 487 1648; x_wconf 82' lang='lat' dir='ltr'><strong>fi</strong></span> <span class='ocrx_word' id='word_1_172' title='bbox 501 1633 522 1656; x_wconf 81' lang='grc' dir='ltr'><em>χ</em></span> <span class='ocrx_word' id='word_1_173' title='bbox 536 1621 642 1658; x_wconf 83' lang='lat' dir='ltr'>quodſs</span> 
     </span>
     <span class='ocr_line' id='line_1_35' title="bbox 405 1659 790 1697; baseline -0.003 -9"><span class='ocrx_word' id='word_1_174' title='bbox 405 1675 446 1682; x_wconf 90' lang='lat'><strong>—</strong></span> <span class='ocrx_word' id='word_1_175' title='bbox 467 1660 630 1697; x_wconf 82' lang='lat' dir='ltr'>perterritus</span> <span class='ocrx_word' id='word_1_176' title='bbox 646 1661 669 1688; x_wconf 95' lang='lat' dir='ltr'>C</span> <span class='ocrx_word' id='word_1_177' title='bbox 684 1660 715 1688; x_wconf 88' lang='lat' dir='ltr'>H</span> <span class='ocrx_word' id='word_1_178' title='bbox 731 1659 748 1687; x_wconf 93' lang='lat' dir='ltr'>S</span> <span class='ocrx_word' id='word_1_179' title='bbox 761 1660 790 1687; x_wconf 83' lang='lat' dir='ltr'>d.</span> 
     </span>
     <span class='ocr_line' id='line_1_36' title="bbox 330 1700 883 1740; baseline -0.004 -11"><span class='ocrx_word' id='word_1_180' title='bbox 330 1700 385 1740; x_wconf 78' lang='lat'>169</span> <span class='ocrx_word' id='word_1_181' title='bbox 430 1709 444 1728; x_wconf 91' lang='grc'><strong>2</strong></span> <span class='ocrx_word' id='word_1_182' title='bbox 467 1700 630 1737; x_wconf 78' lang='lat' dir='ltr'>impendeat</span> <span class='ocrx_word' id='word_1_183' title='bbox 645 1701 670 1728; x_wconf 93' lang='lat' dir='ltr'>C</span> <span class='ocrx_word' id='word_1_184' title='bbox 684 1701 714 1728; x_wconf 87' lang='lat' dir='ltr'>H</span> <span class='ocrx_word' id='word_1_185' title='bbox 731 1700 747 1728; x_wconf 92' lang='lat' dir='ltr'>S</span> <span class='ocrx_word' id='word_1_186' title='bbox 760 1700 883 1737; x_wconf 76' lang='lat' dir='ltr'>impendet</span> 
     </span>
     <span class='ocr_line' id='line_1_37' title="bbox 406 1740 734 1776; baseline 0.003 -9"><span class='ocrx_word' id='word_1_187' title='bbox 406 1755 448 1762; x_wconf 94' lang='lat'>—</span> <span class='ocrx_word' id='word_1_188' title='bbox 468 1740 505 1767; x_wconf 90' lang='lat' dir='ltr'>est</span> <span class='ocrx_word' id='word_1_189' title='bbox 520 1741 544 1768; x_wconf 90' lang='lat' dir='ltr'>C</span> <span class='ocrx_word' id='word_1_190' title='bbox 558 1740 587 1768; x_wconf 86' lang='lat' dir='ltr'>H</span> <span class='ocrx_word' id='word_1_191' title='bbox 605 1741 622 1768; x_wconf 89' lang='lat' dir='ltr'>S</span> <span class='ocrx_word' id='word_1_192' title='bbox 638 1752 686 1768; x_wconf 77' lang='lat' dir='ltr'>mn</span> <span class='ocrx_word' id='word_1_193' title='bbox 699 1741 734 1776; x_wconf 63' lang='lat' dir='ltr'>est</span> 
     </span>
     <span class='ocr_line' id='line_1_38' title="bbox 405 1778 806 1816; baseline 0.002 -9"><span class='ocrx_word' id='word_1_194' title='bbox 405 1795 446 1802; x_wconf 93' lang='lat'>—</span> <span class='ocrx_word' id='word_1_195' title='bbox 467 1780 538 1808; x_wconf 84' lang='lat' dir='ltr'>tanti</span> <span class='ocrx_word' id='word_1_196' title='bbox 553 1793 575 1816; x_wconf 74' lang='grc' dir='ltr'><strong><em>χ</em></strong></span> <span class='ocrx_word' id='word_1_197' title='bbox 588 1782 671 1814; x_wconf 78' lang='lat' dir='ltr'>tanti,</span> <span class='ocrx_word' id='word_1_198' title='bbox 685 1778 806 1808; x_wconf 82' lang='lat' dir='ltr'>Catilina</span> 
     </span>
     <span class='ocr_line' id='line_1_39' title="bbox 407 1819 944 1858; baseline 0.004 -11"><span class='ocrx_word' id='word_1_199' title='bbox 407 1836 448 1842; x_wconf 91' lang='lat'><strong>—</strong></span> <span class='ocrx_word' id='word_1_200' title='bbox 467 1819 920 1858; x_wconf 61' lang='lat' dir='ltr'>istaCHStuaistazistafua</span> <span class='ocrx_word' id='word_1_201' title='bbox 939 1846 944 1849; x_wconf 69' lang='grc'><strong>,</strong></span> 
     </span>
     <span class='ocr_line' id='line_1_40' title="bbox 430 1859 719 1898; baseline 0.003 -11"><span class='ocrx_word' id='word_1_202' title='bbox 430 1871 444 1898; x_wconf 86' lang='grc'>3</span> <span class='ocrx_word' id='word_1_203' title='bbox 468 1867 496 1888; x_wconf 81' lang='lat' dir='ltr'>et</span> <span class='ocrx_word' id='word_1_204' title='bbox 512 1859 530 1887; x_wconf 71' lang='grc' dir='ltr'>ὲ</span> <span class='ocrx_word' id='word_1_205' title='bbox 543 1860 567 1887; x_wconf 88' lang='lat' dir='ltr'>C</span> <span class='ocrx_word' id='word_1_206' title='bbox 584 1861 601 1887; x_wconf 90' lang='lat' dir='ltr'>S</span> <span class='ocrx_word' id='word_1_207' title='bbox 616 1869 640 1888; x_wconf 79' lang='lat' dir='ltr'>et</span> <span class='ocrx_word' id='word_1_208' title='bbox 654 1861 684 1888; x_wconf 90' lang='lat' dir='ltr'>H</span> <span class='ocrx_word' id='word_1_209' title='bbox 701 1860 719 1887; x_wconf 82' lang='grc' dir='ltr'><em>ἃ</em></span> 
     </span>
     <span class='ocr_line' id='line_1_41' title="bbox 408 1899 841 1938; baseline 0 -12"><span class='ocrx_word' id='word_1_210' title='bbox 408 1914 448 1921; x_wconf 94' lang='lat'>—</span> <span class='ocrx_word' id='word_1_211' title='bbox 468 1899 631 1938; x_wconf 84' lang='lat' dir='ltr'>sejungatur</span> <span class='ocrx_word' id='word_1_212' title='bbox 644 1902 841 1938; x_wconf 58' lang='lat' dir='ltr'>zffiungantur</span> 
     </span>
     <span class='ocr_line' id='line_1_42' title="bbox 430 1940 729 1977; baseline 0.003 -11"><span class='ocrx_word' id='word_1_213' title='bbox 430 1949 444 1977; x_wconf 85' lang='lat'>5</span> <span class='ocrx_word' id='word_1_214' title='bbox 469 1940 606 1967; x_wconf 75' lang='lat' dir='ltr'>concedas</span> <span class='ocrx_word' id='word_1_215' title='bbox 621 1953 642 1975; x_wconf 70' lang='grc' dir='ltr'><em>χ</em></span> <span class='ocrx_word' id='word_1_216' title='bbox 656 1941 729 1968; x_wconf 70' lang='lat' dir='ltr'><em>cedas</em></span> 
     </span>
     <span class='ocr_line' id='line_1_43' title="bbox 429 1978 677 2015; baseline 0.008 -9"><span class='ocrx_word' id='word_1_217' title='bbox 429 1979 447 2006; x_wconf 88' lang='lat'><strong>6</strong></span> <span class='ocrx_word' id='word_1_218' title='bbox 469 1978 594 2007; x_wconf 82' lang='lat' dir='ltr'>Catilina</span> <span class='ocrx_word' id='word_1_219' title='bbox 609 1979 635 2015; x_wconf 72' lang='grc' dir='ltr'>ψ</span> <span class='ocrx_word' id='word_1_220' title='bbox 649 1981 677 2008; x_wconf 82' lang='lat' dir='ltr'>d.</span> 
     </span>
     <span class='ocr_line' id='line_1_44' title="bbox 408 2027 636 2056; baseline 0.009 -10"><span class='ocrx_word' id='word_1_221' title='bbox 408 2033 450 2040; x_wconf 94' lang='lat'>—</span> <span class='ocrx_word' id='word_1_222' title='bbox 470 2027 497 2047; x_wconf 80' lang='lat' dir='ltr'>te</span> <span class='ocrx_word' id='word_1_223' title='bbox 512 2028 560 2047; x_wconf 83' lang='lat' dir='ltr'>aut</span> <span class='ocrx_word' id='word_1_224' title='bbox 573 2032 596 2056; x_wconf 82' lang='grc' dir='ltr'><strong>χ</strong></span> <span class='ocrx_word' id='word_1_225' title='bbox 610 2028 636 2048; x_wconf 81' lang='lat' dir='ltr'>te</span> 
     </span>
     <span class='ocr_line' id='line_1_45' title="bbox 429 2059 894 2096; baseline 0.006 -11"><span class='ocrx_word' id='word_1_226' title='bbox 429 2069 447 2096; x_wconf 93' lang='lat'><strong>9</strong></span> <span class='ocrx_word' id='word_1_227' title='bbox 470 2059 542 2087; x_wconf 66' lang='lat' dir='ltr'>resta</span> <span class='ocrx_word' id='word_1_228' title='bbox 557 2060 582 2087; x_wconf 91' lang='lat' dir='ltr'>C</span> <span class='ocrx_word' id='word_1_229' title='bbox 599 2060 628 2088; x_wconf 79' lang='lat' dir='ltr'>H</span> <span class='ocrx_word' id='word_1_230' title='bbox 644 2060 662 2087; x_wconf 92' lang='lat' dir='ltr'>S</span> <span class='ocrx_word' id='word_1_231' title='bbox 677 2073 710 2096; x_wconf 88' lang='grc' dir='ltr'>χ,</span> <span class='ocrx_word' id='word_1_232' title='bbox 722 2060 747 2093; x_wconf 70' lang='grc' dir='ltr'>ψ</span> <span class='ocrx_word' id='word_1_233' title='bbox 761 2064 830 2089; x_wconf 57' lang='lat' dir='ltr'>reda</span> <span class='ocrx_word' id='word_1_234' title='bbox 841 2062 894 2088; x_wconf 76' lang='lat' dir='ltr'>via</span> 
     </span>
     <span class='ocr_line' id='line_1_46' title="bbox 415 2097 784 2135; baseline 0.008 -10"><span class='ocrx_word' id='word_1_235' title='bbox 415 2107 447 2135; x_wconf 80' lang='lat'>¹3</span> <span class='ocrx_word' id='word_1_236' title='bbox 472 2097 605 2127; x_wconf 81' lang='lat' dir='ltr'>Mallium</span> <span class='ocrx_word' id='word_1_237' title='bbox 620 2113 641 2135; x_wconf 75' lang='grc' dir='ltr'><strong><em>χ</em></strong></span> <span class='ocrx_word' id='word_1_238' title='bbox 654 2099 784 2128; x_wconf 80' lang='lat' dir='ltr'>Manlium</span> 
     </span>
     <span class='ocr_line' id='line_1_47' title="bbox 411 2138 729 2173; baseline 0.009 -9"><span class='ocrx_word' id='word_1_239' title='bbox 411 2153 450 2159; x_wconf 91' lang='lat'>—</span> <span class='ocrx_word' id='word_1_240' title='bbox 472 2138 585 2166; x_wconf 79' lang='lat' dir='ltr'>concita</span> <span class='ocrx_word' id='word_1_241' title='bbox 599 2138 626 2173; x_wconf 71' lang='grc' dir='ltr'>ψ</span> <span class='ocrx_word' id='word_1_242' title='bbox 639 2146 729 2167; x_wconf 79' lang='lat' dir='ltr'>contra</span> 
     </span>
     <span class='ocr_line' id='line_1_48' title="bbox 416 2177 623 2216; baseline 0.005 -11"><span class='ocrx_word' id='word_1_243' title='bbox 416 2177 451 2205; x_wconf 77' lang='lat'>16</span> <span class='ocrx_word' id='word_1_244' title='bbox 473 2177 519 2205; x_wconf 77' lang='lat' dir='ltr'>isse</span> <span class='ocrx_word' id='word_1_245' title='bbox 533 2178 558 2211; x_wconf 67' lang='grc' dir='ltr'>ψ</span> <span class='ocrx_word' id='word_1_246' title='bbox 572 2180 623 2216; x_wconf 83' lang='lat' dir='ltr'>ipse</span> 
     </span>
     <span class='ocr_line' id='line_1_49' title="bbox 417 2218 644 2257; baseline 0 -12"><span class='ocrx_word' id='word_1_247' title='bbox 417 2226 449 2253; x_wconf 83' lang='lat'>17</span> <span class='ocrx_word' id='word_1_248' title='bbox 473 2218 542 2254; x_wconf 91' lang='lat' dir='ltr'>quid</span> <span class='ocrx_word' id='word_1_249' title='bbox 558 2219 582 2252; x_wconf 74' lang='grc' dir='ltr'>ψ</span> <span class='ocrx_word' id='word_1_250' title='bbox 598 2230 644 2257; x_wconf 79' lang='lat' dir='ltr'>quo</span> 
     </span>
     <span class='ocr_line' id='line_1_50' title="bbox 413 2258 572 2293; baseline 0.006 -9"><span class='ocrx_word' id='word_1_251' title='bbox 413 2272 453 2278; x_wconf 95' lang='lat'><strong>—</strong></span> <span class='ocrx_word' id='word_1_252' title='bbox 474 2265 501 2285; x_wconf 82' lang='lat' dir='ltr'>te</span> <span class='ocrx_word' id='word_1_253' title='bbox 515 2271 536 2293; x_wconf 74' lang='grc' dir='ltr'><em>χ</em></span> <span class='ocrx_word' id='word_1_254' title='bbox 549 2258 572 2285; x_wconf 83' lang='lat' dir='ltr'>d.</span> 
     </span>
     <span class='ocr_line' id='line_1_51' title="bbox 418 2296 688 2326; baseline 0.004 -1"><span class='ocrx_word' id='word_1_255' title='bbox 418 2299 451 2325; x_wconf 85' lang='lat'>18</span> <span class='ocrx_word' id='word_1_256' title='bbox 476 2296 528 2325; x_wconf 87' lang='lat' dir='ltr'>tibi</span> <span class='ocrx_word' id='word_1_257' title='bbox 545 2298 570 2326; x_wconf 95' lang='lat' dir='ltr'>C</span> <span class='ocrx_word' id='word_1_258' title='bbox 584 2298 615 2326; x_wconf 89' lang='lat' dir='ltr'>H</span> <span class='ocrx_word' id='word_1_259' title='bbox 631 2297 648 2326; x_wconf 92' lang='lat' dir='ltr'>S</span> <span class='ocrx_word' id='word_1_260' title='bbox 664 2307 688 2326; x_wconf 84' lang='lat' dir='ltr'>te</span> 
     </span>
     <span class='ocr_line' id='line_1_52' title="bbox 413 2337 927 2375; baseline 0.004 -10"><span class='ocrx_word' id='word_1_261' title='bbox 413 2351 454 2359; x_wconf 93' lang='lat'>--</span> <span class='ocrx_word' id='word_1_262' title='bbox 475 2338 698 2373; x_wconf 79' lang='lat' dir='ltr'>praestolarentur</span> <span class='ocrx_word' id='word_1_263' title='bbox 712 2337 738 2371; x_wconf 69' lang='grc' dir='ltr'>ψ</span> <span class='ocrx_word' id='word_1_264' title='bbox 747 2337 927 2375; x_wconf 68' lang='lat' dir='ltr'>prestolemur</span> 
     </span>
     <span class='ocr_line' id='line_1_53' title="bbox 414 2376 870 2416; baseline 0.004 -12"><span class='ocrx_word' id='word_1_265' title='bbox 414 2392 456 2400; x_wconf 87' lang='lat'>——</span> <span class='ocrx_word' id='word_1_266' title='bbox 475 2376 558 2407; x_wconf 81' lang='lat' dir='ltr'>sciam</span> <span class='ocrx_word' id='word_1_267' title='bbox 573 2379 597 2408; x_wconf 91' lang='lat' dir='ltr'>C</span> <span class='ocrx_word' id='word_1_268' title='bbox 612 2379 647 2408; x_wconf 86' lang='lat' dir='ltr'>H.</span> <span class='ocrx_word' id='word_1_269' title='bbox 659 2379 676 2407; x_wconf 91' lang='lat' dir='ltr'>S</span> <span class='ocrx_word' id='word_1_270' title='bbox 689 2379 870 2416; x_wconf 62' lang='lat' dir='ltr'>xcumsciam</span> 
     </span>
    </p>
   </div>
   <div class='ocr_carea' id='block_1_4' title="bbox 317 273 378 332">
    <p class='ocr_par' dir='ltr' id='par_1_4' title="bbox 317 273 378 332">
     <span class='ocr_line' id='line_1_54' title="bbox 317 273 378 332; baseline 0.016 -1"><span class='ocrx_word' id='word_1_271' title='bbox 317 273 378 332; x_wconf 63' lang='lat' dir='ltr'>ihs</span> 
     </span>
    </p>
   </div>
   <div class='ocr_carea' id='block_1_5' title="bbox 1086 301 1792 1533">
    <p class='ocr_par' dir='ltr' id='par_1_5' title="bbox 1086 301 1792 1533">
     <span class='ocr_line' id='line_1_55' title="bbox 1088 301 1520 340; baseline 0.002 -11"><span class='ocrx_word' id='word_1_272' title='bbox 1088 301 1143 340; x_wconf 88' lang='grc'>169</span> <span class='ocrx_word' id='word_1_273' title='bbox 1169 310 1204 339; x_wconf 84' lang='lat'>19</span> <span class='ocrx_word' id='word_1_274' title='bbox 1226 301 1336 339; x_wconf 59' lang='lat' dir='ltr'>pac‘hm</span> <span class='ocrx_word' id='word_1_275' title='bbox 1351 301 1376 335; x_wconf 70' lang='grc' dir='ltr'>ψ</span> <span class='ocrx_word' id='word_1_276' title='bbox 1386 306 1520 339; x_wconf 55' lang='lat' dir='ltr'>perustam</span> 
     </span>
     <span class='ocr_line' id='line_1_56' title="bbox 1165 341 1484 379; baseline 0 -9"><span class='ocrx_word' id='word_1_277' title='bbox 1165 356 1206 363; x_wconf 94' lang='lat'>—</span> <span class='ocrx_word' id='word_1_278' title='bbox 1227 341 1331 370; x_wconf 88' lang='lat' dir='ltr'>Mallio</span> <span class='ocrx_word' id='word_1_279' title='bbox 1344 355 1367 379; x_wconf 82' lang='grc' dir='ltr'><strong>χ</strong></span> <span class='ocrx_word' id='word_1_280' title='bbox 1381 342 1484 370; x_wconf 82' lang='lat' dir='ltr'>Manlio</span> 
     </span>
     <span class='ocr_line' id='line_1_57' title="bbox 1167 380 1602 410; baseline 0.002 -1"><span class='ocrx_word' id='word_1_281' title='bbox 1167 390 1205 410; x_wconf 88' lang='lat'>20</span> <span class='ocrx_word' id='word_1_282' title='bbox 1225 381 1357 409; x_wconf 75' lang='lat' dir='ltr'>omnibus</span> <span class='ocrx_word' id='word_1_283' title='bbox 1374 382 1398 409; x_wconf 93' lang='lat' dir='ltr'>C</span> <span class='ocrx_word' id='word_1_284' title='bbox 1415 382 1444 410; x_wconf 89' lang='lat' dir='ltr'>H</span> <span class='ocrx_word' id='word_1_285' title='bbox 1460 380 1602 410; x_wconf 76' lang='lat' dir='ltr'>hominibus</span> 
     </span>
     <span class='ocr_line' id='line_1_58' title="bbox 1167 421 1356 456; baseline 0 -8"><span class='ocrx_word' id='word_1_286' title='bbox 1167 430 1198 448; x_wconf 89' lang='grc'>21</span> <span class='ocrx_word' id='word_1_287' title='bbox 1223 421 1277 448; x_wconf 85' lang='lat' dir='ltr'>effe</span> <span class='ocrx_word' id='word_1_288' title='bbox 1292 433 1313 456; x_wconf 79' lang='grc' dir='ltr'><em>χ</em></span> <span class='ocrx_word' id='word_1_289' title='bbox 1329 422 1356 449; x_wconf 89' lang='lat' dir='ltr'>d.</span> 
     </span>
     <span class='ocr_line' id='line_1_59' title="bbox 1161 460 1617 498; baseline 0.002 -10"><span class='ocrx_word' id='word_1_290' title='bbox 1161 474 1203 482; x_wconf 89' lang='lat'><strong>—</strong></span> <span class='ocrx_word' id='word_1_291' title='bbox 1217 460 1265 488; x_wconf 84' lang='lat' dir='ltr'>cui</span> <span class='ocrx_word' id='word_1_292' title='bbox 1279 474 1360 483; x_wconf 69' lang='lat'>——</span> <span class='ocrx_word' id='word_1_293' title='bbox 1374 461 1538 498; x_wconf 82' lang='lat' dir='ltr'>praemiffam</span> <span class='ocrx_word' id='word_1_294' title='bbox 1552 474 1576 498; x_wconf 80' lang='grc' dir='ltr'><strong>χ</strong></span> <span class='ocrx_word' id='word_1_295' title='bbox 1588 462 1617 489; x_wconf 86' lang='lat' dir='ltr'>d.</span> 
     </span>
     <span class='ocr_line' id='line_1_60' title="bbox 1161 499 1564 536; baseline 0.005 -10"><span class='ocrx_word' id='word_1_296' title='bbox 1161 513 1204 521; x_wconf 90' lang='lat'>·-</span> <span class='ocrx_word' id='word_1_297' title='bbox 1223 499 1374 528; x_wconf 78' lang='lat' dir='ltr'>sacrarium</span> <span class='ocrx_word' id='word_1_298' title='bbox 1389 500 1419 528; x_wconf 93' lang='lat' dir='ltr'>H</span> <span class='ocrx_word' id='word_1_299' title='bbox 1435 502 1564 536; x_wconf 75' lang='lat' dir='ltr'>Sstzcrum</span> 
     </span>
     <span class='ocr_line' id='line_1_61' title="bbox 1165 541 1329 576; baseline 0 -9"><span class='ocrx_word' id='word_1_300' title='bbox 1165 548 1198 576; x_wconf 88' lang='grc'>31</span> <span class='ocrx_word' id='word_1_301' title='bbox 1224 548 1252 567; x_wconf 85' lang='lat' dir='ltr'>es</span> <span class='ocrx_word' id='word_1_302' title='bbox 1266 553 1288 575; x_wconf 76' lang='grc' dir='ltr'><em>χ</em></span> <span class='ocrx_word' id='word_1_303' title='bbox 1302 541 1329 568; x_wconf 90' lang='lat' dir='ltr'>d.</span> 
     </span>
     <span class='ocr_line' id='line_1_62' title="bbox 1166 578 1390 616; baseline -0.009 -8"><span class='ocrx_word' id='word_1_304' title='bbox 1166 588 1205 616; x_wconf 84' lang='lat'>34</span> <span class='ocrx_word' id='word_1_305' title='bbox 1225 578 1284 607; x_wconf 83' lang='lat' dir='ltr'>Hic</span> <span class='ocrx_word' id='word_1_306' title='bbox 1300 579 1325 613; x_wconf 75' lang='grc' dir='ltr'>ψ</span> <span class='ocrx_word' id='word_1_307' title='bbox 1338 580 1390 607; x_wconf 83' lang='lat' dir='ltr'>His</span> 
     </span>
     <span class='ocr_line' id='line_1_63' title="bbox 1163 619 1432 657; baseline 0 -10"><span class='ocrx_word' id='word_1_308' title='bbox 1163 633 1203 641; x_wconf 88' lang='lat'><strong>—</strong></span> <span class='ocrx_word' id='word_1_309' title='bbox 1223 628 1281 657; x_wconf 83' lang='lat' dir='ltr'>qua</span> <span class='ocrx_word' id='word_1_310' title='bbox 1295 619 1320 653; x_wconf 69' lang='grc' dir='ltr'>ψ</span> <span class='ocrx_word' id='word_1_311' title='bbox 1334 627 1432 657; x_wconf 82' lang='lat' dir='ltr'>quanta</span> 
     </span>
     <span class='ocr_line' id='line_1_64' title="bbox 1086 658 1556 697; baseline -0.004 -9"><span class='ocrx_word' id='word_1_312' title='bbox 1086 668 1143 697; x_wconf 85' lang='lat'>170</span> <span class='ocrx_word' id='word_1_313' title='bbox 1188 668 1199 687; x_wconf 84' lang='grc' dir='ltr'>ι</span> <span class='ocrx_word' id='word_1_314' title='bbox 1225 660 1372 696; x_wconf 75' lang='lat' dir='ltr'>voluptate</span> <span class='ocrx_word' id='word_1_315' title='bbox 1386 673 1407 694; x_wconf 70' lang='grc' dir='ltr'><em>χ</em></span> <span class='ocrx_word' id='word_1_316' title='bbox 1421 658 1556 686; x_wconf 77' lang='lat' dir='ltr'>voluntate</span> 
     </span>
     <span class='ocr_line' id='line_1_65' title="bbox 1163 698 1596 727; baseline 0 -1"><span class='ocrx_word' id='word_1_317' title='bbox 1163 714 1203 721; x_wconf 91' lang='lat'><em>-</em></span> <span class='ocrx_word' id='word_1_318' title='bbox 1224 698 1398 727; x_wconf 82' lang='lat' dir='ltr'>bacchabere</span> <span class='ocrx_word' id='word_1_319' title='bbox 1413 698 1438 726; x_wconf 93' lang='lat' dir='ltr'>C</span> <span class='ocrx_word' id='word_1_320' title='bbox 1453 698 1596 727; x_wconf 69' lang='lat' dir='ltr'>bac-habere</span> 
     </span>
     <span class='ocr_line' id='line_1_66' title="bbox 1185 738 1334 774; baseline -0.013 -6"><span class='ocrx_word' id='word_1_321' title='bbox 1185 750 1201 768; x_wconf 90' lang='lat'><strong>2</strong></span> <span class='ocrx_word' id='word_1_322' title='bbox 1223 738 1260 766; x_wconf 86' lang='lat' dir='ltr'>ad</span> <span class='ocrx_word' id='word_1_323' title='bbox 1273 752 1294 774; x_wconf 76' lang='grc' dir='ltr'><em>χ</em></span> <span class='ocrx_word' id='word_1_324' title='bbox 1308 739 1334 766; x_wconf 87' lang='lat' dir='ltr'>d.</span> 
     </span>
     <span class='ocr_line' id='line_1_67' title="bbox 1188 779 1571 816; baseline 0 -10"><span class='ocrx_word' id='word_1_325' title='bbox 1188 789 1202 816; x_wconf 89' lang='grc'>3</span> <span class='ocrx_word' id='word_1_326' title='bbox 1224 779 1317 816; x_wconf 86' lang='lat' dir='ltr'>jacere</span> <span class='ocrx_word' id='word_1_327' title='bbox 1331 792 1352 814; x_wconf 75' lang='grc' dir='ltr'><em>χ</em></span> <span class='ocrx_word' id='word_1_328' title='bbox 1364 779 1454 816; x_wconf 79' lang='lat' dir='ltr'>jacere</span> <span class='ocrx_word' id='word_1_329' title='bbox 1467 779 1571 806; x_wconf 80' lang='lat' dir='ltr'>videbis</span> 
     </span>
     <span class='ocr_line' id='line_1_68' title="bbox 1183 818 1586 856; baseline 0 -10"><span class='ocrx_word' id='word_1_330' title='bbox 1183 829 1203 855; x_wconf 87' lang='lat'>4</span> <span class='ocrx_word' id='word_1_331' title='bbox 1223 818 1407 847; x_wconf 71' lang='lat' dir='ltr'>obsidendum</span> <span class='ocrx_word' id='word_1_332' title='bbox 1423 819 1448 852; x_wconf 65' lang='grc' dir='ltr'>ψ</span> <span class='ocrx_word' id='word_1_333' title='bbox 1461 818 1586 856; x_wconf 78' lang='lat' dir='ltr'>obstdendi</span> 
     </span>
     <span class='ocr_line' id='line_1_69' title="bbox 1160 857 1465 891; baseline -0.003 -4"><span class='ocrx_word' id='word_1_334' title='bbox 1160 874 1201 881; x_wconf 95' lang='lat'>—</span> <span class='ocrx_word' id='word_1_335' title='bbox 1221 859 1307 887; x_wconf 86' lang='lat' dir='ltr'>etiam</span> <span class='ocrx_word' id='word_1_336' title='bbox 1322 859 1352 886; x_wconf 93' lang='lat' dir='ltr'>H</span> <span class='ocrx_word' id='word_1_337' title='bbox 1369 859 1385 886; x_wconf 92' lang='lat' dir='ltr'>S</span> <span class='ocrx_word' id='word_1_338' title='bbox 1401 857 1427 891; x_wconf 68' lang='grc' dir='ltr'>-ψ</span> <span class='ocrx_word' id='word_1_339' title='bbox 1441 867 1465 887; x_wconf 86' lang='lat' dir='ltr'>et</span> 
     </span>
     <span class='ocr_line' id='line_1_70' title="bbox 1185 898 1546 938; baseline 0 -12"><span class='ocrx_word' id='word_1_340' title='bbox 1185 910 1199 938; x_wconf 75' lang='grc' dir='ltr'><em>ς</em></span> <span class='ocrx_word' id='word_1_341' title='bbox 1223 898 1386 926; x_wconf 86' lang='lat' dir='ltr'>obeundum</span> <span class='ocrx_word' id='word_1_342' title='bbox 1400 899 1425 933; x_wconf 69' lang='grc' dir='ltr'>ψ</span> <span class='ocrx_word' id='word_1_343' title='bbox 1439 899 1546 927; x_wconf 65' lang='lat' dir='ltr'>obfundi</span> 
     </span>
     <span class='ocr_line' id='line_1_71' title="bbox 1162 939 1792 978; baseline 0.006 -12"><span class='ocrx_word' id='word_1_344' title='bbox 1162 955 1203 961; x_wconf 97' lang='lat'>—</span> <span class='ocrx_word' id='word_1_345' title='bbox 1223 939 1400 967; x_wconf 74' lang='lat' dir='ltr'>insidiantem</span> <span class='ocrx_word' id='word_1_346' title='bbox 1414 939 1438 966; x_wconf 94' lang='lat' dir='ltr'>C</span> <span class='ocrx_word' id='word_1_347' title='bbox 1452 939 1484 967; x_wconf 89' lang='lat' dir='ltr'>H</span> <span class='ocrx_word' id='word_1_348' title='bbox 1497 939 1515 967; x_wconf 90' lang='lat' dir='ltr'>S</span> <span class='ocrx_word' id='word_1_349' title='bbox 1531 940 1569 968; x_wconf 86' lang='lat' dir='ltr'>ad</span> <span class='ocrx_word' id='word_1_350' title='bbox 1579 940 1750 978; x_wconf 75' lang='lat' dir='ltr'>itfidiandum</span> <span class='ocrx_word' id='word_1_351' title='bbox 1769 954 1792 978; x_wconf 72' lang='grc' dir='ltr'>χ,</span> 
     </span>
     <span class='ocr_line' id='line_1_72' title="bbox 1181 979 1596 1055; baseline 0 -8"><span class='ocrx_word' id='word_1_352' title='bbox 1181 1018 1200 1047; x_wconf 89' lang='grc'>6</span> <span class='ocrx_word' id='word_1_353' title='bbox 1222 979 1418 1047; x_wconf 48' lang='grc' dir='ltr'>0ΕὲἴέἷὲαῶᾸέ</span> <span class='ocrx_word' id='word_1_354' title='bbox 1432 1033 1453 1055; x_wconf 70' lang='grc' dir='ltr'><strong><em>χ</em></strong></span> <span class='ocrx_word' id='word_1_355' title='bbox 1467 1021 1596 1054; x_wconf 77' lang='lat' dir='ltr'>otiosbrum</span> 
     </span>
     <span class='ocr_line' id='line_1_73' title="bbox 1186 1058 1711 1098; baseline 0.004 -12"><span class='ocrx_word' id='word_1_356' title='bbox 1186 1068 1202 1095; x_wconf 92' lang='lat'>7</span> <span class='ocrx_word' id='word_1_357' title='bbox 1229 1058 1394 1097; x_wconf 80' lang='lat' dir='ltr'>patientiam</span> <span class='ocrx_word' id='word_1_358' title='bbox 1412 1060 1436 1087; x_wconf 91' lang='lat' dir='ltr'>C</span> <span class='ocrx_word' id='word_1_359' title='bbox 1451 1059 1481 1088; x_wconf 90' lang='lat' dir='ltr'>H</span> <span class='ocrx_word' id='word_1_360' title='bbox 1496 1060 1513 1088; x_wconf 92' lang='lat' dir='ltr'>S</span> <span class='ocrx_word' id='word_1_361' title='bbox 1529 1061 1711 1098; x_wconf 81' lang='lat' dir='ltr'>abstinentiam</span> 
     </span>
     <span class='ocr_line' id='line_1_74' title="bbox 1164 1099 1544 1138; baseline 0.003 -12"><span class='ocrx_word' id='word_1_362' title='bbox 1164 1111 1205 1121; x_wconf 86' lang='lat'>-—</span> <span class='ocrx_word' id='word_1_363' title='bbox 1225 1099 1308 1127; x_wconf 80' lang='lat' dir='ltr'>famis</span> <span class='ocrx_word' id='word_1_364' title='bbox 1322 1112 1346 1136; x_wconf 84' lang='grc' dir='ltr'>χ</span> <span class='ocrx_word' id='word_1_365' title='bbox 1351 1099 1452 1135; x_wconf 75' lang='lat' dir='ltr'>scilicet</span> <span class='ocrx_word' id='word_1_366' title='bbox 1455 1103 1544 1138; x_wconf 81' lang='lat' dir='ltr'>famis</span> 
     </span>
     <span class='ocr_line' id='line_1_75' title="bbox 1164 1138 1583 1178; baseline 0.007 -13"><span class='ocrx_word' id='word_1_367' title='bbox 1164 1154 1204 1161; x_wconf 86' lang='lat'>-—·</span> <span class='ocrx_word' id='word_1_368' title='bbox 1225 1138 1340 1176; x_wconf 82' lang='lat' dir='ltr'>frigoris</span> <span class='ocrx_word' id='word_1_369' title='bbox 1358 1140 1387 1167; x_wconf 91' lang='lat' dir='ltr'>H</span> <span class='ocrx_word' id='word_1_370' title='bbox 1404 1141 1421 1168; x_wconf 86' lang='lat' dir='ltr'>S</span> <span class='ocrx_word' id='word_1_371' title='bbox 1435 1148 1459 1168; x_wconf 84' lang='lat' dir='ltr'>et</span> <span class='ocrx_word' id='word_1_372' title='bbox 1463 1142 1583 1178; x_wconf 80' lang='lat' dir='ltr'>frigoris</span> 
     </span>
     <span class='ocr_line' id='line_1_76' title="bbox 1185 1178 1406 1217; baseline 0 -10"><span class='ocrx_word' id='word_1_373' title='bbox 1185 1189 1203 1217; x_wconf 90' lang='lat'>9</span> <span class='ocrx_word' id='word_1_374' title='bbox 1227 1187 1286 1207; x_wconf 90' lang='lat' dir='ltr'>tum</span> <span class='ocrx_word' id='word_1_375' title='bbox 1303 1178 1327 1207; x_wconf 95' lang='lat' dir='ltr'>C</span> <span class='ocrx_word' id='word_1_376' title='bbox 1339 1180 1364 1214; x_wconf 71' lang='grc' dir='ltr'>ψ</span> <span class='ocrx_word' id='word_1_377' title='bbox 1379 1181 1406 1207; x_wconf 91' lang='lat' dir='ltr'>d.</span> 
     </span>
     <span class='ocr_line' id='line_1_77' title="bbox 1168 1217 1502 1256; baseline 0.003 -10"><span class='ocrx_word' id='word_1_378' title='bbox 1168 1228 1202 1256; x_wconf 87' lang='lat'>¹3</span> <span class='ocrx_word' id='word_1_379' title='bbox 1226 1227 1257 1248; x_wconf 91' lang='lat' dir='ltr'>ut</span> <span class='ocrx_word' id='word_1_380' title='bbox 1272 1219 1303 1247; x_wconf 90' lang='lat' dir='ltr'>H</span> <span class='ocrx_word' id='word_1_381' title='bbox 1317 1228 1400 1248; x_wconf 74' lang='lat' dir='ltr'>autem</span> <span class='ocrx_word' id='word_1_382' title='bbox 1414 1217 1440 1255; x_wconf 78' lang='grc' dir='ltr'>ψ</span> <span class='ocrx_word' id='word_1_383' title='bbox 1454 1227 1502 1247; x_wconf 79' lang='lat' dir='ltr'>aut</span> 
     </span>
     <span class='ocr_line' id='line_1_78' title="bbox 1165 1260 1603 1297; baseline 0.005 -11"><span class='ocrx_word' id='word_1_384' title='bbox 1165 1275 1206 1281; x_wconf 91' lang='lat'>-—-</span> <span class='ocrx_word' id='word_1_385' title='bbox 1226 1268 1315 1296; x_wconf 86' lang='lat' dir='ltr'>prope</span> <span class='ocrx_word' id='word_1_386' title='bbox 1423 1260 1522 1297; x_wconf 82' lang='lat' dir='ltr'>patriae</span> <span class='ocrx_word' id='word_1_387' title='bbox 1535 1260 1560 1294; x_wconf 70' lang='grc' dir='ltr'>ψ</span> <span class='ocrx_word' id='word_1_388' title='bbox 1574 1262 1603 1288; x_wconf 78' lang='lat' dir='ltr'>d.</span> 
     </span>
     <span class='ocr_line' id='line_1_79' title="bbox 1170 1299 1452 1335; baseline 0 -9"><span class='ocrx_word' id='word_1_389' title='bbox 1170 1308 1205 1335; x_wconf 87' lang='lat'>¹7</span> <span class='ocrx_word' id='word_1_390' title='bbox 1227 1299 1319 1326; x_wconf 86' lang='lat' dir='ltr'>omnis</span> <span class='ocrx_word' id='word_1_391' title='bbox 1332 1299 1358 1332; x_wconf 72' lang='grc' dir='ltr'>ψ</span> <span class='ocrx_word' id='word_1_392' title='bbox 1373 1311 1452 1328; x_wconf 72' lang='lat' dir='ltr'>onmes</span> 
     </span>
     <span class='ocr_line' id='line_1_80' title="bbox 1164 1338 1572 1377; baseline 0.007 -12"><span class='ocrx_word' id='word_1_393' title='bbox 1164 1353 1206 1361; x_wconf 91' lang='lat'>-—</span> <span class='ocrx_word' id='word_1_394' title='bbox 1225 1338 1359 1376; x_wconf 83' lang='lat' dir='ltr'>loquatur</span> <span class='ocrx_word' id='word_1_395' title='bbox 1373 1338 1399 1373; x_wconf 69' lang='grc' dir='ltr'>ψ</span> <span class='ocrx_word' id='word_1_396' title='bbox 1413 1339 1572 1377; x_wconf 78' lang='lat' dir='ltr'>loquercntus·</span> 
     </span>
     <span class='ocr_line' id='line_1_81' title="bbox 1171 1378 1482 1412; baseline 0.006 -6"><span class='ocrx_word' id='word_1_397' title='bbox 1171 1380 1205 1406; x_wconf 87' lang='lat'>18</span> <span class='ocrx_word' id='word_1_398' title='bbox 1227 1378 1280 1406; x_wconf 80' lang='lat' dir='ltr'>effe</span> <span class='ocrx_word' id='word_1_399' title='bbox 1295 1378 1322 1412; x_wconf 70' lang='grc' dir='ltr'>ψ</span> <span class='ocrx_word' id='word_1_400' title='bbox 1336 1390 1482 1408; x_wconf 72' lang='lat' dir='ltr'>communem</span> 
     </span>
     <span class='ocr_line' id='line_1_82' title="bbox 1174 1418 1494 1456; baseline 0.003 -10"><span class='ocrx_word' id='word_1_401' title='bbox 1174 1428 1208 1456; x_wconf 85' lang='lat'>¹9</span> <span class='ocrx_word' id='word_1_402' title='bbox 1231 1418 1356 1446; x_wconf 82' lang='lat' dir='ltr'>futurum</span> <span class='ocrx_word' id='word_1_403' title='bbox 1371 1421 1494 1456; x_wconf 61' lang='lat' dir='ltr'>zfumm‘</span> 
     </span>
     <span class='ocr_line' id='line_1_83' title="bbox 1168 1458 1607 1496; baseline 0.002 -10"><span class='ocrx_word' id='word_1_404' title='bbox 1168 1467 1200 1486; x_wconf 88' lang='lat'>21</span> <span class='ocrx_word' id='word_1_405' title='bbox 1227 1458 1402 1495; x_wconf 87' lang='lat' dir='ltr'>perditorum</span> <span class='ocrx_word' id='word_1_406' title='bbox 1418 1459 1445 1493; x_wconf 72' lang='grc' dir='ltr'>ψ</span> <span class='ocrx_word' id='word_1_407' title='bbox 1453 1461 1607 1496; x_wconf 69' lang='lat' dir='ltr'>perditorem</span> 
     </span>
     <span class='ocr_line' id='line_1_84' title="bbox 1168 1506 1413 1533; baseline 0.008 -10"><span class='ocrx_word' id='word_1_408' title='bbox 1168 1508 1207 1533; x_wconf 85' lang='lat'>24</span> <span class='ocrx_word' id='word_1_409' title='bbox 1229 1506 1283 1524; x_wconf 89' lang='lat' dir='ltr'>non</span> <span class='ocrx_word' id='word_1_410' title='bbox 1299 1511 1320 1532; x_wconf 73' lang='grc' dir='ltr'><strong><em>χ</em></strong></span> <span class='ocrx_word' id='word_1_411' title='bbox 1336 1508 1413 1525; x_wconf 73' lang='lat' dir='ltr'>nonne</span> 
     </span>
    </p>
   </div>
   <div class='ocr_carea' id='block_1_6' title="bbox 1095 1537 1805 2413">
    <p class='ocr_par' dir='ltr' id='par_1_6' title="bbox 1095 1537 1805 2413">
     <span class='ocr_line' id='line_1_85' title="bbox 1169 1537 1628 1567; baseline 0.002 -2"><span class='ocrx_word' id='word_1_412' title='bbox 1169 1538 1206 1565; x_wconf 90' lang='lat'>26</span> <span class='ocrx_word' id='word_1_413' title='bbox 1227 1537 1384 1565; x_wconf 81' lang='lat' dir='ltr'>multarunt</span> <span class='ocrx_word' id='word_1_414' title='bbox 1399 1538 1424 1565; x_wconf 91' lang='lat' dir='ltr'>C</span> <span class='ocrx_word' id='word_1_415' title='bbox 1439 1540 1628 1567; x_wconf 58' lang='lat' dir='ltr'>mulffaverunt</span> 
     </span>
     <span class='ocr_line' id='line_1_86' title="bbox 1174 1578 1622 1613; baseline 0.004 -8"><span class='ocrx_word' id='word_1_416' title='bbox 1174 1586 1209 1613; x_wconf 83' lang='lat'>27</span> <span class='ocrx_word' id='word_1_417' title='bbox 1234 1578 1428 1605; x_wconf 82' lang='lat' dir='ltr'>Romanorum</span> <span class='ocrx_word' id='word_1_418' title='bbox 1444 1579 1474 1607; x_wconf 84' lang='lat' dir='ltr'>H</span> <span class='ocrx_word' id='word_1_419' title='bbox 1491 1579 1508 1606; x_wconf 87' lang='lat' dir='ltr'>S</span> <span class='ocrx_word' id='word_1_420' title='bbox 1524 1590 1622 1607; x_wconf 76' lang='lat' dir='ltr'>reorum</span> 
     </span>
     <span class='ocr_line' id='line_1_87' title="bbox 1169 1616 1337 1645; baseline 0 0"><span class='ocrx_word' id='word_1_421' title='bbox 1169 1619 1205 1645; x_wconf 88' lang='lat'>28</span> <span class='ocrx_word' id='word_1_422' title='bbox 1228 1616 1248 1644; x_wconf 85' lang='lat' dir='ltr'>ii</span> <span class='ocrx_word' id='word_1_423' title='bbox 1265 1617 1296 1644; x_wconf 88' lang='lat' dir='ltr'>H</span> <span class='ocrx_word' id='word_1_424' title='bbox 1311 1619 1337 1645; x_wconf 88' lang='lat' dir='ltr'>d.</span> 
     </span>
     <span class='ocr_line' id='line_1_88' title="bbox 1167 1658 1361 1692; baseline 0.01 -10"><span class='ocrx_word' id='word_1_425' title='bbox 1167 1672 1207 1678; x_wconf 91' lang='lat'>——</span> <span class='ocrx_word' id='word_1_426' title='bbox 1229 1658 1273 1683; x_wconf 75' lang='lat' dir='ltr'>An</span> <span class='ocrx_word' id='word_1_427' title='bbox 1289 1670 1309 1692; x_wconf 73' lang='grc' dir='ltr'><em>χ</em></span> <span class='ocrx_word' id='word_1_428' title='bbox 1324 1658 1361 1684; x_wconf 84' lang='lat' dir='ltr'>At</span> 
     </span>
     <span class='ocr_line' id='line_1_89' title="bbox 1168 1697 1665 1735; baseline 0.01 -13"><span class='ocrx_word' id='word_1_429' title='bbox 1168 1706 1206 1734; x_wconf 88' lang='lat'>²9</span> <span class='ocrx_word' id='word_1_430' title='bbox 1228 1697 1334 1733; x_wconf 88' lang='lat' dir='ltr'>populo</span> <span class='ocrx_word' id='word_1_431' title='bbox 1349 1697 1478 1725; x_wconf 79' lang='lat' dir='ltr'>Romano</span> <span class='ocrx_word' id='word_1_432' title='bbox 1493 1698 1613 1735; x_wconf 68' lang='lat' dir='ltr'>Cpopuli</span> <span class='ocrx_word' id='word_1_433' title='bbox 1628 1698 1665 1727; x_wconf 82' lang='lat' dir='ltr'>R,</span> 
     </span>
     <span class='ocr_line' id='line_1_90' title="bbox 1171 1737 1578 1775; baseline 0.01 -13"><span class='ocrx_word' id='word_1_434' title='bbox 1171 1747 1208 1774; x_wconf 83' lang='lat'>30</span> <span class='ocrx_word' id='word_1_435' title='bbox 1229 1737 1314 1764; x_wconf 74' lang='lat' dir='ltr'>refers</span> <span class='ocrx_word' id='word_1_436' title='bbox 1330 1737 1354 1764; x_wconf 94' lang='lat' dir='ltr'>C</span> <span class='ocrx_word' id='word_1_437' title='bbox 1370 1737 1398 1764; x_wconf 88' lang='lat' dir='ltr'>H</span> <span class='ocrx_word' id='word_1_438' title='bbox 1417 1739 1433 1765; x_wconf 77' lang='lat'><strong>5</strong></span> <span class='ocrx_word' id='word_1_439' title='bbox 1448 1751 1472 1774; x_wconf 86' lang='grc' dir='ltr'><strong>χ</strong></span> <span class='ocrx_word' id='word_1_440' title='bbox 1486 1742 1578 1775; x_wconf 61' lang='lat' dir='ltr'>referes</span> 
     </span>
     <span class='ocr_line' id='line_1_91' title="bbox 1171 1779 1453 1814; baseline 0 -10"><span class='ocrx_word' id='word_1_441' title='bbox 1171 1787 1207 1814; x_wconf 83' lang='lat'>32</span> <span class='ocrx_word' id='word_1_442' title='bbox 1229 1786 1325 1803; x_wconf 81' lang='lat' dir='ltr'>omnes</span> <span class='ocrx_word' id='word_1_443' title='bbox 1337 1779 1359 1804; x_wconf 77' lang='lat' dir='ltr'>C</span> <span class='ocrx_word' id='word_1_444' title='bbox 1375 1789 1453 1804; x_wconf 83' lang='lat' dir='ltr'>omms</span> 
     </span>
     <span class='ocr_line' id='line_1_92' title="bbox 1173 1816 1559 1856; baseline 0.008 -14"><span class='ocrx_word' id='word_1_445' title='bbox 1173 1827 1206 1854; x_wconf 80' lang='lat'>33</span> <span class='ocrx_word' id='word_1_446' title='bbox 1231 1816 1353 1854; x_wconf 73' lang='lat' dir='ltr'>negligis</span> <span class='ocrx_word' id='word_1_447' title='bbox 1370 1818 1394 1845; x_wconf 91' lang='lat' dir='ltr'>C</span> <span class='ocrx_word' id='word_1_448' title='bbox 1411 1817 1436 1850; x_wconf 71' lang='grc' dir='ltr'>ψ</span> <span class='ocrx_word' id='word_1_449' title='bbox 1450 1818 1559 1856; x_wconf 76' lang='lat' dir='ltr'>negliges</span> 
     </span>
     <span class='ocr_line' id='line_1_93' title="bbox 1171 1856 1462 1894; baseline 0.003 -11"><span class='ocrx_word' id='word_1_450' title='bbox 1171 1866 1210 1894; x_wconf 73' lang='lat'>34</span> <span class='ocrx_word' id='word_1_451' title='bbox 1232 1856 1248 1884; x_wconf 87' lang='lat' dir='ltr'>fi</span> <span class='ocrx_word' id='word_1_452' title='bbox 1266 1866 1328 1893; x_wconf 74' lang='lat' dir='ltr'>quls</span> <span class='ocrx_word' id='word_1_453' title='bbox 1343 1857 1462 1894; x_wconf 56' lang='lat' dir='ltr'>zſsquid</span> 
     </span>
     <span class='ocr_line' id='line_1_94' title="bbox 1168 1896 1799 1934; baseline 0.008 -11"><span class='ocrx_word' id='word_1_454' title='bbox 1168 1911 1208 1918; x_wconf 94' lang='lat'><strong>—</strong></span> <span class='ocrx_word' id='word_1_455' title='bbox 1229 1897 1264 1924; x_wconf 85' lang='lat' dir='ltr'>est</span> <span class='ocrx_word' id='word_1_456' title='bbox 1281 1896 1395 1923; x_wconf 73' lang='lat' dir='ltr'>invidiae</span> <span class='ocrx_word' id='word_1_457' title='bbox 1411 1905 1512 1930; x_wconf 71' lang='lat' dir='ltr'>metus,</span> <span class='ocrx_word' id='word_1_458' title='bbox 1530 1907 1595 1926; x_wconf 87' lang='lat' dir='ltr'>num</span> <span class='ocrx_word' id='word_1_459' title='bbox 1612 1898 1648 1926; x_wconf 83' lang='lat' dir='ltr'>est</span> <span class='ocrx_word' id='word_1_460' title='bbox 1665 1898 1730 1927; x_wconf 86' lang='lat' dir='ltr'>CH</span> <span class='ocrx_word' id='word_1_461' title='bbox 1742 1899 1757 1927; x_wconf 92' lang='lat' dir='ltr'>S</span> <span class='ocrx_word' id='word_1_462' title='bbox 1770 1900 1799 1934; x_wconf 58' lang='lat' dir='ltr'>sle</span> 
     </span>
     <span class='ocr_line' id='line_1_95' title="bbox 1267 1937 1805 1976; baseline 0.007 -12"><span class='ocrx_word' id='word_1_463' title='bbox 1267 1937 1384 1964; x_wconf 51' lang='lat' dir='ltr'>invidia*</span> <span class='ocrx_word' id='word_1_464' title='bbox 1397 1946 1474 1964; x_wconf 77' lang='lat' dir='ltr'>metus</span> <span class='ocrx_word' id='word_1_465' title='bbox 1496 1949 1542 1965; x_wconf 83' lang='lat' dir='ltr'>non</span> <span class='ocrx_word' id='word_1_466' title='bbox 1562 1941 1595 1975; x_wconf 78' lang='lat' dir='ltr'>est</span> <span class='ocrx_word' id='word_1_467' title='bbox 1615 1952 1639 1976; x_wconf 84' lang='grc' dir='ltr'><strong>χ</strong></span> <span class='ocrx_word' id='word_1_468' title='bbox 1652 1948 1729 1968; x_wconf 75' lang='lat' dir='ltr'>metus</span> <span class='ocrx_word' id='word_1_469' title='bbox 1749 1950 1805 1968; x_wconf 71' lang='lat' dir='ltr'>nm</span> 
     </span>
     <span class='ocr_line' id='line_1_96' title="bbox 1268 1979 1302 2013; baseline 0 -10"><span class='ocrx_word' id='word_1_470' title='bbox 1268 1979 1302 2013; x_wconf 70' lang='lat' dir='ltr'>est</span> 
     </span>
     <span class='ocr_line' id='line_1_97' title="bbox 1169 2015 1365 2049; baseline 0.01 -6"><span class='ocrx_word' id='word_1_471' title='bbox 1169 2031 1208 2038; x_wconf 92' lang='lat'>—-</span> <span class='ocrx_word' id='word_1_472' title='bbox 1231 2026 1261 2044; x_wconf 71' lang='lat' dir='ltr'>ac</span> <span class='ocrx_word' id='word_1_473' title='bbox 1279 2015 1305 2049; x_wconf 71' lang='grc' dir='ltr'>ψ</span> <span class='ocrx_word' id='word_1_474' title='bbox 1317 2025 1365 2045; x_wconf 81' lang='lat' dir='ltr'>aut</span> 
     </span>
     <span class='ocr_line' id='line_1_98' title="bbox 1095 2056 1365 2094; baseline -0.007 -9"><span class='ocrx_word' id='word_1_475' title='bbox 1095 2066 1145 2094; x_wconf 83' lang='grc'>171</span> <span class='ocrx_word' id='word_1_476' title='bbox 1197 2066 1206 2084; x_wconf 92' lang='grc'>1</span> <span class='ocrx_word' id='word_1_477' title='bbox 1233 2066 1264 2084; x_wconf 90' lang='lat' dir='ltr'>ac</span> <span class='ocrx_word' id='word_1_478' title='bbox 1280 2056 1365 2091; x_wconf 67' lang='grc' dir='ltr'>ψαηι</span> 
     </span>
     <span class='ocr_line' id='line_1_99' title="bbox 1170 2097 1538 2134; baseline -0.008 -9"><span class='ocrx_word' id='word_1_479' title='bbox 1170 2111 1211 2118; x_wconf 90' lang='lat'>—·</span> <span class='ocrx_word' id='word_1_480' title='bbox 1234 2097 1366 2134; x_wconf 74' lang='lat' dir='ltr'>nequitia:</span> <span class='ocrx_word' id='word_1_481' title='bbox 1380 2109 1403 2133; x_wconf 78' lang='grc' dir='ltr'><strong>χ</strong></span> <span class='ocrx_word' id='word_1_482' title='bbox 1418 2099 1538 2132; x_wconf 74' lang='lat' dir='ltr'>nequitia</span> 
     </span>
     <span class='ocr_line' id='line_1_100' title="bbox 1195 2136 1541 2173; baseline -0.003 -9"><span class='ocrx_word' id='word_1_483' title='bbox 1195 2147 1209 2173; x_wconf 83' lang='lat'>3</span> <span class='ocrx_word' id='word_1_484' title='bbox 1234 2136 1541 2169; x_wconf 54' lang='lat' dir='ltr'>tun1CHsd.41u</span> 
     </span>
     <span class='ocr_line' id='line_1_101' title="bbox 1171 2176 1529 2210; baseline 0 -7"><span class='ocrx_word' id='word_1_485' title='bbox 1171 2191 1211 2198; x_wconf 92' lang='lat'>—</span> <span class='ocrx_word' id='word_1_486' title='bbox 1231 2176 1371 2203; x_wconf 85' lang='lat' dir='ltr'>existimas</span> <span class='ocrx_word' id='word_1_487' title='bbox 1386 2188 1407 2210; x_wconf 78' lang='grc' dir='ltr'><em>χ</em></span> <span class='ocrx_word' id='word_1_488' title='bbox 1419 2178 1529 2203; x_wconf 67' lang='lat' dir='ltr'>exlimas</span> 
     </span>
     <span class='ocr_line' id='line_1_102' title="bbox 1170 2214 1799 2254; baseline 0.006 -12"><span class='ocrx_word' id='word_1_489' title='bbox 1170 2231 1211 2238; x_wconf 90' lang='lat'>—</span> <span class='ocrx_word' id='word_1_490' title='bbox 1231 2214 1471 2254; x_wconf 81' lang='lat' dir='ltr'>conflagraturum</span> <span class='ocrx_word' id='word_1_491' title='bbox 1487 2215 1511 2242; x_wconf 94' lang='lat' dir='ltr'>C</span> <span class='ocrx_word' id='word_1_492' title='bbox 1525 2217 1687 2253; x_wconf 77' lang='lat' dir='ltr'>conflaturum</span> <span class='ocrx_word' id='word_1_493' title='bbox 1707 2230 1728 2253; x_wconf 76' lang='grc' dir='ltr'><em>χ</em></span> <span class='ocrx_word' id='word_1_494' title='bbox 1740 2227 1799 2246; x_wconf 75' lang='lat' dir='ltr'>con-</span> 
     </span>
     <span class='ocr_line' id='line_1_103' title="bbox 1283 2257 1442 2293; baseline -0.006 -10"><span class='ocrx_word' id='word_1_495' title='bbox 1283 2257 1442 2293; x_wconf 81' lang='lat' dir='ltr'>fligaturam</span> 
     </span>
     <span class='ocr_line' id='line_1_104' title="bbox 1195 2294 1698 2333; baseline 0 -10"><span class='ocrx_word' id='word_1_496' title='bbox 1195 2304 1212 2333; x_wconf 93' lang='lat'><strong>9</strong></span> <span class='ocrx_word' id='word_1_497' title='bbox 1233 2303 1262 2323; x_wconf 82' lang='lat' dir='ltr'>et</span> <span class='ocrx_word' id='word_1_498' title='bbox 1277 2296 1448 2333; x_wconf 82' lang='lat' dir='ltr'>superiorum</span> <span class='ocrx_word' id='word_1_499' title='bbox 1465 2294 1489 2322; x_wconf 88' lang='lat' dir='ltr'>C</span> <span class='ocrx_word' id='word_1_500' title='bbox 1503 2295 1528 2329; x_wconf 75' lang='grc' dir='ltr'>ψ</span> <span class='ocrx_word' id='word_1_501' title='bbox 1538 2295 1698 2331; x_wconf 63' lang='lat' dir='ltr'>[aperierunt</span> 
     </span>
     <span class='ocr_line' id='line_1_105' title="bbox 1173 2335 1675 2373; baseline 0.002 -11"><span class='ocrx_word' id='word_1_502' title='bbox 1173 2351 1213 2357; x_wconf 96' lang='lat'>—</span> <span class='ocrx_word' id='word_1_503' title='bbox 1234 2336 1424 2373; x_wconf 77' lang='lat' dir='ltr'>complurium</span> <span class='ocrx_word' id='word_1_504' title='bbox 1439 2347 1461 2370; x_wconf 79' lang='grc' dir='ltr'><strong>χ</strong></span> <span class='ocrx_word' id='word_1_505' title='bbox 1475 2344 1550 2370; x_wconf 81' lang='lat' dir='ltr'>quam</span> <span class='ocrx_word' id='word_1_506' title='bbox 1560 2335 1675 2371; x_wconf 85' lang='lat' dir='ltr'>plurium</span> 
     </span>
     <span class='ocr_line' id='line_1_106' title="bbox 1180 2373 1599 2413; baseline 0 -9"><span class='ocrx_word' id='word_1_507' title='bbox 1180 2383 1214 2404; x_wconf 86' lang='grc' dir='ltr'>ιο</span> <span class='ocrx_word' id='word_1_508' title='bbox 1235 2374 1366 2411; x_wconf 83' lang='lat' dir='ltr'>sanguine</span> <span class='ocrx_word' id='word_1_509' title='bbox 1381 2373 1406 2402; x_wconf 94' lang='lat' dir='ltr'>C</span> <span class='ocrx_word' id='word_1_510' title='bbox 1421 2375 1599 2413; x_wconf 78' lang='lat' dir='ltr'>Ssanguinem</span> 
     </span>
    </p>
   </div>
   <div class='ocr_carea' id='block_1_7' title="bbox 1329 1275 1409 1281">
    <p class='ocr_par' dir='ltr' id='par_1_7' title="bbox 1329 1275 1409 1281">
     <span class='ocr_line' id='line_1_107' title="bbox 1329 1275 1409 1281; baseline 0 0"><span class='ocrx_word' id='word_1_511' title='bbox 1329 1275 1409 1281; x_wconf 95' lang='lat' dir='ltr'> </span> 
     </span>
    </p>
   </div>
  </div>
 </body>
</html>
