2212 2835
522 264 766 320 PRO
884 263 1265 319 DOMO
1384 262 1625 320 SUA

787 484 867 520 An
946 483 1348 520 PoN'r1F1crs

737 680 1142 718 ORATIO
1228 679 1398 717 XXIX.

373 878 406 916 I.
545 879 582 916 U
601 879 651 916 M
682 878 805 916 multa
835 877 1045 923 divinitus,
1079 876 1311 920 Pontifices,
1343 890 1363 914 a
1391 875 1599 928 majoribus
1632 875 1764 913 nostris

554 946 707 983 inventa
727 954 839 997 atque
859 945 1031 982 instituta
1051 943 1150 988 sunt,
1169 952 1255 981 tum
1275 941 1374 981 nihil
1396 943 1626 996 praeclariu3‚
1649 955 1765 994 quam

373 1011 479 1064 quod
500 1024 566 1049 vos
588 1011 740 1050 eosdem
760 1020 797 1049 et
817 1011 1067 1064 religionibus
1089 1011 1263 1048 Deorum
1284 1009 1584 1054 immortalium,
1601 1017 1638 1046 et
1658 1008 1764 1046 sum-

372 1091 446 1116 mae
469 1077 692 1130 reipublicae
711 1106 721 1121 ,
753 1076 901 1129 praeeffe
926 1076 1158 1114 voluerunt:
1191 1085 1234 1113 ut
1260 1074 1483 1128 ampliffimi
1507 1084 1545 1112 et
1570 1073 1765 1112 clariffimi

371 1144 473 1181 cives
494 1143 776 1196 rempublicam
800 1143 896 1180 bene
916 1143 1103 1195 gerendo,
1137 1141 1338 1194 pontifices
1359 1141 1560 1193 religiones
1581 1140 1766 1192 sapienter

370 1209 667 1263 interpretando,
699 1209 983 1261 rempublicam
1003 1208 1280 1247 conservarent.
1304 1207 1422 1262 Qod
1443 1207 1468 1244 s1
1490 1207 1570 1244 ullo
1593 1215 1766 1258 tempore

370 1289 510 1329 magna
535 1276 643 1314 causa
668 1275 709 1313 in
736 1275 974 1314 sacerdotum
1002 1275 1136 1328 populi
1164 1274 1333 1313 Romani
1353 1274 1503 1325 judicio
1523 1286 1564 1310 ac
1586 1272 1767 1325 potestate

370 1342 511 1381 versata
530 1342 609 1388 est;
640 1341 722 1380 haec
743 1341 917 1395 profecto
938 1351 1040 1380 tanta
1060 1341 1112 1379 est
1130 1370 1140 1386 ‚
1173 1350 1216 1379 ut
1236 1341 1364 1378 omnis
1392 1340 1613 1393 reipublicae
1633 1339 1764 1391 digni-

370 1416 441 1453 taS,
472 1409 654 1447 omnium
675 1408 822 1446 civium
844 1408 955 1452 salus,
977 1407 1068 1451 vita,
1090 1407 1261 1451 libertas,
1283 1420 1366 1451 arae,
1389 1405 1482 1450 foci,
1505 1406 1574 1444 Dii
1594 1414 1762 1458 penates,

371 1474 486 1519 bona,
516 1473 695 1518 fortunae‚
726 1473 939 1517 domicilia,
971 1472 1098 1509 vestrae
1118 1472 1323 1523 sapientiae,
1355 1471 1464 1516 fidei,
1495 1471 1762 1524 potestatique,

372 1538 571 1577 commissa
590 1539 811 1590 creditaque
831 1537 902 1575 effe
923 1537 1134 1574 videantur.
1169 1536 1291 1574 Vobis
1318 1535 1505 1575 hodierno
1532 1537 1593 1574 die
1621 1536 1763 1575 consti-

371 1604 563 1643 tuendum
593 1604 670 1650 est,
702 1613 834 1642 utrum
865 1602 1021 1656 posthac
1052 1611 1221 1641 amentes
1253 1616 1295 1640 ac
1326 1602 1493 1655 perditos
1523 1602 1764 1655 magistratus

371 1671 642 1724 improborum
664 1684 706 1708 ac
727 1670 992 1709 sceleratorum
1013 1670 1158 1708 civium
1178 1669 1349 1722 praefidio
1375 1669 1516 1707 nudare
1532 1698 1542 1714 ,
1574 1682 1621 1706 an
1647 1668 1763 1706 etiam

370 1737 548 1775 Deorum
573 1736 857 1774 immortalium
883 1736 1067 1789 religione
1093 1749 1237 1773 armare
1253 1765 1264 1780 ,
1295 1735 1453 1774 malitis.
1485 1735 1592 1773 Nam
1610 1763 1620 1779 ,
1652 1734 1678 1772 fi
1699 1733 1766 1772 illa

370 1804 474 1842 labes
495 1817 537 1842 ac
559 1803 716 1842 flamma
735 1802 954 1856 reipublicae
975 1802 1088 1841 suum
1113 1803 1227 1841 illum
1253 1801 1476 1856 pestiferum
1505 1810 1543 1840 et
1567 1801 1765 1840 funestum

371 1869 630 1914 tribunatum,
661 1882 781 1922 quern
811 1869 990 1921 aequitate
1021 1867 1192 1906 humana
1224 1868 1322 1906 tueri
1353 1881 1430 1906 non
1464 1867 1600 1920 potest,
1635 1866 1765 1904 divina

372 1936 558 1988 religione
579 1934 791 1973 defenderit
803 1954 816 1980 5
847 1935 928 1973 aliae
948 1935 1184 1973 caeremoniae
1203 1934 1316 1973 nobis
1337 1943 1463 1979 erunt,
1495 1934 1559 1972 alii
1580 1933 1763 1972 antistites

373 2002 550 2040 Deorum
571 2001 854 2040 immortalium
868 2030 879 2046 ,
910 2001 975 2040 alii
995 2002 1220 2054 interpretes
1241 2001 1473 2054 religionum
1488 2029 1498 2045 ‚
1531 1999 1761 2052 requirendi.

374 2067 440 2106 Sin
459 2076 588 2105 autem
609 2067 726 2105 vestra
746 2067 967 2105 auctoritate
991 2067 1249 2119 sapientiaque
1265 2096 1276 2111 ‚
1309 2066 1517 2104 Pontifices
1533 2094 1544 2110 ‚
1576 2079 1619 2102 ea
1636 2093 1649 2109 ,
1678 2077 1763 2116 quae

373 2132 501 2171 furore
520 2133 790 2186 improborum
810 2134 849 2170 in
871 2133 1069 2186 republica
1084 2162 1095 2178 ‚
1127 2134 1174 2171 ab
1193 2133 1274 2170 aliis
1295 2131 1463 2184 oppressa
1476 2161 1487 2177 ‚
1519 2132 1565 2168 ab
1585 2130 1667 2167 aliis
1694 2129 1761 2166 de-

374 2199 480 2244 serta,
511 2199 558 2236 ab
578 2199 659 2236 aliis
681 2199 843 2252 prodita,
873 2199 974 2252 gesta
994 2199 1092 2244 sunt,
1124 2198 1415 2242 rescinduntur;
1447 2198 1518 2235 erit
1544 2196 1664 2239 causa,
1695 2207 1763 2232 cur

374 2264 577 2303 confilium
598 2265 803 2316 majorum,
821 2266 860 2302 in
881 2265 1122 2318 amplissimis
1139 2265 1226 2302 viris
1247 2265 1292 2302 ad
1310 2263 1514 2301 sacerdotia
1534 2261 1759 2313 deligendis,

368 2331 456 2383 jure
476 2342 518 2367 ac
539 2329 678 2366 merito
698 2329 848 2368 laudare
868 2329 1066 2383 poffimus.
1099 2330 1169 2367 Sed
1187 2358 1198 2374 ‚
1229 2329 1414 2381 quoniam
1436 2327 1500 2363 illc
1521 2327 1675 2364 demens
1694 2354 1703 2370 ‚
1736 2326 1760 2363 si

458 2397 593 2434 TOM.
626 2394 677 2433 V,
1372 2392 1407 2427 Υ
1438 2405 1461 2432 v
