2212 2835
677 185 818 225 PRO
878 182 987 222 CN.
1046 180 1400 222 PLANCIO.
1664 195 1742 236 453

344 297 411 329 aut
438 288 478 327 in
504 286 710 326 discrimen
735 286 891 339 aliquod
909 313 920 330 ,
952 283 1072 338 poffet
1098 284 1241 322 venire.
1274 284 1346 323 Sed
1368 292 1496 321 tamen
1519 292 1561 322 tu
1582 297 1628 321 an
1652 283 1745 322 Plo»

345 358 460 401 tium,
490 356 619 394 virum
639 353 936 396 ornatiffimum,
972 353 1012 389 in
1035 351 1140 389 idem
1160 351 1308 388 crimen
1330 350 1546 388 vocandum
1561 350 1711 402 judicas
1732 351 1744 386 ?

344 438 392 461 an
412 423 522 467 dicis,
553 435 644 460 eum
666 431 703 458 te
723 419 929 473 arrspuiffe,
958 432 979 456 a
999 431 1078 470 quo
1099 430 1177 455 non
1199 417 1244 455 fis
1266 426 1418 469 rogatus
1442 417 1453 453 ἓ
1487 417 1608 462 Nam,
1641 418 1748 469 quod

345 490 497 542 questus
518 501 570 532 es,
602 488 728 540 plures
750 496 787 524 te
807 485 917 523 testes
936 483 1076 522 habere
1096 483 1142 520 de
1164 482 1352 527 Voltinia,
1384 496 1500 534 quam
1523 493 1618 535 quot
1646 485 1684 521 in
1707 497 1748 520 ea

346 556 450 593 tribu
472 555 613 607 punita
634 552 767 590 tuleris
783 569 796 595 ς
829 550 974 589 indicas
993 578 1009 594 ‚
1035 557 1102 586 aut
1127 561 1190 586 eos
1213 547 1322 586 testes
1345 556 1381 586 te
1402 548 1588 586 adducere
1606 577 1617 593 ‚
1649 550 1749 600 qui,

344 617 436 669 quia
466 626 650 654 nummos
682 612 911 665 acceperint,
942 619 981 650 te
1012 610 1290 664 praeterierint5
1323 619 1402 655 aut,
1435 620 1471 648 te
1502 623 1550 648 ne
1583 611 1750 663 gratuita

344 688 503 740 quidem
524 698 658 724 eorum
680 683 856 737 suffragia
875 682 1016 721 tuliffe.

400 754 558 792 XXIII.
591 751 696 790 Illud
716 764 804 789 vero
825 751 975 789 crimen
995 749 1042 787 de
1063 749 1252 794 nummis,
1285 761 1382 801 quos
1411 748 1452 787 in
1473 749 1577 787 circo
1598 749 1751 787 Flami-

345 822 412 860 nio
432 817 685 873 deprehensos
706 816 778 855 effe
795 816 938 861 dixisti,
970 815 1090 854 caluit
1107 829 1146 853 re
1166 816 1311 854 recenti
1327 834 1341 861 3
1373 829 1476 854 nunc
1498 816 1538 853 in
1560 816 1669 854 causa
1689 829 1751 853 re·-

346 887 457 926 frixit
476 901 485 924 :
518 898 644 938 neque
664 884 792 929 enim,
823 884 893 936 qui
911 882 970 920 illi
991 882 1149 920 nummi
1167 881 1335 927 fuerint,
1366 895 1437 921 nec
1452 911 1463 927 ,
1495 896 1581 935 quae
1603 883 1753 927 tribus,

346 968 432 1000 nee,
460 953 529 1006 qui
549 951 704 996 divisor,
725 950 945 989 ostenderis.
977 951 1109 1002 Atque
1130 950 1161 987 is
1181 949 1343 1002 quidem
1363 950 1522 988 ednotus
1543 950 1589 987 ad
1609 949 1750 988 consu-

346 1022 415 1067 les,
444 1019 513 1073 qui
534 1028 620 1058 tum
641 1019 682 1056 in
703 1019 854 1056 crimen
873 1017 1093 1062 vocabatur,
1115 1016 1151 1054 se
1171 1016 1304 1069 inique
1323 1030 1344 1054 a
1363 1017 1438 1054 tuis
1453 1016 1641 1068 jactatum
1663 1030 1750 1068 gra-

347 1088 446 1127 viter
465 1086 722 1140 querebatur:
755 1085 838 1138 qui,
868 1084 895 1123 fi
917 1092 994 1122 erat
1015 1083 1168 1129 divisor,
1199 1083 1407 1136 praesertim
1435 1084 1530 1136 ejus,
1563 1097 1681 1136 quern
1708 1093 1758 1121 tu-

346 1155 514 1194 habebas
536 1167 659 1198 reum,
676 1166 744 1191 cur
764 1152 828 1190 abs
850 1160 887 1189 te
907 1164 992 1190 reus
1013 1164 1090 1189 non
1111 1150 1163 1188 est
1183 1149 1328 1188 fastus?
1351 1164 1419 1189 cur
1440 1164 1517 1188 non
1539 1151 1619 1202 ejus
1641 1150 1752 1188 dam-

347 1222 503 1260 natione
522 1219 669 1273 aliquid
689 1215 741 1256 ad'
755 1217 831 1256 hoc
847 1217 1045 1271 judicium
1066 1217 1280 1270 praejudicii
1299 1216 1524 1269 comparasti
1544 1216 1555 1251 ?
1589 1217 1658 1254 Sed
1682 1229 1752 1253 ne-

348 1302 425 1341 que
446 1297 489 1326 tu
510 1287 628 1325 habes
648 1285 744 1330 haec,
777 1298 901 1337 neque
921 1284 975 1322 eis
997 1283 1160 1322 confidis
1178 1297 1187 1321 ε
1219 1283 1292 1321 alia
1311 1297 1349 1321 re
1370 1284 1480 1328 ratio,
1512 1282 1583 1320 alia
1602 1283 1752 1335 cogita=

347 1356 418 1400 tio,
436 1354 482 1393 ad
498 1354 604 1408 spem
620 1351 736 1405 hujus
758 1350 1007 1405 opprimendi
1028 1349 1223 1388 excitavit.
1242 1350 1398 1402 Magnae
1419 1350 1506 1388 sunt
1526 1350 1565 1387 in
1585 1360 1620 1387 te
1641 1363 1751 1402 opes:

349 1422 424 1460 late
442 1430 547 1474 patet
567 1419 714 1472 gratia:
747 1418 861 1456 multi
885 1417 1017 1462 amici,
1047 1415 1164 1454 multi
1185 1415 1317 1468 cupidi
1339 1416 1411 1460 tui,
1444 1415 1560 1454 multi
1587 1415 1753 1453 fautores

349 1488 474 1527 laudis
495 1497 568 1526 tuae
587 1501 596 1525 :
628 1485 745 1525 multi
766 1484 860 1522 huic
880 1483 1055 1521 invident
1074 1496 1083 1520 :
1116 1482 1252 1520 multis
1275 1482 1390 1520 etiam
1412 1494 1518 1535 pater
1534 1512 1546 1527 ‚
1577 1484 1753 1535 optimus

350 1556 422 1600 vir,
453 1554 625 1592 nimium
645 1552 811 1590 retinens
837 1549 1020 1603 equestris
1035 1549 1134 1601 juris
1161 1558 1199 1587 et
1216 1547 1404 1587 libertatis
1425 1549 1602 1588 videtur:
1636 1549 1756 1588 multi

349 1623 467 1661 etiarn
487 1632 719 1660 communes
738 1617 891 1657 inimici
912 1630 1064 1656 reorum
1085 1616 1266 1654 omnium
1286 1631 1294 1654 :
1318 1616 1387 1669 qui
1407 1617 1460 1654 ita
1480 1616 1628 1670 semper
1648 1616 1755 1654 testi-

351 1689 532 1729 monium
553 1687 600 1725 de
621 1686 771 1725 ambitu
792 1685 929 1724 dicunt
946 1714 956 1729 ‚
988 1683 1092 1737 quasi
1121 1692 1186 1721 aut
1207 1692 1387 1721 moveant
1407 1684 1556 1722 animos
1571 1682 1756 1735 judicum

352 1756 426 1795 fuis
448 1754 692 1798 testimoniis,
724 1762 789 1791 aut
809 1762 963 1805 gratum
984 1749 1131 1804 populo
1152 1751 1334 1789 Romano
1354 1750 1412 1795 fit,
1438 1759 1502 1788 aut
1523 1750 1569 1788 ab
1590 1763 1636 1788 eo
1656 1748 1755 1788 faci-

352 1822 427 1861 lius
448 1821 499 1860 ob
519 1834 607 1860 eam
626 1819 777 1858 causam
799 1819 1044 1871 dignitatern,
1075 1830 1193 1869 quam
1213 1816 1364 1861 volunt,
1395 1816 1691 1868 consequantur.

410 1887 658 1939 Qibuscum
680 1899 759 1930 me,
789 1885 958 1936 Judices,
991 1893 1231 1936 pugnantem
1251 1896 1340 1921 meo
1361 1896 1468 1921 more
1491 1882 1650 1935 pristino
1678 1895 1756 1919 non

354 1954 534 1992 videbitis
555 1967 563 1990 :
596 1965 676 1990 non
696 1965 775 2004 quo
796 1950 896 1989 mihi
918 1950 972 1988 fas
994 1950 1039 1988 fit
1059 1950 1275 2002 quidquam
1298 1948 1501 2002 defugere,
1533 1948 1637 2001 quod
1657 1947 1757 1986 salus-

356 2020 504 2059 Plancii
525 2018 692 2072 postulet
712 2033 720 2056 :
754 2017 816 2055 sed
837 2017 927 2069 quia
947 2030 1071 2070 neque
1093 2015 1237 2054 neceffe
1257 2016 1322 2061 est,
1349 2030 1413 2055 me
1433 2016 1471 2054 id
1492 2015 1666 2068 persequi
1687 2028 1757 2052 vo-

354 2101 422 2131 ce,
454 2086 562 2138 quod
587 2098 651 2123 vos
680 2093 810 2123 mente
837 2084 1024 2130 videatis;
1058 2093 1095 2122 et
1123 2083 1227 2137 quod
1255 2084 1308 2121 ita
1339 2084 1385 2121 de
1414 2096 1477 2122 me
1508 2082 1637 2120 meriti
1670 2081 1756 2118 sunt

357 2152 416 2190 illi
443 2152 527 2204 ipfi,
559 2163 656 2203 quos
683 2164 755 2203 ego
782 2149 890 2196 testes
918 2150 1028 2187 video
1059 2158 1222 2202 paratos,
1256 2158 1299 2187 ut
1329 2162 1465 2187 eorum
1493 2146 1754 2201 reprehensio-

357 2232 446 2256 nem
478 2231 544 2256 vos
578 2216 703 2255 vestrae
736 2216 950 2269 prudentiae
977 2215 1173 2260 affumere,
1206 2228 1299 2253 meae
1325 2214 1519 2253 modestiae
1546 2213 1754 2256 remittere,

357 2285 539 2323 debeatis.
559 2284 662 2322 Illud
684 2297 806 2321 unum
828 2296 894 2323 vos
917 2296 1147 2335 magnopere
1168 2295 1235 2320 oro
1255 2290 1370 2334 atque
1391 2280 1559 2323 obsecro,
1582 2279 1754 2329 Judices,

358 2365 450 2389 (um
478 2350 607 2402 hujus,
640 2363 757 2401 quem
783 2348 962 2394 defendo,
994 2359 1079 2386 tum
1111 2348 1332 2386 communis
1364 2345 1526 2398 periculi
1557 2343 1678 2388 causa,
1710 2357 1758 2381 ne

359 2419 455 2456 fictis
478 2416 755 2459 auditionibus,
788 2428 834 2452 ne
855 2414 1094 2453 disseminato
1114 2413 1356 2466 dispersoque
1377 2411 1554 2456 sermoni,
1584 2409 1756 2449 fortunas

359 2484 625 2523 innocentium
648 2481 899 2534 subjiciendas
921 2481 1079 2534 putetis„
