2212 2835
647 157 738 196 DE
797 156 990 195 LEGE
1048 156 1405 196 AGRARIA.
1667 172 1741 211 109

345 256 529 296 omnibus
561 256 614 295 est
645 257 814 296 difficilis
845 266 883 295 et
916 270 1055 310 magna
1085 257 1194 302 ratio,
1225 266 1312 296 tur-n
1343 270 1431 296 vero
1462 257 1576 303 mihi,
1606 268 1744 311 praeter

346 332 527 361 caeteros:
558 323 624 361 cui
650 332 771 362 errato
798 323 903 361 nulla
930 323 1053 368 venia,
1085 324 1184 361 reste
1208 321 1310 361 facto
1336 324 1474 376 exigua
1500 324 1596 369 laus,
1627 333 1666 362 et
1693 326 1741 364 ab

345 388 478 427 invitis
497 388 676 441 expressa,
698 389 928 440 proponitur
939 405 951 432 ς
977 401 1055 426 non
1075 387 1270 425 dubitanti
1291 388 1403 426 fidele
1423 389 1640 436 confilium,
1663 404 1743 429 non

346 453 534 492 laboranti
553 463 704 491 certum
724 452 947 498 subsidium,
981 452 1194 491 nobilitatis
1214 452 1440 492 ostenditur.

403 521 477 558 III.
509 519 627 570 Qod
658 519 684 557 fi
715 519 815 557 solus
842 519 883 557 in
914 519 1120 558 discrimen
1146 519 1306 572 aliquod
1331 520 1550 565 adducerer,
1582 521 1737 567 ferrem,

346 585 533 636 Qirstes,
563 585 695 624 animo
722 586 889 638 aequiore
904 603 915 630 3
948 585 1012 623 sed
1036 583 1137 623 mihi
1163 585 1342 624 videntur
1366 587 1461 624 certi
1486 585 1680 633 homines,
1713 589 1738 627 fi

344 664 420 703 qua
437 651 479 689 in
500 665 538 689 re
556 665 620 690 me
639 665 721 690 non
736 651 856 690 modo
874 651 1049 697 confilio,
1080 665 1214 690 verum
1233 652 1351 690 etiam
1372 652 1472 698 casu,
1499 653 1648 706 lapsum
1669 654 1741 693 effe

343 717 643 763 arbitrabuntur,
678 732 746 757 vos
785 718 992 764 universos,
1032 718 1102 771 qui
1140 731 1204 756 me
1237 718 1490 758 antetuleritis
1525 719 1737 765 nobilitati,

343 784 608 838 vituperaturi.
639 784 750 823 Mihi
779 794 924 831 autem,
956 786 1146 837 Qirstes,
1177 786 1309 824 omnia
1338 786 1467 839 potius
1493 787 1740 840 perpetienda

343 851 414 889 effe
433 851 546 897 duco,
577 865 696 904 quam
715 866 795 890 non
815 852 868 890 ita
887 852 1099 905 gerendum
1119 852 1391 898 Consulatum,
1423 863 1465 891 ut
1491 854 1532 891 in
1555 854 1738 892 omnibus

345 918 441 955 meis
467 917 576 956 factis
604 927 718 971 atque
745 918 911 956 confiliis
939 919 1104 956 vestrum
1132 918 1179 956 de
1205 932 1268 956 me
1289 918 1435 957 facium
1456 920 1739 973 confiliumque

344 983 533 1022 laudetur.
564 985 729 1022 Accedit
748 987 865 1022 etiam
887 985 953 1022 ille
974 983 1074 1022 mihi
1095 984 1270 1023 summus
1301 985 1409 1024 labor
1438 1000 1481 1024 ac
1505 987 1738 1025 difficillima

343 1050 439 1088 ratio
471 1050 690 1089 consulatus
727 1051 898 1103 gerendi,
934 1050 1040 1103 quod
1073 1064 1151 1089 non
1184 1051 1331 1096 eadem,
1371 1065 1448 1104 qua
1480 1053 1736 1106 superioribus

343 1117 591 1162 Consulibus,
614 1117 696 1169 lege
714 1125 752 1154 et
772 1117 994 1154 conditione
1010 1117 1199 1155 utendum
1216 1116 1286 1155 effe
1306 1118 1455 1157 decrevi
1462 1137 1474 1164 3
1498 1120 1567 1172 qui
1585 1119 1736 1158 aditum

342 1181 459 1235 hujus
479 1183 555 1221 loci
573 1182 899 1235 conspectumque
918 1182 1083 1221 vestrum
1107 1183 1251 1235 partim
1279 1196 1510 1237 magnopere
1535 1184 1735 1239 fugerunt,

340 1249 481 1301 partim
503 1262 581 1286 non
601 1248 849 1287 vehementer
867 1249 986 1288 secuti
1006 1248 1106 1288 sunt.
1139 1250 1226 1302 Ego
1252 1258 1383 1288 autem
1410 1264 1488 1288 non
1515 1251 1639 1290 solum
1660 1251 1736 1290 hoc

340 1315 381 1353 in
402 1314 489 1354 loco
509 1316 650 1361 dicam,
683 1315 751 1354 ubi
770 1316 823 1354 est
843 1316 882 1354 id
902 1316 1007 1354 dictu
1030 1314 1293 1362 facillimum3
1325 1316 1386 1355 sed
1413 1317 1455 1355 in
1483 1317 1565 1370 ipso
1591 1318 1736 1364 senatu,

339 1380 387 1419 in·
401 1394 482 1434 quo
498 1381 570 1420 esse
589 1382 697 1420 locus
717 1381 811 1421 huic
831 1382 916 1421 voci
937 1396 1014 1421 non
1042 1382 1257 1429 videbatur,
1288 1383 1514 1437 popularem
1541 1397 1604 1422 me
1623 1383 1734 1423 futu-

340 1461 427 1487 rum
447 1448 519 1486 effe
547 1449 772 1495 Consulem,
802 1450 929 1503 prima
954 1463 1039 1488 mea
1064 1449 1132 1488 illa
1157 1450 1328 1489 oratione
1354 1450 1537 1490 KalendiS
1564 1452 1735 1502 Januarii

340 1514 435 1553 dixi.
468 1515 611 1568 Neque
641 1516 748 1554 enim
782 1516 863 1554 ullo
883 1516 1003 1554 modo
1029 1515 1152 1554 facere
1178 1516 1343 1569 poffum,
1376 1526 1432 1562 ut,
1463 1531 1555 1556 cum
1582 1532 1645 1556 me
1670 1519 1734 1555 in-

340 1580 529 1633 telligam,
560 1595 637 1619 non
671 1580 881 1620 hominum
916 1582 1137 1634 potentium
1171 1582 1310 1628 studio,
1341 1596 1419 1621 non
1453 1583 1734 1623 excellentibus

338 1647 470 1698 gratiis
486 1661 713 1700 paucorum,
734 1648 796 1686 sed
815 1648 975 1686 univerfi
991 1648 1127 1702 populi
1148 1649 1318 1686 Romani
1332 1649 1498 1701 judicio,
1520 1651 1733 1688 Consulem

339 1713 394 1750 ita
410 1711 570 1758 fac'tum,
603 1723 645 1751 ut
665 1714 908 1752 nobiliffimis
929 1713 1156 1752 hominibus
1178 1715 1292 1767 longe
1312 1729 1563 1768 praeponerer,
1594 1730 1671 1754 non
1696 1726 1733 1755 et

337 1779 380 1816 in
399 1777 474 1816 hoc
495 1778 730 1832 magistratu,
752 1787 789 1816 et
809 1779 850 1817 in
870 1780 980 1817 omni
999 1780 1089 1825 vita,
1111 1779 1222 1818 effem
1243 1780 1451 1833 popularis,
1475 1781 1546 1819 Sed
1567 1780 1667 1819 mihi
1687 1782 1734 1820 ad

338 1843 497 1898 hujusce
532 1846 638 1884 verbi
670 1847 766 1891 vim,
800 1854 838 1884 et
871 1846 1239 1899 interpretationem,
1276 1846 1524 1886 vehementer
1554 1861 1651 1900 opus
1682 1848 1734 1887 est

338 1911 454 1949 vestra
474 1911 680 1965 sapientia:
712 1911 877 1950 versatur
896 1914 1002 1951 enim
1023 1927 1186 1965 magnus
1212 1927 1328 1958 error,
1359 1923 1516 1967 propter
1542 1913 1732 1954 infidiosas

337 1978 616 2016 nonnullorum
643 1978 931 2024 fimulationes;
964 1980 1046 2032 qui,
1078 1993 1170 2017 cum
1195 1980 1331 2033 populi
1363 1994 1440 2018 non
1469 1980 1592 2018 solu-m
1620 1994 1730 2019 com-

337 2044 466 2089 moda,
497 2058 631 2083 verum
651 2038 767 2083 etiam
788 2045 963 2090 salutem,
995 2055 1222 2099 oppugnant
1241 2055 1278 2084 et
1298 2047 1532 2100 impediunt,-
1564 2048 1733 2086 oratione

338 2109 477 2162 assequi
499 2111 647 2155 volunt,
673 2120 716 2149 ut
735 2112 937 2164 populares
957 2111 1028 2149 effe
1049 2113 1262 2150 videantur.
1602 2163 1605 2166 Ι

399 2176 510 2227 Ego,
549 2176 704 2228 qualem
738 2177 922 2215 Kalendis
961 2178 1132 2228 Januarii
1165 2179 1380 2231 acceperim
1416 2178 1728 2230 rempublicam,

339 2241 527 2293 Qirite5‚
558 2242 758 2295 intellig0;
790 2243 943 2296 plenam
979 2244 1269 2289 sollicitudinis,
1296 2244 1451 2296 plenam
1484 2245 1656 2281 timoris:
1691 2243 1729 2279 in

339 2321 416 2360 qua
446 2306 545 2345 nihil
576 2317 653 2346 erat
679 2308 786 2354 mali,
818 2308 919 2347 nihil
949 2310 1103 2355 adverfi,
1134 2310 1237 2362 quod
1269 2324 1346 2348 non
1379 2311 1471 2348 boni
1501 2317 1728 2352 metuerent,

339 2373 508 2426 improbi
528 2375 782 2425 expectarent.
804 2376 951 2413 Omnia
967 2376 1188 2415 turbulenta
1208 2376 1362 2414 consilia
1382 2385 1512 2414 contra
1529 2374 1633 2411 hunc
1649 2375 1727 2412 *rei-

337 2431 504 2494 publicae
524 2439 678 2485 statum,
708 2448 746 2477 et
766 2450 898 2479 contra
920 2442 1086 2481 vestrum
1106 2443 1246 2487 otium,
1277 2442 1417 2495 partim
1438 2441 1541 2484 iniri,
1572 2441 1727 2492 partim,
