2212 2835
627 160 716 199 DE
776 159 970 199 LEGE
1030 160 1388 200 AGRARIA.
1655 177 1730 217 117

324 258 524 296 neminem
558 256 699 310 injuffu
730 256 879 309 populi,
911 265 978 294 aut
1002 256 1141 309 plebis,
1174 256 1275 309 posse
1306 257 1459 304 habere,
1497 260 1653 299 curiatis
1686 274 1728 298 ea

325 324 510 369 comitiis,
542 337 627 376 quae
647 337 713 362 vos
734 337 812 361 non
832 323 967 367 finitis,
998 322 1270 368 confirniavit3
1303 325 1468 370 tributa,
1500 340 1585 379 quae
1611 328 1728 365 vestra

324 399 444 436 erant,
475 390 637 429 sustulit.
669 390 741 434 Ita,
766 403 859 427 cum
881 390 1043 441 majores
1066 389 1167 427 binis
1188 390 1360 428 comitiis
1381 392 1573 432 voluerint
1594 407 1659 433 vos
1680 394 1728 433 de

324 457 483 510 singulis
513 455 795 508 magistratibus
816 455 1017 508 judicare,
1049 453 1116 493 hic
1147 454 1270 493 homo
1301 458 1496 510 popularis
1529 474 1576 498 ne
1607 475 1726 499 unam

323 523 482 576 quidem
503 522 649 575 populo
668 522 920 560 comitiorum
942 521 1168 574 potestatem
1190 522 1362 575 reliquit.

378 589 450 627 Sed
485 589 610 628 videte
644 588 817 627 hominis
851 589 1107 641 religionem,
1139 598 1176 627 et
1211 589 1470 643 diligentiam.
1509 593 1649 639 Vidit,
1686 605 1724 632 et

320 655 526 708 perspexit,
558 655 636 693 fine
667 655 812 693 curiata
840 655 923 707 lege
954 655 1192 693 decemviros
1224 655 1364 695 habere
1390 658 1618 710 potestatem
1646 675 1725 698 non

321 721 438 776 poffe,
467 723 652 775 quoniam
681 736 749 775 per
774 736 916 761 novem
942 723 1065 761 tribus
1092 722 1209 761 effent
1235 724 1448 763 constituti.
1480 727 1600 777 Jubet
1626 727 1724 766 ferre

321 789 367 828 de
386 788 448 828 his
467 789 595 842 legem
615 789 821 828 curiatam:
845 789 1004 827 Praetori
1023 790 1202 843 imperat.
1227 791 1359 843 Qam
1381 792 1420 830 id
1441 792 1568 845 ipsum
1589 794 1722 832 absur-

322 855 383 901 de,
406 854 505 894 nihil
526 856 572 894 ad
593 869 656 894 me
672 856 822 894 attinet.
845 856 964 907 Jubet
980 857 1101 902 enim,
1123 858 1188 910 qui
1196 858 1340 910 primus
1344 859 1401 910 stt
1417 860 1721 913 Praetorfteius,

321 937 398 962 eum
416 923 524 975 legem
543 923 723 962 curiatam
728 923 840 976 ferre
855 939 868 961 .·
884 924 948 975 fin
968 923 1114 977 isferre
1133 939 1200 962 non
1214 924 1336 977 poſjit3
1369 927 1434 979 qui
1443 927 1721 981 postremzcsstt:

322 998 366 1026 ut
390 998 454 1026 aut
474 989 596 1027 lufiffe
621 989 662 1026 in
684 990 797 1026 tantis
819 990 948 1034 rebus,
979 998 1045 1027 aut
1070 989 1242 1042 prospero
1261 991 1388 1029 nescio
1409 993 1503 1045 quid
1531 994 1719 1046 spectasse,

320 1055 505 1094 videatur.
539 1057 687 1093 Verum
707 1054 798 1100 hoc,
820 1056 927 1107 quod
946 1056 999 1093 est
1019 1066 1084 1094 aut
1102 1057 1155 1094 ita
1174 1057 1407 1109 perversum,
1430 1068 1473 1096 ut
1494 1060 1719 1106 ridiculum,

320 1131 386 1160 aut
410 1123 462 1161 ita
488 1121 739 1166 malitiosum,
774 1131 814 1160 ut
840 1121 1048 1160 obscurum
1074 1123 1133 1167 fit,
1165 1123 1457 1175 relinquamus:
1490 1126 1536 1164 ad
1562 1127 1718 1180 religio*-

319 1202 410 1227 nem
428 1188 601 1227 hominis
628 1198 876 1226 revertamur.
910 1188 1028 1226 Videt
1055 1188 1132 1227 fine
1159 1189 1242 1242 lege
1270 1191 1414 1229 curiata
1439 1190 1539 1230 nihil
1567 1194 1627 1246 agi
1654 1208 1721 1247 per

318 1255 554 1293 decemviros
578 1255 694 1308 poffe.

372 1322 481 1373 Qid
500 1321 641 1375 postea,
672 1322 699 1360 fi
731 1335 772 1359 ea
802 1322 877 1360 lata
903 1336 981 1361 non
1009 1323 1111 1361 erit?
1144 1324 1348 1362 Attendite
1375 1324 1594 1377 ingenium.
1627 1324 1719 1367 ‘Tum

316 1388 346 1426 z‘i
360 1388 563 1433 decemviri,
595 1389 739 1441 inquit,
770 1388 880 1427 eodem
893 1389 984 1441 jure
995 1390 1092 1441 stnt,
1124 1404 1190 1443 quo
1218 1391 1282 1443 qui
1304 1391 1437 1443 optima
1465 1392 1551 1444 lege.
1584 1393 1622 1431 Si
1643 1392 1719 1432 hoc

316 1452 398 1491 fieri
418 1454 553 1507 potest,
585 1463 629 1492 ut
654 1455 696 1492 in
723 1453 795 1492 hac
819 1455 988 1500 civitate,
1020 1469 1104 1507 quae
1124 1455 1239 1508 longe
1254 1457 1343 1508 jure
1364 1456 1551 1495 libertatis
1571 1460 1717 1498 caeteris

316 1519 539 1561 civitatibus
570 1520 781 1565 antecellit,
813 1520 1017 1572 quisquam
1049 1521 1168 1558 nullis
1201 1522 1373 1560 comitiis
1403 1523 1617 1575 imperium
1653 1535 1732 1564 aut>

316 1585 543 1638 potestatem
563 1585 704 1638 affequi
724 1585 836 1639 poffit
848 1605 860 1632 3
892 1586 987 1638 quid
1008 1586 1144 1624 attinet
1165 1589 1276 1626 tertio
1296 1589 1421 1641 capite
1441 1589 1568 1642 legem
1589 1592 1716 1630 curia-

316 1661 396 1689 tam
416 1650 512 1689 ferre
526 1652 677 1703 jubere,
709 1653 896 1704 quoniam
916 1663 1053 1705 quarto
1072 1655 1286 1706 permittas,
1311 1664 1355 1693 ut
1374 1655 1451 1693 fine
1470 1655 1554 1708 lege
1573 1659 1733 1697 curiata-

315 1718 419 1756 idem
432 1718 530 1769 juris
548 1717 725 1763 habeant,
747 1719 852 1770 quod
868 1717 1066 1765 haberent,
1084 1719 1111 1757 fi
1130 1721 1280 1773 optima
1296 1721 1379 1774 lege
1396 1735 1415 1759 a
1435 1722 1582 1775 populo
1597 1724 1715 1763 effent

315 1784 453 1822 creati?
485 1785 612 1836 Reges
632 1784 931 1831 constituuntur,
963 1800 1042 1824 non
1062 1786 1286 1833 decemviri,
1310 1789 1508 1840 Qirites:
1541 1789 1647 1842 iique
1667 1791 1715 1830 ab

312 1847 375 1888 his
396 1850 518 1888 initiis
538 1849 876 1904 fundamentisque
897 1852 1118 1898 nascuntur,
1150 1863 1206 1898 ut,
1239 1868 1317 1892 non
1338 1854 1456 1892 modo
1476 1869 1567 1894 cum
1585 1870 1716 1908 gerere

312 1917 514 1969 coeperint,
546 1917 607 1955 sed
627 1917 744 1956 etiam
769 1931 862 1956 cum
883 1919 1176 1965 constituentur,
1208 1933 1325 1959 omne
1348 1921 1513 1960 vestrum
1528 1923 1607 1975 jus,
1639 1938 1713 1977 po-

314 1983 437 2028 testas,
468 1984 698 2036 libertasque
719 1985 889 2024 tollatur.

367 2049 462 2088 XII.
495 2051 549 2088 At
580 2051 719 2096 videte,
751 2065 868 2104 quam
891 2052 1095 2105 diligenter
1123 2053 1362 2106 retineatjus
1395 2055 1607 2094 tribunitiae
1640 2071 1712 2108 po-

314 2114 467 2154 testatis.
502 2117 737 2156 Consulibus
758 2118 885 2170 legem
907 2119 1093 2157 curiatam
1113 2119 1341 2165 ferentibus,
1364 2134 1384 2158 a
1401 2121 1566 2160 tribunis
1587 2123 1711 2174 plebis

314 2181 407 2233 saepe
428 2182 480 2219 est
499 2183 758 2222 interceffum.
791 2185 933 2237 Neque
960 2194 1088 2224 tamen
1116 2200 1186 2224 nos
1214 2187 1253 2224 id
1273 2187 1487 2238 querimur,
1519 2188 1590 2226 effe
1610 2187 1709 2226 hanc

312 2246 560 2285 tribunorum
581 2249 704 2300 plebis
725 2250 973 2302 potestatem:
998 2252 1284 2297 tantummodo,
1309 2252 1333 2289 si
1355 2253 1442 2304 quis
1464 2267 1505 2290 ea
1526 2254 1709 2306 potestate

309 2322 454 2350 temere
473 2313 524 2351 est
545 2314 645 2359 usus,
676 2316 954 2355 existimamus.
988 2319 1070 2356 Hic
1093 2319 1270 2356 tribunus
1292 2319 1416 2370 plebis
1438 2319 1520 2370 lege
1546 2319 1702 2363 curiata,

312 2392 431 2431 quam
453 2380 596 2418 Praetor
615 2379 723 2425 ferat,
755 2382 893 2420 adimit
918 2384 1180 2423 intercedendi
1209 2385 1447 2436 potestatem.
1481 2386 1611 2436 Atque
1631 2383 1708 2422 hoc

317 2457 410 2482 cum
446 2445 486 2483 in
522 2459 567 2484 eo
598 2445 956 2498 reprehendendum
990 2449 1066 2493 est,
1104 2450 1209 2501 quod
1243 2463 1311 2502 per
1343 2450 1544 2487 tribunum
1582 2450 1706 2503 plebis
