<?xml version="1.0" encoding="UTF-8"?>
<!DOCTYPE html PUBLIC "-//W3C//DTD XHTML 1.0 Transitional//EN"
    "http://www.w3.org/TR/xhtml1/DTD/xhtml1-transitional.dtd">
<html xmlns="http://www.w3.org/1999/xhtml" xml:lang="en" lang="en">
 <head>
  <title>
</title>
<meta http-equiv="Content-Type" content="text/html;charset=utf-8" />
  <meta name='ocr-system' content='tesseract 3.04.00' />
  <meta name='ocr-capabilities' content='ocr_page ocr_carea ocr_par ocr_line ocrx_word'/>
</head>
<body>
  <div class='ocr_page' id='page_1' title='image "./operacumindicibu05ciceuoft_0039.png"; bbox 0 0 2212 2835; ppageno 0'>
   <div class='ocr_carea' id='block_1_1' title="bbox 656 228 1715 286">
    <p class='ocr_par' dir='ltr' id='par_1_1' title="bbox 656 228 1715 286">
     <span class='ocr_line' id='line_1_1' title="bbox 656 228 1715 286; baseline 0.005 -19"><span class='ocrx_word' id='word_1_1' title='bbox 656 228 792 267; x_wconf 87' lang='lat' dir='ltr'>PRO</span> <span class='ocrx_word' id='word_1_2' title='bbox 852 229 903 268; x_wconf 84' lang='lat' dir='ltr'>A.</span> <span class='ocrx_word' id='word_1_3' title='bbox 964 229 1375 269; x_wconf 85' lang='lat' dir='ltr'><strong>CLUENTIO.</strong></span> <span class='ocrx_word' id='word_1_4' title='bbox 1671 247 1715 286; x_wconf 81' lang='lat'>31</span> 
     </span>
    </p>
   </div>
   <div class='ocr_carea' id='block_1_2' title="bbox 321 331 1724 583">
    <p class='ocr_par' dir='ltr' id='par_1_2' title="bbox 321 331 1724 583">
     <span class='ocr_line' id='line_1_2' title="bbox 324 331 1724 384; baseline 0.003 -15"><span class='ocrx_word' id='word_1_5' title='bbox 324 331 527 376; x_wconf 71' lang='lat' dir='ltr'>accusatio,</span> <span class='ocrx_word' id='word_1_6' title='bbox 560 331 688 369; x_wconf 85' lang='lat' dir='ltr'>omnis</span> <span class='ocrx_word' id='word_1_7' title='bbox 708 331 861 369; x_wconf 89' lang='lat' dir='ltr'>testium</span> <span class='ocrx_word' id='word_1_8' title='bbox 893 332 1016 383; x_wconf 84' lang='lat' dir='ltr'>copia,</span> <span class='ocrx_word' id='word_1_9' title='bbox 1051 345 1135 384; x_wconf 82' lang='lat' dir='ltr'>quae</span> <span class='ocrx_word' id='word_1_10' title='bbox 1156 331 1287 370; x_wconf 87' lang='lat' dir='ltr'>futura</span> <span class='ocrx_word' id='word_1_11' title='bbox 1319 332 1386 378; x_wconf 90' lang='lat' dir='ltr'>est,</span> <span class='ocrx_word' id='word_1_12' title='bbox 1419 346 1439 371; x_wconf 87' lang='lat' dir='ltr'>a</span> <span class='ocrx_word' id='word_1_13' title='bbox 1470 342 1590 372; x_wconf 84' lang='lat' dir='ltr'>matre</span> <span class='ocrx_word' id='word_1_14' title='bbox 1609 334 1724 373; x_wconf 87' lang='lat' dir='ltr'>initio</span> 
     </span>
     <span class='ocr_line' id='line_1_3' title="bbox 322 396 1722 454; baseline 0.003 -18"><span class='ocrx_word' id='word_1_15' title='bbox 322 399 376 436; x_wconf 87' lang='lat' dir='ltr'>est</span> <span class='ocrx_word' id='word_1_16' title='bbox 396 399 587 442; x_wconf 87' lang='lat' dir='ltr'>adornata,</span> <span class='ocrx_word' id='word_1_17' title='bbox 605 411 624 435; x_wconf 87' lang='lat' dir='ltr'>a</span> <span class='ocrx_word' id='word_1_18' title='bbox 645 407 766 435; x_wconf 86' lang='lat' dir='ltr'>matre</span> <span class='ocrx_word' id='word_1_19' title='bbox 785 396 860 435; x_wconf 94' lang='lat' dir='ltr'>hoc</span> <span class='ocrx_word' id='word_1_20' title='bbox 881 406 1054 450; x_wconf 90' lang='lat' dir='ltr'>tempore</span> <span class='ocrx_word' id='word_1_21' title='bbox 1075 398 1288 444; x_wconf 86' lang='lat' dir='ltr'>instruitur,</span> <span class='ocrx_word' id='word_1_22' title='bbox 1307 409 1420 452; x_wconf 88' lang='lat' dir='ltr'>atque</span> <span class='ocrx_word' id='word_1_23' title='bbox 1440 402 1623 439; x_wconf 85' lang='lat' dir='ltr'>omnibus</span> <span class='ocrx_word' id='word_1_24' title='bbox 1641 404 1722 454; x_wconf 80' lang='lat' dir='ltr'>ejus</span> 
     </span>
     <span class='ocr_line' id='line_1_4' title="bbox 323 463 1721 521; baseline 0.003 -18"><span class='ocrx_word' id='word_1_25' title='bbox 323 466 461 518; x_wconf 86' lang='lat' dir='ltr'>opibus</span> <span class='ocrx_word' id='word_1_26' title='bbox 481 473 519 502; x_wconf 89' lang='lat' dir='ltr'>et</span> <span class='ocrx_word' id='word_1_27' title='bbox 538 464 659 517; x_wconf 86' lang='lat' dir='ltr'>copiis</span> <span class='ocrx_word' id='word_1_28' title='bbox 680 473 925 516; x_wconf 88' lang='lat' dir='ltr'>comparatur</span> <span class='ocrx_word' id='word_1_29' title='bbox 943 479 951 502; x_wconf 76' lang='grc' dir='ltr'><strong><em>ι</em></strong></span> <span class='ocrx_word' id='word_1_30' title='bbox 984 463 1063 516; x_wconf 91' lang='lat' dir='ltr'>ipsa</span> <span class='ocrx_word' id='word_1_31' title='bbox 1082 464 1249 517; x_wconf 88' lang='lat' dir='ltr'>denique</span> <span class='ocrx_word' id='word_1_32' title='bbox 1269 479 1391 518; x_wconf 84' lang='lat' dir='ltr'><strong>nuper</strong></span> <span class='ocrx_word' id='word_1_33' title='bbox 1413 467 1568 513; x_wconf 86' lang='lat' dir='ltr'>Larino,</span> <span class='ocrx_word' id='word_1_34' title='bbox 1602 467 1721 521; x_wconf 86' lang='lat' dir='ltr'>hujus</span> 
     </span>
     <span class='ocr_line' id='line_1_5' title="bbox 321 530 1719 583; baseline 0.004 -15"><span class='ocrx_word' id='word_1_35' title='bbox 321 530 567 583; x_wconf 89' lang='lat' dir='ltr'>opprimendi</span> <span class='ocrx_word' id='word_1_36' title='bbox 588 530 708 575; x_wconf 87' lang='lat' dir='ltr'>causa,</span> <span class='ocrx_word' id='word_1_37' title='bbox 745 531 916 569; x_wconf 82' lang='lat' dir='ltr'>Romam</span> <span class='ocrx_word' id='word_1_38' title='bbox 937 530 1142 570; x_wconf 89' lang='lat' dir='ltr'>advolavit.</span> <span class='ocrx_word' id='word_1_39' title='bbox 1180 532 1318 569; x_wconf 88' lang='lat' dir='ltr'>Praesto</span> <span class='ocrx_word' id='word_1_40' title='bbox 1338 532 1390 570; x_wconf 87' lang='lat' dir='ltr'>est</span> <span class='ocrx_word' id='word_1_41' title='bbox 1413 533 1553 571; x_wconf 87' lang='lat' dir='ltr'>mulier</span> <span class='ocrx_word' id='word_1_42' title='bbox 1584 535 1719 580; x_wconf 77' lang='lat' dir='ltr'>audax,</span> 
     </span>
    </p>
   </div>
   <div class='ocr_carea' id='block_1_3' title="bbox 320 596 1721 714">
    <p class='ocr_par' dir='ltr' id='par_1_3' title="bbox 320 596 1721 714">
     <span class='ocr_line' id='line_1_6' title="bbox 320 596 1721 652; baseline 0.004 -18"><span class='ocrx_word' id='word_1_43' title='bbox 320 597 537 649; x_wconf 88' lang='lat' dir='ltr'>pecuniosa,</span> <span class='ocrx_word' id='word_1_44' title='bbox 555 597 720 635; x_wconf 81' lang='lat' dir='ltr'>crudelis</span> <span class='ocrx_word' id='word_1_45' title='bbox 738 612 746 636; x_wconf 92' lang='lat'><strong>:</strong></span> <span class='ocrx_word' id='word_1_46' title='bbox 766 597 931 635; x_wconf 88' lang='lat' dir='ltr'>instituit</span> <span class='ocrx_word' id='word_1_47' title='bbox 951 596 1198 643; x_wconf 82' lang='lat' dir='ltr'>accusatores,</span> <span class='ocrx_word' id='word_1_48' title='bbox 1217 598 1370 636; x_wconf 88' lang='lat' dir='ltr'>instruit</span> <span class='ocrx_word' id='word_1_49' title='bbox 1392 599 1523 637; x_wconf 87' lang='lat' dir='ltr'>testes:</span> <span class='ocrx_word' id='word_1_50' title='bbox 1548 599 1721 652; x_wconf 79' lang='lat' dir='ltr'>squalore</span> 
     </span>
     <span class='ocr_line' id='line_1_7' title="bbox 320 657 1720 714; baseline 0.004 -18"><span class='ocrx_word' id='word_1_51' title='bbox 320 657 438 710; x_wconf 85' lang='lat' dir='ltr'>hujus</span> <span class='ocrx_word' id='word_1_52' title='bbox 469 668 507 697; x_wconf 89' lang='lat' dir='ltr'>et</span> <span class='ocrx_word' id='word_1_53' title='bbox 538 659 711 697; x_wconf 83' lang='lat' dir='ltr'>sordibus</span> <span class='ocrx_word' id='word_1_54' title='bbox 743 659 920 699; x_wconf 70' lang='lat' dir='ltr'>laetatur:</span> <span class='ocrx_word' id='word_1_55' title='bbox 952 659 1119 697; x_wconf 84' lang='lat' dir='ltr'>exitium</span> <span class='ocrx_word' id='word_1_56' title='bbox 1140 669 1323 713; x_wconf 84' lang='lat' dir='ltr'>exoptat:</span> <span class='ocrx_word' id='word_1_57' title='bbox 1356 661 1580 714; x_wconf 87' lang='lat' dir='ltr'>sanguinem</span> <span class='ocrx_word' id='word_1_58' title='bbox 1606 663 1720 702; x_wconf 90' lang='lat' dir='ltr'>suum</span> 
     </span>
    </p>
   </div>
   <div class='ocr_carea' id='block_1_4' title="bbox 287 725 1760 2577">
    <p class='ocr_par' dir='ltr' id='par_1_4' title="bbox 318 725 1719 1037">
     <span class='ocr_line' id='line_1_8' title="bbox 319 725 1718 781; baseline 0.003 -17"><span class='ocrx_word' id='word_1_59' title='bbox 319 725 552 778; x_wconf 82' lang='lat' dir='ltr'>profundere</span> <span class='ocrx_word' id='word_1_60' title='bbox 572 739 732 765; x_wconf 89' lang='lat' dir='ltr'>omnem</span> <span class='ocrx_word' id='word_1_61' title='bbox 754 727 878 780; x_wconf 87' lang='lat' dir='ltr'>cupit,</span> <span class='ocrx_word' id='word_1_62' title='bbox 910 726 1126 764; x_wconf 87' lang='lat' dir='ltr'>dummodo</span> <span class='ocrx_word' id='word_1_63' title='bbox 1147 727 1347 780; x_wconf 85' lang='lat' dir='ltr'>profusum</span> <span class='ocrx_word' id='word_1_64' title='bbox 1368 727 1484 781; x_wconf 84' lang='lat' dir='ltr'>hujus</span> <span class='ocrx_word' id='word_1_65' title='bbox 1505 739 1591 767; x_wconf 89' lang='lat' dir='ltr'>ante</span> <span class='ocrx_word' id='word_1_66' title='bbox 1611 731 1718 768; x_wconf 87' lang='lat' dir='ltr'>vide-</span> 
     </span>
     <span class='ocr_line' id='line_1_9' title="bbox 319 793 1719 846; baseline 0.004 -16"><span class='ocrx_word' id='word_1_67' title='bbox 319 803 370 830; x_wconf 88' lang='lat' dir='ltr'>at.</span> <span class='ocrx_word' id='word_1_68' title='bbox 393 794 492 832; x_wconf 84' lang='lat' dir='ltr'>Haec</span> <span class='ocrx_word' id='word_1_69' title='bbox 513 793 580 832; x_wconf 86' lang='lat' dir='ltr'>nifi</span> <span class='ocrx_word' id='word_1_70' title='bbox 601 794 732 831; x_wconf 86' lang='lat' dir='ltr'>omnia</span> <span class='ocrx_word' id='word_1_71' title='bbox 750 793 1015 846; x_wconf 76' lang='lat' dir='ltr'>perspexeritis</span> <span class='ocrx_word' id='word_1_72' title='bbox 1037 794 1077 832; x_wconf 91' lang='lat' dir='ltr'>in</span> <span class='ocrx_word' id='word_1_73' title='bbox 1099 794 1219 839; x_wconf 88' lang='lat' dir='ltr'>causa,</span> <span class='ocrx_word' id='word_1_74' title='bbox 1247 803 1392 832; x_wconf 90' lang='lat' dir='ltr'>temere</span> <span class='ocrx_word' id='word_1_75' title='bbox 1417 809 1438 833; x_wconf 86' lang='lat' dir='ltr'>a</span> <span class='ocrx_word' id='word_1_76' title='bbox 1467 796 1578 834; x_wconf 85' lang='lat' dir='ltr'>nobis</span> <span class='ocrx_word' id='word_1_77' title='bbox 1609 797 1719 836; x_wconf 86' lang='lat' dir='ltr'>illam</span> 
     </span>
     <span class='ocr_line' id='line_1_10' title="bbox 318 860 1719 914; baseline 0.004 -17"><span class='ocrx_word' id='word_1_78' title='bbox 318 860 499 912; x_wconf 90' lang='lat' dir='ltr'>appellari</span> <span class='ocrx_word' id='word_1_79' title='bbox 516 869 688 914; x_wconf 84' lang='lat' dir='ltr'>putatote</span> <span class='ocrx_word' id='word_1_80' title='bbox 704 875 712 898; x_wconf 90' lang='lat'>:</span> <span class='ocrx_word' id='word_1_81' title='bbox 731 860 785 898; x_wconf 88' lang='lat' dir='ltr'>fin</span> <span class='ocrx_word' id='word_1_82' title='bbox 806 869 936 898; x_wconf 86' lang='lat' dir='ltr'>autem</span> <span class='ocrx_word' id='word_1_83' title='bbox 956 869 1069 898; x_wconf 88' lang='lat' dir='ltr'>erunt</span> <span class='ocrx_word' id='word_1_84' title='bbox 1089 869 1127 898; x_wconf 93' lang='lat' dir='ltr'>et</span> <span class='ocrx_word' id='word_1_85' title='bbox 1146 869 1286 913; x_wconf 88' lang='lat' dir='ltr'>aperta,</span> <span class='ocrx_word' id='word_1_86' title='bbox 1308 870 1346 899; x_wconf 91' lang='lat' dir='ltr'>et</span> <span class='ocrx_word' id='word_1_87' title='bbox 1362 861 1517 907; x_wconf 86' lang='lat' dir='ltr'>nefaria,</span> <span class='ocrx_word' id='word_1_88' title='bbox 1533 863 1719 903; x_wconf 89' lang='lat' dir='ltr'>Cluentio</span> 
     </span>
     <span class='ocr_line' id='line_1_11' title="bbox 318 925 1719 981; baseline 0.003 -17"><span class='ocrx_word' id='word_1_89' title='bbox 318 926 512 978; x_wconf 85' lang='lat' dir='ltr'>ignoscere</span> <span class='ocrx_word' id='word_1_90' title='bbox 531 927 695 971; x_wconf 85' lang='lat' dir='ltr'>debetis,</span> <span class='ocrx_word' id='word_1_91' title='bbox 724 927 831 978; x_wconf 91' lang='lat' dir='ltr'>quod</span> <span class='ocrx_word' id='word_1_92' title='bbox 851 925 932 965; x_wconf 84' lang='lat' dir='ltr'>haec</span> <span class='ocrx_word' id='word_1_93' title='bbox 953 940 973 964; x_wconf 84' lang='lat' dir='ltr'>a</span> <span class='ocrx_word' id='word_1_94' title='bbox 994 941 1057 964; x_wconf 88' lang='lat' dir='ltr'>me</span> <span class='ocrx_word' id='word_1_95' title='bbox 1077 927 1156 965; x_wconf 89' lang='lat' dir='ltr'>dici</span> <span class='ocrx_word' id='word_1_96' title='bbox 1176 928 1369 980; x_wconf 71' lang='lat' dir='ltr'>patiatur,</span> <span class='ocrx_word' id='word_1_97' title='bbox 1403 927 1503 967; x_wconf 87' lang='lat' dir='ltr'>mihi</span> <span class='ocrx_word' id='word_1_98' title='bbox 1524 929 1719 981; x_wconf 80' lang='lat' dir='ltr'>ignoscere</span> 
     </span>
     <span class='ocr_line' id='line_1_12' title="bbox 318 993 868 1037; baseline 0.002 -7"><span class='ocrx_word' id='word_1_99' title='bbox 318 1005 396 1030; x_wconf 88' lang='lat' dir='ltr'>non</span> <span class='ocrx_word' id='word_1_100' title='bbox 418 993 618 1037; x_wconf 82' lang='lat' dir='ltr'>deberetis,</span> <span class='ocrx_word' id='word_1_101' title='bbox 641 993 667 1031; x_wconf 87' lang='lat' dir='ltr'><strong>fi</strong></span> <span class='ocrx_word' id='word_1_102' title='bbox 689 1002 868 1031; x_wconf 87' lang='lat' dir='ltr'>tacerem.</span> 
     </span>
    </p>

    <p class='ocr_par' dir='ltr' id='par_1_5' title="bbox 313 1058 1716 1381">
     <span class='ocr_line' id='line_1_13' title="bbox 363 1058 1716 1116; baseline 0.004 -21"><span class='ocrx_word' id='word_1_103' title='bbox 363 1058 457 1097; x_wconf 91' lang='lat' dir='ltr'><strong>VII.</strong></span> <span class='ocrx_word' id='word_1_104' title='bbox 490 1059 611 1097; x_wconf 90' lang='lat' dir='ltr'>Nunc</span> <span class='ocrx_word' id='word_1_105' title='bbox 625 1058 708 1110; x_wconf 86' lang='lat' dir='ltr'>jam</span> <span class='ocrx_word' id='word_1_106' title='bbox 729 1058 955 1097; x_wconf 89' lang='lat' dir='ltr'>summatim</span> <span class='ocrx_word' id='word_1_107' title='bbox 976 1072 1183 1112; x_wconf 82' lang='lat' dir='ltr'>exponam,</span> <span class='ocrx_word' id='word_1_108' title='bbox 1208 1061 1351 1113; x_wconf 86' lang='lat' dir='ltr'>quibus</span> <span class='ocrx_word' id='word_1_109' title='bbox 1372 1061 1604 1101; x_wconf 79' lang='lat' dir='ltr'>criminibus</span> <span class='ocrx_word' id='word_1_110' title='bbox 1627 1063 1716 1116; x_wconf 82' lang='lat' dir='ltr'>Op-</span> 
     </span>
     <span class='ocr_line' id='line_1_14' title="bbox 316 1125 1714 1178; baseline 0.004 -16"><span class='ocrx_word' id='word_1_111' title='bbox 316 1125 491 1178; x_wconf 88' lang='lat' dir='ltr'>pianicus</span> <span class='ocrx_word' id='word_1_112' title='bbox 523 1125 724 1163; x_wconf 87' lang='lat' dir='ltr'>damnatus</span> <span class='ocrx_word' id='word_1_113' title='bbox 749 1125 821 1163; x_wconf 88' lang='lat' dir='ltr'>fit:</span> <span class='ocrx_word' id='word_1_114' title='bbox 854 1134 897 1162; x_wconf 92' lang='lat' dir='ltr'>ut</span> <span class='ocrx_word' id='word_1_115' title='bbox 917 1134 955 1163; x_wconf 91' lang='lat' dir='ltr'>et</span> <span class='ocrx_word' id='word_1_116' title='bbox 975 1126 1227 1164; x_wconf 88' lang='lat' dir='ltr'>constantiam</span> <span class='ocrx_word' id='word_1_117' title='bbox 1248 1130 1301 1165; x_wconf 84' lang='lat' dir='ltr'>A.</span> <span class='ocrx_word' id='word_1_118' title='bbox 1325 1128 1514 1173; x_wconf 85' lang='lat' dir='ltr'>Cluentii,</span> <span class='ocrx_word' id='word_1_119' title='bbox 1537 1139 1575 1167; x_wconf 87' lang='lat' dir='ltr'>et</span> <span class='ocrx_word' id='word_1_120' title='bbox 1597 1130 1714 1168; x_wconf 84' lang='lat' dir='ltr'>ratio-</span> 
     </span>
     <span class='ocr_line' id='line_1_15' title="bbox 317 1191 1713 1246; baseline 0.004 -17"><span class='ocrx_word' id='word_1_121' title='bbox 317 1206 407 1230; x_wconf 90' lang='lat' dir='ltr'>nem</span> <span class='ocrx_word' id='word_1_122' title='bbox 428 1191 694 1237; x_wconf 84' lang='lat' dir='ltr'>accusationiS,</span> <span class='ocrx_word' id='word_1_123' title='bbox 726 1192 938 1244; x_wconf 87' lang='lat' dir='ltr'>perspicere</span> <span class='ocrx_word' id='word_1_124' title='bbox 964 1192 1125 1245; x_wconf 81' lang='lat' dir='ltr'>poffitis.</span> <span class='ocrx_word' id='word_1_125' title='bbox 1157 1195 1217 1231; x_wconf 93' lang='lat' dir='ltr'>Ac</span> <span class='ocrx_word' id='word_1_126' title='bbox 1238 1193 1425 1246; x_wconf 88' lang='lat' dir='ltr'>primurn,</span> <span class='ocrx_word' id='word_1_127' title='bbox 1458 1195 1567 1233; x_wconf 89' lang='lat' dir='ltr'>causa</span> <span class='ocrx_word' id='word_1_128' title='bbox 1598 1209 1713 1234; x_wconf 85' lang='lat' dir='ltr'>accu-</span> 
     </span>
     <span class='ocr_line' id='line_1_16' title="bbox 315 1257 1713 1313; baseline 0.004 -17"><span class='ocrx_word' id='word_1_129' title='bbox 315 1259 418 1297; x_wconf 88' lang='lat' dir='ltr'>sandi</span> <span class='ocrx_word' id='word_1_130' title='bbox 439 1273 524 1312; x_wconf 88' lang='lat' dir='ltr'>quae</span> <span class='ocrx_word' id='word_1_131' title='bbox 544 1257 676 1304; x_wconf 90' lang='lat' dir='ltr'>fuerit,</span> <span class='ocrx_word' id='word_1_132' title='bbox 697 1258 909 1305; x_wconf 88' lang='lat' dir='ltr'>ostendam,</span> <span class='ocrx_word' id='word_1_133' title='bbox 931 1268 974 1297; x_wconf 90' lang='lat' dir='ltr'>ut</span> <span class='ocrx_word' id='word_1_134' title='bbox 993 1260 1032 1298; x_wconf 87' lang='lat' dir='ltr'>id</span> <span class='ocrx_word' id='word_1_135' title='bbox 1052 1260 1180 1313; x_wconf 89' lang='lat' dir='ltr'>ipsum</span> <span class='ocrx_word' id='word_1_136' title='bbox 1201 1264 1252 1299; x_wconf 85' lang='lat' dir='ltr'>A.</span> <span class='ocrx_word' id='word_1_137' title='bbox 1277 1261 1507 1300; x_wconf 86' lang='lat' dir='ltr'>Cluentium</span> <span class='ocrx_word' id='word_1_138' title='bbox 1528 1263 1565 1301; x_wconf 91' lang='lat' dir='ltr'>vi</span> <span class='ocrx_word' id='word_1_139' title='bbox 1585 1273 1623 1302; x_wconf 91' lang='lat' dir='ltr'>et</span> <span class='ocrx_word' id='word_1_140' title='bbox 1644 1278 1713 1302; x_wconf 93' lang='lat' dir='ltr'>ne-</span> 
     </span>
     <span class='ocr_line' id='line_1_17' title="bbox 313 1324 1574 1381; baseline 0.002 -18"><span class='ocrx_word' id='word_1_141' title='bbox 313 1325 479 1363; x_wconf 87' lang='lat' dir='ltr'>ceffitate</span> <span class='ocrx_word' id='word_1_142' title='bbox 499 1327 676 1364; x_wconf 65' lang='lat' dir='ltr'>coactum</span> <span class='ocrx_word' id='word_1_143' title='bbox 697 1324 824 1364; x_wconf 84' lang='lat' dir='ltr'>feciffe</span> <span class='ocrx_word' id='word_1_144' title='bbox 845 1325 1018 1365; x_wconf 86' lang='lat' dir='ltr'>videatis.</span> <span class='ocrx_word' id='word_1_145' title='bbox 1572 1379 1574 1381; x_wconf 66' lang='lat'>‚</span> 
     </span>
    </p>

    <p class='ocr_par' dir='ltr' id='par_1_6' title="bbox 303 1391 1713 2177">
     <span class='ocr_line' id='line_1_18' title="bbox 369 1391 1713 1448; baseline 0.004 -18"><span class='ocrx_word' id='word_1_146' title='bbox 369 1394 477 1431; x_wconf 91' lang='lat' dir='ltr'>Cum</span> <span class='ocrx_word' id='word_1_147' title='bbox 511 1391 715 1431; x_wconf 84' lang='lat' dir='ltr'>manifesto</span> <span class='ocrx_word' id='word_1_148' title='bbox 747 1406 941 1431; x_wconf 89' lang='lat' dir='ltr'>venenum</span> <span class='ocrx_word' id='word_1_149' title='bbox 975 1392 1303 1446; x_wconf 71' lang='lat' dir='ltr'>deprehendisset,</span> <span class='ocrx_word' id='word_1_150' title='bbox 1345 1395 1451 1448; x_wconf 90' lang='lat' dir='ltr'>quod</span> <span class='ocrx_word' id='word_1_151' title='bbox 1487 1395 1545 1434; x_wconf 89' lang='lat' dir='ltr'>vir</span> <span class='ocrx_word' id='word_1_152' title='bbox 1579 1396 1713 1436; x_wconf 87' lang='lat' dir='ltr'>matris</span> 
     </span>
     <span class='ocr_line' id='line_1_19' title="bbox 315 1458 1712 1513; baseline 0.004 -17"><span class='ocrx_word' id='word_1_153' title='bbox 315 1459 558 1512; x_wconf 86' lang='lat' dir='ltr'>Oppianicus</span> <span class='ocrx_word' id='word_1_154' title='bbox 590 1459 625 1496; x_wconf 91' lang='lat' dir='ltr'>ei</span> <span class='ocrx_word' id='word_1_155' title='bbox 644 1458 842 1512; x_wconf 84' lang='lat' dir='ltr'>paraviffet</span> <span class='ocrx_word' id='word_1_156' title='bbox 860 1477 872 1505; x_wconf 84' lang='lat'>3</span> <span class='ocrx_word' id='word_1_157' title='bbox 904 1468 942 1497; x_wconf 91' lang='lat' dir='ltr'>et</span> <span class='ocrx_word' id='word_1_158' title='bbox 968 1472 1025 1497; x_wconf 89' lang='lat' dir='ltr'>res</span> <span class='ocrx_word' id='word_1_159' title='bbox 1058 1473 1136 1498; x_wconf 90' lang='lat' dir='ltr'>non</span> <span class='ocrx_word' id='word_1_160' title='bbox 1167 1461 1398 1513; x_wconf 63' lang='lat' dir='ltr'>conjeetura,</span> <span class='ocrx_word' id='word_1_161' title='bbox 1430 1461 1493 1499; x_wconf 90' lang='lat' dir='ltr'>sed</span> <span class='ocrx_word' id='word_1_162' title='bbox 1526 1462 1648 1501; x_wconf 85' lang='lat' dir='ltr'>oculis</span> <span class='ocrx_word' id='word_1_163' title='bbox 1670 1477 1712 1502; x_wconf 88' lang='lat' dir='ltr'>ac</span> 
     </span>
     <span class='ocr_line' id='line_1_20' title="bbox 313 1525 1709 1581; baseline 0.002 -18"><span class='ocrx_word' id='word_1_164' title='bbox 313 1525 507 1571; x_wconf 89' lang='lat' dir='ltr'>manibus,</span> <span class='ocrx_word' id='word_1_165' title='bbox 543 1534 749 1570; x_wconf 90' lang='lat' dir='ltr'>teneretur,</span> <span class='ocrx_word' id='word_1_166' title='bbox 780 1538 905 1578; x_wconf 91' lang='lat' dir='ltr'>neque</span> <span class='ocrx_word' id='word_1_167' title='bbox 936 1525 978 1563; x_wconf 90' lang='lat' dir='ltr'>in</span> <span class='ocrx_word' id='word_1_168' title='bbox 998 1525 1107 1563; x_wconf 88' lang='lat' dir='ltr'>causa</span> <span class='ocrx_word' id='word_1_169' title='bbox 1137 1526 1216 1565; x_wconf 83' lang='lat' dir='ltr'>ulla</span> <span class='ocrx_word' id='word_1_170' title='bbox 1235 1526 1427 1565; x_wconf 87' lang='lat' dir='ltr'>dubitatio</span> <span class='ocrx_word' id='word_1_171' title='bbox 1459 1527 1581 1581; x_wconf 84' lang='lat' dir='ltr'>poffet</span> <span class='ocrx_word' id='word_1_172' title='bbox 1611 1527 1709 1574; x_wconf 73' lang='lat' dir='ltr'>effe5</span> 
     </span>
     <span class='ocr_line' id='line_1_21' title="bbox 313 1591 1709 1648; baseline 0.004 -20"><span class='ocrx_word' id='word_1_173' title='bbox 313 1591 502 1629; x_wconf 86' lang='lat' dir='ltr'>accusavit</span> <span class='ocrx_word' id='word_1_174' title='bbox 534 1592 813 1644; x_wconf 89' lang='lat' dir='ltr'>Oppianicum.</span> <span class='ocrx_word' id='word_1_175' title='bbox 847 1592 979 1643; x_wconf 84' lang='lat' dir='ltr'>Qam</span> <span class='ocrx_word' id='word_1_176' title='bbox 1006 1591 1234 1637; x_wconf 89' lang='lat' dir='ltr'>constanter,</span> <span class='ocrx_word' id='word_1_177' title='bbox 1270 1602 1308 1630; x_wconf 90' lang='lat' dir='ltr'>et</span> <span class='ocrx_word' id='word_1_178' title='bbox 1344 1607 1462 1645; x_wconf 88' lang='lat' dir='ltr'>quam</span> <span class='ocrx_word' id='word_1_179' title='bbox 1492 1594 1709 1648; x_wconf 84' lang='lat' dir='ltr'>diligenter,</span> 
     </span>
     <span class='ocr_line' id='line_1_22' title="bbox 310 1655 1710 1709; baseline 0.004 -15"><span class='ocrx_word' id='word_1_180' title='bbox 310 1656 438 1709; x_wconf 87' lang='lat' dir='ltr'>postea</span> <span class='ocrx_word' id='word_1_181' title='bbox 457 1657 583 1694; x_wconf 90' lang='lat' dir='ltr'>dicam</span> <span class='ocrx_word' id='word_1_182' title='bbox 603 1671 611 1694; x_wconf 92' lang='lat'>:</span> <span class='ocrx_word' id='word_1_183' title='bbox 645 1670 749 1695; x_wconf 91' lang='lat' dir='ltr'>nunc</span> <span class='ocrx_word' id='word_1_184' title='bbox 770 1655 846 1695; x_wconf 90' lang='lat' dir='ltr'>hoc</span> <span class='ocrx_word' id='word_1_185' title='bbox 867 1657 959 1695; x_wconf 87' lang='lat' dir='ltr'>scire</span> <span class='ocrx_word' id='word_1_186' title='bbox 989 1670 1054 1696; x_wconf 89' lang='lat' dir='ltr'>vos</span> <span class='ocrx_word' id='word_1_187' title='bbox 1075 1657 1195 1703; x_wconf 91' lang='lat' dir='ltr'>volui,</span> <span class='ocrx_word' id='word_1_188' title='bbox 1217 1658 1365 1696; x_wconf 89' lang='lat' dir='ltr'>nullam</span> <span class='ocrx_word' id='word_1_189' title='bbox 1386 1658 1480 1698; x_wconf 90' lang='lat' dir='ltr'>huic</span> <span class='ocrx_word' id='word_1_190' title='bbox 1509 1660 1623 1699; x_wconf 88' lang='lat' dir='ltr'>aliam</span> <span class='ocrx_word' id='word_1_191' title='bbox 1645 1675 1710 1699; x_wconf 92' lang='lat' dir='ltr'>ac-</span> 
     </span>
     <span class='ocr_line' id='line_1_23' title="bbox 310 1722 1711 1780; baseline 0.004 -20"><span class='ocrx_word' id='word_1_192' title='bbox 310 1722 467 1761; x_wconf 91' lang='lat' dir='ltr'>cusandi</span> <span class='ocrx_word' id='word_1_193' title='bbox 497 1723 649 1761; x_wconf 85' lang='lat' dir='ltr'>causam</span> <span class='ocrx_word' id='word_1_194' title='bbox 680 1722 804 1768; x_wconf 82' lang='lat' dir='ltr'>fuiffe,</span> <span class='ocrx_word' id='word_1_195' title='bbox 841 1724 911 1761; x_wconf 79' lang='lat' dir='ltr'>nisi</span> <span class='ocrx_word' id='word_1_196' title='bbox 942 1724 999 1762; x_wconf 90' lang='lat' dir='ltr'>uti</span> <span class='ocrx_word' id='word_1_197' title='bbox 1029 1725 1269 1778; x_wconf 82' lang='lat' dir='ltr'>propositum</span> <span class='ocrx_word' id='word_1_198' title='bbox 1300 1726 1387 1763; x_wconf 66' lang='lat' dir='ltr'>vitae</span> <span class='ocrx_word' id='word_1_199' title='bbox 1406 1727 1639 1780; x_wconf 88' lang='lat' dir='ltr'>periculum,</span> <span class='ocrx_word' id='word_1_200' title='bbox 1672 1738 1711 1765; x_wconf 88' lang='lat' dir='ltr'>et</span> 
     </span>
     <span class='ocr_line' id='line_1_24' title="bbox 303 1789 1710 1846; baseline 0.003 -18"><span class='ocrx_word' id='word_1_201' title='bbox 303 1790 545 1842; x_wconf 86' lang='lat' dir='ltr'>quotidianas</span> <span class='ocrx_word' id='word_1_202' title='bbox 566 1790 702 1843; x_wconf 90' lang='lat' dir='ltr'>capitis</span> <span class='ocrx_word' id='word_1_203' title='bbox 734 1790 902 1835; x_wconf 82' lang='lat' dir='ltr'>infidias,</span> <span class='ocrx_word' id='word_1_204' title='bbox 933 1789 1006 1829; x_wconf 85' lang='lat' dir='ltr'>hac</span> <span class='ocrx_word' id='word_1_205' title='bbox 1033 1805 1109 1829; x_wconf 88' lang='lat' dir='ltr'>una</span> <span class='ocrx_word' id='word_1_206' title='bbox 1128 1792 1275 1831; x_wconf 88' lang='lat' dir='ltr'>ratione</span> <span class='ocrx_word' id='word_1_207' title='bbox 1306 1793 1455 1831; x_wconf 85' lang='lat' dir='ltr'>vitaret.</span> <span class='ocrx_word' id='word_1_208' title='bbox 1488 1795 1634 1846; x_wconf 88' lang='lat' dir='ltr'>Atque,</span> <span class='ocrx_word' id='word_1_209' title='bbox 1667 1804 1710 1833; x_wconf 88' lang='lat' dir='ltr'>ut</span> 
     </span>
     <span class='ocr_line' id='line_1_25' title="bbox 307 1856 1707 1913; baseline 0.003 -18"><span class='ocrx_word' id='word_1_210' title='bbox 307 1857 549 1910; x_wconf 87' lang='lat' dir='ltr'>intelligatis,</span> <span class='ocrx_word' id='word_1_211' title='bbox 580 1856 641 1895; x_wconf 83' lang='lat' dir='ltr'>his</span> <span class='ocrx_word' id='word_1_212' title='bbox 668 1856 888 1896; x_wconf 86' lang='lat' dir='ltr'>accusatum</span> <span class='ocrx_word' id='word_1_213' title='bbox 909 1857 980 1896; x_wconf 87' lang='lat' dir='ltr'>effe</span> <span class='ocrx_word' id='word_1_214' title='bbox 1010 1858 1240 1897; x_wconf 86' lang='lat' dir='ltr'>criminibus</span> <span class='ocrx_word' id='word_1_215' title='bbox 1265 1860 1546 1913; x_wconf 85' lang='lat' dir='ltr'>Oppianicum,</span> <span class='ocrx_word' id='word_1_216' title='bbox 1575 1871 1618 1899; x_wconf 89' lang='lat' dir='ltr'>ut</span> <span class='ocrx_word' id='word_1_217' title='bbox 1638 1875 1707 1899; x_wconf 92' lang='lat' dir='ltr'>ne-</span> 
     </span>
     <span class='ocr_line' id='line_1_26' title="bbox 307 1924 1707 1980; baseline 0.003 -18"><span class='ocrx_word' id='word_1_218' title='bbox 307 1938 383 1976; x_wconf 88' lang='lat' dir='ltr'>que</span> <span class='ocrx_word' id='word_1_219' title='bbox 404 1924 597 1963; x_wconf 87' lang='lat' dir='ltr'>accusator</span> <span class='ocrx_word' id='word_1_220' title='bbox 617 1925 768 1970; x_wconf 92' lang='lat' dir='ltr'>timere,</span> <span class='ocrx_word' id='word_1_221' title='bbox 790 1938 916 1978; x_wconf 87' lang='lat' dir='ltr'>neque</span> <span class='ocrx_word' id='word_1_222' title='bbox 934 1938 1020 1963; x_wconf 82' lang='lat' dir='ltr'>reus</span> <span class='ocrx_word' id='word_1_223' title='bbox 1039 1925 1197 1978; x_wconf 88' lang='lat' dir='ltr'>sperare,</span> <span class='ocrx_word' id='word_1_224' title='bbox 1221 1926 1396 1964; x_wconf 88' lang='lat' dir='ltr'>debuerit</span> <span class='ocrx_word' id='word_1_225' title='bbox 1414 1946 1425 1971; x_wconf 78' lang='lat'>5</span> <span class='ocrx_word' id='word_1_226' title='bbox 1458 1941 1578 1980; x_wconf 87' lang='lat' dir='ltr'>pauca</span> <span class='ocrx_word' id='word_1_227' title='bbox 1598 1929 1707 1966; x_wconf 84' lang='lat' dir='ltr'>vobis</span> 
     </span>
     <span class='ocr_line' id='line_1_27' title="bbox 306 1990 1704 2045; baseline 0.004 -18"><span class='ocrx_word' id='word_1_228' title='bbox 306 1990 410 2029; x_wconf 88' lang='lat' dir='ltr'>illius</span> <span class='ocrx_word' id='word_1_229' title='bbox 426 1991 566 2043; x_wconf 87' lang='lat' dir='ltr'>judicii</span> <span class='ocrx_word' id='word_1_230' title='bbox 587 1991 751 2029; x_wconf 86' lang='lat' dir='ltr'>crimina</span> <span class='ocrx_word' id='word_1_231' title='bbox 771 2005 963 2044; x_wconf 82' lang='lat' dir='ltr'>exponam</span> <span class='ocrx_word' id='word_1_232' title='bbox 983 2006 992 2029; x_wconf 87' lang='lat'>:</span> <span class='ocrx_word' id='word_1_233' title='bbox 1025 1992 1166 2044; x_wconf 88' lang='lat' dir='ltr'>quibus</span> <span class='ocrx_word' id='word_1_234' title='bbox 1189 1993 1370 2045; x_wconf 83' lang='lat' dir='ltr'>cognitis,</span> <span class='ocrx_word' id='word_1_235' title='bbox 1399 2007 1515 2031; x_wconf 75' lang='lat' dir='ltr'>nemo</span> <span class='ocrx_word' id='word_1_236' title='bbox 1536 1994 1704 2033; x_wconf 89' lang='lat' dir='ltr'>vestrum</span> 
     </span>
     <span class='ocr_line' id='line_1_28' title="bbox 305 2057 1704 2113; baseline 0.004 -19"><span class='ocrx_word' id='word_1_237' title='bbox 305 2057 523 2102; x_wconf 77' lang='lat' dir='ltr'>mirabitur,</span> <span class='ocrx_word' id='word_1_238' title='bbox 546 2057 675 2102; x_wconf 90' lang='lat' dir='ltr'>illum,</span> <span class='ocrx_word' id='word_1_239' title='bbox 699 2058 939 2097; x_wconf 87' lang='lat' dir='ltr'>diffidentem</span> <span class='ocrx_word' id='word_1_240' title='bbox 960 2057 1071 2097; x_wconf 86' lang='lat' dir='ltr'>rebus</span> <span class='ocrx_word' id='word_1_241' title='bbox 1093 2058 1182 2103; x_wconf 87' lang='lat' dir='ltr'>suis,</span> <span class='ocrx_word' id='word_1_242' title='bbox 1205 2059 1250 2097; x_wconf 88' lang='lat' dir='ltr'>ad</span> <span class='ocrx_word' id='word_1_243' title='bbox 1272 2060 1484 2105; x_wconf 85' lang='lat' dir='ltr'>Stalenum,</span> <span class='ocrx_word' id='word_1_244' title='bbox 1517 2070 1632 2113; x_wconf 82' lang='lat' dir='ltr'>atque</span> <span class='ocrx_word' id='word_1_245' title='bbox 1658 2063 1704 2099; x_wconf 88' lang='lat' dir='ltr'>ad</span> 
     </span>
     <span class='ocr_line' id='line_1_29' title="bbox 304 2123 773 2177; baseline 0.002 -16"><span class='ocrx_word' id='word_1_246' title='bbox 304 2125 525 2175; x_wconf 89' lang='lat' dir='ltr'>pecuniam,</span> <span class='ocrx_word' id='word_1_247' title='bbox 548 2123 773 2177; x_wconf 83' lang='lat' dir='ltr'>confugiffe.</span> 
     </span>
    </p>

    <p class='ocr_par' dir='ltr' id='par_1_7' title="bbox 302 2191 1760 2444">
     <span class='ocr_line' id='line_1_30' title="bbox 360 2191 1702 2247; baseline 0.003 -19"><span class='ocrx_word' id='word_1_248' title='bbox 360 2191 514 2230; x_wconf 86' lang='lat' dir='ltr'>Larinas</span> <span class='ocrx_word' id='word_1_249' title='bbox 541 2191 716 2244; x_wconf 78' lang='lat' dir='ltr'>quaedam</span> <span class='ocrx_word' id='word_1_250' title='bbox 739 2191 814 2229; x_wconf 84' lang='lat' dir='ltr'>fuit</span> <span class='ocrx_word' id='word_1_251' title='bbox 835 2192 974 2236; x_wconf 83' lang='lat' dir='ltr'>Dinea,</span> <span class='ocrx_word' id='word_1_252' title='bbox 1007 2191 1134 2231; x_wconf 78' lang='lat' dir='ltr'>socrus</span> <span class='ocrx_word' id='word_1_253' title='bbox 1158 2193 1382 2247; x_wconf 87' lang='lat' dir='ltr'>Oppianici,</span> <span class='ocrx_word' id='word_1_254' title='bbox 1405 2208 1489 2247; x_wconf 81' lang='lat' dir='ltr'>quae</span> <span class='ocrx_word' id='word_1_255' title='bbox 1510 2194 1609 2233; x_wconf 77' lang='lat' dir='ltr'>filios</span> <span class='ocrx_word' id='word_1_256' title='bbox 1633 2194 1702 2232; x_wconf 80' lang='lat' dir='ltr'>ha-</span> 
     </span>
     <span class='ocr_line' id='line_1_31' title="bbox 305 2256 1700 2312; baseline 0.003 -20"><span class='ocrx_word' id='word_1_257' title='bbox 305 2256 391 2293; x_wconf 85' lang='lat' dir='ltr'>buit</span> <span class='ocrx_word' id='word_1_258' title='bbox 422 2257 484 2295; x_wconf 90' lang='lat' dir='ltr'>M.</span> <span class='ocrx_word' id='word_1_259' title='bbox 508 2268 546 2296; x_wconf 90' lang='lat' dir='ltr'>et</span> <span class='ocrx_word' id='word_1_260' title='bbox 566 2259 807 2296; x_wconf 89' lang='lat' dir='ltr'>Numerium</span> <span class='ocrx_word' id='word_1_261' title='bbox 828 2259 986 2304; x_wconf 76' lang='lat' dir='ltr'>Aurios,</span> <span class='ocrx_word' id='word_1_262' title='bbox 1019 2268 1057 2297; x_wconf 88' lang='lat' dir='ltr'>et</span> <span class='ocrx_word' id='word_1_263' title='bbox 1077 2260 1152 2297; x_wconf 89' lang='lat' dir='ltr'>Cn.</span> <span class='ocrx_word' id='word_1_264' title='bbox 1173 2260 1370 2312; x_wconf 89' lang='lat' dir='ltr'>Magium,</span> <span class='ocrx_word' id='word_1_265' title='bbox 1406 2270 1444 2298; x_wconf 89' lang='lat' dir='ltr'>et</span> <span class='ocrx_word' id='word_1_266' title='bbox 1464 2261 1584 2298; x_wconf 85' lang='lat' dir='ltr'>filiam</span> <span class='ocrx_word' id='word_1_267' title='bbox 1607 2261 1700 2297; x_wconf 76' lang='lat' dir='ltr'>Ma—</span> 
     </span>
     <span class='ocr_line' id='line_1_32' title="bbox 302 2323 1760 2378; baseline 0.003 -19"><span class='ocrx_word' id='word_1_268' title='bbox 302 2323 421 2375; x_wconf 83' lang='lat' dir='ltr'>giam,</span> <span class='ocrx_word' id='word_1_269' title='bbox 446 2334 606 2376; x_wconf 88' lang='lat' dir='ltr'>nuptam</span> <span class='ocrx_word' id='word_1_270' title='bbox 630 2326 864 2378; x_wconf 87' lang='lat' dir='ltr'>Oppianico.</span> <span class='ocrx_word' id='word_1_271' title='bbox 897 2326 960 2364; x_wconf 89' lang='lat' dir='ltr'>M.</span> <span class='ocrx_word' id='word_1_272' title='bbox 985 2326 1128 2364; x_wconf 82' lang='lat' dir='ltr'>Aurius</span> <span class='ocrx_word' id='word_1_273' title='bbox 1150 2326 1469 2372; x_wconf 85' lang='lat' dir='ltr'>adolescentulus,</span> <span class='ocrx_word' id='word_1_274' title='bbox 1499 2327 1600 2363; x_wconf 82' lang='lat' dir='ltr'>bello</span> <span class='ocrx_word' id='word_1_275' title='bbox 1623 2328 1699 2364; x_wconf 81' lang='lat' dir='ltr'>Ita-</span> <span class='ocrx_word' id='word_1_276' title='bbox 1757 2358 1760 2359; x_wconf 15' lang='grc' dir='ltr'><em>ν</em></span> 
     </span>
     <span class='ocr_line' id='line_1_33' title="bbox 303 2390 1702 2444; baseline 0.003 -19"><span class='ocrx_word' id='word_1_277' title='bbox 303 2390 379 2426; x_wconf 85' lang='lat' dir='ltr'>lico</span> <span class='ocrx_word' id='word_1_278' title='bbox 400 2398 533 2442; x_wconf 84' lang='lat' dir='ltr'>captus</span> <span class='ocrx_word' id='word_1_279' title='bbox 553 2390 653 2441; x_wconf 89' lang='lat' dir='ltr'>apud</span> <span class='ocrx_word' id='word_1_280' title='bbox 673 2391 878 2436; x_wconf 89' lang='lat' dir='ltr'>Asculum,</span> <span class='ocrx_word' id='word_1_281' title='bbox 900 2392 940 2429; x_wconf 87' lang='lat' dir='ltr'>in</span> <span class='ocrx_word' id='word_1_282' title='bbox 963 2392 1030 2444; x_wconf 85' lang='lat' dir='ltr'>Q</span> <span class='ocrx_word' id='word_1_283' title='bbox 1048 2392 1168 2444; x_wconf 82' lang='lat' dir='ltr'>Sergii</span> <span class='ocrx_word' id='word_1_284' title='bbox 1189 2392 1381 2436; x_wconf 85' lang='lat' dir='ltr'>senatoris,</span> <span class='ocrx_word' id='word_1_285' title='bbox 1403 2393 1496 2443; x_wconf 83' lang='lat' dir='ltr'>ejus,</span> <span class='ocrx_word' id='word_1_286' title='bbox 1515 2392 1581 2443; x_wconf 81' lang='lat' dir='ltr'>qui</span> <span class='ocrx_word' id='word_1_287' title='bbox 1602 2392 1702 2429; x_wconf 87' lang='lat' dir='ltr'>inter</span> 
     </span>
    </p>

    <p class='ocr_par' dir='ltr' id='par_1_8' title="bbox 287 2442 1697 2577">
     <span class='ocr_line' id='line_1_34' title="bbox 287 2442 1696 2510; baseline 0.003 -18"><span class='ocrx_word' id='word_1_288' title='bbox 287 2442 448 2493; x_wconf 36' lang='lat' dir='ltr'>‘ficarios</span> <span class='ocrx_word' id='word_1_289' title='bbox 470 2455 670 2493; x_wconf 85' lang='lat' dir='ltr'>damnatus</span> <span class='ocrx_word' id='word_1_290' title='bbox 692 2456 757 2500; x_wconf 89' lang='lat' dir='ltr'>est,</span> <span class='ocrx_word' id='word_1_291' title='bbox 780 2471 916 2495; x_wconf 86' lang='lat' dir='ltr'>manus</span> <span class='ocrx_word' id='word_1_292' title='bbox 937 2458 1089 2503; x_wconf 88' lang='lat' dir='ltr'>incidit,</span> <span class='ocrx_word' id='word_1_293' title='bbox 1123 2467 1160 2496; x_wconf 92' lang='lat' dir='ltr'>et</span> <span class='ocrx_word' id='word_1_294' title='bbox 1181 2459 1282 2510; x_wconf 84' lang='lat' dir='ltr'>apud</span> <span class='ocrx_word' id='word_1_295' title='bbox 1303 2472 1392 2495; x_wconf 90' lang='lat' dir='ltr'>eum</span> <span class='ocrx_word' id='word_1_296' title='bbox 1415 2457 1489 2494; x_wconf 88' lang='lat' dir='ltr'>fuit</span> <span class='ocrx_word' id='word_1_297' title='bbox 1511 2459 1550 2495; x_wconf 90' lang='lat' dir='ltr'>in</span> <span class='ocrx_word' id='word_1_298' title='bbox 1572 2459 1696 2510; x_wconf 77' lang='lat' dir='ltr'>ergas-</span> 
     </span>
     <span class='ocr_line' id='line_1_35' title="bbox 302 2522 1697 2577; baseline 0.002 -18"><span class='ocrx_word' id='word_1_299' title='bbox 302 2522 398 2563; x_wconf 80' lang='lat' dir='ltr'>tulo.</span> <span class='ocrx_word' id='word_1_300' title='bbox 432 2523 647 2561; x_wconf 73' lang='lat' dir='ltr'>Numerius</span> <span class='ocrx_word' id='word_1_301' title='bbox 682 2532 811 2561; x_wconf 78' lang='lat' dir='ltr'>autem</span> <span class='ocrx_word' id='word_1_302' title='bbox 830 2524 975 2562; x_wconf 84' lang='lat' dir='ltr'>Aurius</span> <span class='ocrx_word' id='word_1_303' title='bbox 996 2523 1110 2562; x_wconf 85' lang='lat' dir='ltr'>frater</span> <span class='ocrx_word' id='word_1_304' title='bbox 1142 2534 1317 2562; x_wconf 85' lang='lat' dir='ltr'>mortuus</span> <span class='ocrx_word' id='word_1_305' title='bbox 1339 2523 1404 2570; x_wconf 85' lang='lat' dir='ltr'>est,</span> <span class='ocrx_word' id='word_1_306' title='bbox 1438 2523 1697 2577; x_wconf 74' lang='lat' dir='ltr'>heredemque.</span> 
     </span>
    </p>
   </div>
  </div>
 </body>
</html>
