2212 2835
362 137 413 173 40
854 121 1254 159 ORATIO

402 224 578 275 Suscepta
598 222 718 266 causa,
741 221 990 272 Romamque
1009 220 1144 265 delata,
1168 234 1314 273 magnae
1336 222 1510 273 quotidie
1529 226 1746 263 contentio-

360 306 426 330 nes
447 292 545 329 inter
566 291 729 328 Avitum
750 298 787 326 et
808 289 1072 341 Oppianicum
1093 302 1139 326 ex
1161 289 1357 341 utriusque
1377 289 1500 327 studio
1521 290 1746 331 defenfionis

359 358 636 396 excitabantur.
671 356 764 392 Erat
794 354 872 407 ipse
898 355 1061 393 immani
1082 355 1290 407 acerbaque
1321 365 1454 393 natura
1475 356 1744 408 Oppianicus:

359 422 587 460 incendebat
606 422 687 473 ejus
703 421 910 458 amentiam
931 420 1064 458 infesta
1084 429 1196 473 atque
1213 421 1370 460 inimica
1387 421 1468 459 filio
1485 431 1606 459 mater
1623 424 1746 461 Aviti.

358 489 498 541 Magni
518 496 645 526 autem
666 486 725 524 illi
745 486 808 524 sua
827 487 999 525 interesse
1019 487 1314 532 arbitrabantur,
1342 487 1447 525 hunc
1468 501 1487 524 a
1508 488 1614 526 causa
1635 488 1746 527 Mar-

357 555 511 592 tialium
532 554 747 592 demovere.
781 553 939 591 Suberat
959 554 1076 591 etiam
1097 554 1168 591 alia
1194 554 1302 591 causa
1321 555 1456 606 major,
1490 568 1574 606 quae
1597 556 1746 608 Oppia-

357 622 450 666 nici,
468 621 640 660 hominis
656 620 857 659 avariffimi
872 629 985 673 atque
1002 620 1250 666 audaciffimi,
1265 630 1437 660 mentem
1450 623 1620 660 maxime
1636 636 1746 661 com-

357 689 550 727 movebat.
594 687 702 725 Nam
724 687 862 725 Avitus
895 687 1012 739 usque
1038 688 1083 725 ad
1103 687 1207 726 illius
1234 688 1375 740 judicii
1407 698 1560 741 tempus
1592 689 1747 728 nullum

357 756 629 794 testamentum
651 767 824 806 unquam
845 752 1009 792 fecerat:
1042 768 1164 807 neque
1184 755 1290 793 enim
1311 755 1434 807 legare
1454 756 1641 807 ejusmodi
1662 769 1746 794 ma-

356 823 406 860 tri
426 830 572 875 poterat
592 822 632 858 in
652 821 828 858 animum
856 820 1036 859 inducere
1052 840 1063 866 ;
1096 835 1220 874 neque
1248 821 1472 860 testamento
1494 836 1635 861 nomen
1657 836 1744 860 om-

356 889 450 926 nino
481 887 769 941 praetermittere
789 887 967 938 parentis.
1000 888 1046 925 Id
1065 901 1157 925 cum
1181 887 1421 939 Oppianicus
1450 888 1572 932 sciret,
1607 890 1749 939 (neque

356 956 460 992 enim
481 963 557 992 erat
577 953 802 1003 obscurum)
826 953 1080 1004 intelligebat,
1105 954 1221 990 Avito
1242 963 1410 997 mortuo,
1434 954 1533 992 bona
1553 955 1634 1005 ejus
1658 967 1746 992 om-

356 1021 419 1057 nia
439 1020 484 1056 ad
506 1029 670 1056 matrem
689 1016 760 1054 esse
789 1026 971 1054 ventura:
1004 1029 1088 1068 quae
1109 1017 1156 1054 ab
1177 1017 1249 1054 sese
1270 1017 1409 1068 postea,
1442 1019 1549 1055 auC'ca
1569 1019 1745 1069 pecunia,

356 1086 498 1136 majore
518 1083 677 1137 praemio
689 1101 701 1127 5
724 1082 854 1120 orbata
870 1081 965 1126 filio,
988 1082 1137 1119 minore
1156 1082 1342 1134 periculo,
1366 1093 1574 1122 necaretur.
1598 1084 1745 1136 Itaque,

355 1152 415 1189 his
438 1151 548 1189 rebus
571 1148 759 1193 incensus,
792 1161 867 1200 qua
897 1148 1041 1186 ratione
1063 1148 1228 1187 Avitum
1248 1162 1395 1187 veneno
1422 1150 1555 1188 tollere
1586 1160 1745 1190 conatus

354 1219 412 1262 sit,
439 1215 670 1269 cognoscite.

399 1284 512 1322 XVI.
546 1284 594 1320 C.
617 1291 655 1319 et
674 1282 723 1320 L.
747 1281 929 1325 Fabricii,
952 1280 1082 1320 fratres
1103 1282 1265 1335 gemini,
1287 1281 1443 1321 fuerunt
1463 1297 1510 1321 ex
1526 1282 1745 1336 municipio

354 1350 581 1392 Aletrinate,
613 1346 791 1385 homines
811 1347 911 1385 inter
931 1346 966 1385 se
986 1361 1078 1386 cum
1099 1347 1237 1393 forma,
1260 1358 1344 1387 tum
1366 1349 1554 1394 moribus,
1577 1348 1743 1387 similes:

354 1416 601 1468 municipum
617 1423 744 1451 autem
757 1413 912 1451 suorum
929 1413 1198 1459 diffimillimi;
1221 1415 1261 1452 in
1279 1416 1419 1467 quibus
1433 1424 1599 1468 quantus
1616 1414 1745 1466 splen-

354 1482 423 1520 dor
444 1482 502 1526 fit,
525 1493 641 1533 quam
662 1492 779 1532 prope
801 1480 1012 1531 aequabilis,
1044 1493 1162 1532 quam
1182 1479 1260 1518 fere
1280 1482 1460 1519 omnium
1489 1481 1678 1525 constans,
1709 1489 1746 1518 et

354 1548 561 1592 moderata,
580 1547 665 1584 vitre
686 1546 794 1589 rano,
814 1559 930 1583 nemo
950 1545 1130 1591 vestrum,
1154 1555 1196 1584 ut
1217 1561 1301 1584 mea
1321 1547 1395 1585 fert
1416 1548 1563 1600 opinio,
1580 1548 1743 1599 ignorat.

354 1616 431 1653 His
454 1613 639 1652 Fabriciis
673 1612 819 1664 semper
851 1612 937 1650 usus
969 1612 1021 1650 est
1047 1613 1288 1666 Oppianicus
1320 1613 1623 1652 familiariffime.
1656 1614 1746 1664 Jam

354 1682 429 1719 hoc
449 1680 528 1719 fere
559 1680 660 1718 scitis
695 1692 845 1723 omnes,
883 1689 1066 1730 quantam
1099 1680 1179 1717 vim
1210 1679 1346 1718 habeat
1380 1680 1426 1717 ad
1460 1679 1745 1731 conjungendas

354 1748 541 1785 amicitias
562 1746 773 1784 studiorum
795 1758 836 1782 ac
858 1753 999 1783 naturae
1020 1745 1244 1783 similitudo.
1279 1747 1383 1783 Cum
1403 1746 1461 1783 illi
1489 1746 1542 1782 ita
1561 1745 1743 1790 viverent,

354 1823 397 1851 ut
418 1812 572 1865 nullu-m
599 1810 786 1863 quaestum
809 1820 961 1864 turpem
994 1810 1065 1848 effe
1084 1811 1382 1855 arbitrarentur;
1415 1824 1507 1849 cum
1538 1811 1666 1848 omnis
1698 1811 1744 1848 ab

352 1880 414 1917 his
448 1878 564 1922 fraus,
601 1890 734 1915 omnes
770 1877 924 1921 infidiae,
961 1877 1410 1930 circumscriptionesque
1445 1877 1744 1915 adolescentium

354 1945 606 1988 nascerentur,
653 1956 822 1994 cumque
855 1942 970 1981 effent
1001 1943 1102 1981 vitiis
1134 1952 1249 1995 atque
1281 1944 1527 1996 improbitate
1561 1943 1743 1982 omnibus

355 2011 436 2049 noti
453 2029 464 2055 3
486 2010 624 2053 studio,
643 2018 685 2046 ut
705 2009 800 2053 dixi,
819 2009 865 2046 ad
885 2023 1018 2047 eorum
1039 2009 1074 2048 se
1090 2008 1388 2048 familiaritatem
1410 2010 1544 2048 multis
1559 2010 1641 2062 jam
1659 2019 1745 2048 ante

353 2076 462 2114 annis
486 2074 726 2127 Oppianicus
747 2074 967 2126 applicarat.

408 2144 542 2194 Itaque
563 2151 647 2178 tum
669 2140 718 2178 fic
739 2140 880 2185 statuit,
912 2154 978 2193 per
999 2142 1046 2179 C.
1080 2141 1305 2179 Fabricium
1330 2142 1437 2193 (nam
1458 2142 1506 2179 L.
1529 2150 1606 2179 erat
1634 2155 1741 2179 mor-

353 2210 461 2260 tuus)
499 2207 647 2246 infidias
669 2207 788 2245 Avito
814 2221 1055 2261 comparare..
1078 2208 1171 2245 Erat
1206 2207 1274 2245 illo
1302 2217 1474 2260 tempore
1505 2208 1657 2245 infirma
1677 2221 1743 2246 va-

352 2274 522 2313 letudine
544 2274 708 2311 Avitus:
742 2273 920 2311 utebatur
939 2284 1068 2311 autem
1090 2274 1243 2311 medico
1275 2274 1452 2326 ignobili,
1485 2273 1544 2312 sed
1577 2274 1745 2326 spestato

353 2339 527 2385 homine,
550 2338 821 2393 Cleophant05
854 2341 962 2392 cujus
985 2340 1132 2378 servum
1156 2341 1373 2393 Diogenem
1392 2340 1590 2378 Fabricius
1611 2341 1656 2378 ad
1677 2353 1742 2378 ve-

354 2420 499 2445 ncnum
527 2407 645 2445 Avito
679 2406 848 2444 dandum
884 2406 946 2459 spe
975 2416 1011 2445 et
1042 2407 1166 2459 pretio
1198 2406 1398 2446 sollicitare
1428 2408 1561 2460 coepit.
1609 2407 1742 2445 Servus
