2212 2835
668 169 810 210 PRO
868 169 917 209 L.
977 168 1316 210 MURENA‚
1629 185 1705 227 213

310 271 430 312 modo
449 271 685 318 maximum,
715 270 779 310 sed
798 271 915 310 etiam
935 270 1076 317 solum,
1097 272 1265 325 gerebat,
1287 272 1439 311 virtutis
1458 291 1469 318 3
1500 281 1607 327 patre
1626 274 1705 313 im·

310 347 483 393 peratore
502 337 751 378 libentiffime
771 337 961 384 meruiffe,
983 338 1135 391 pietatis
1152 357 1164 384 ς
1197 338 1316 377 finem
1335 338 1615 392 stipendiorum
1635 356 1703 394 pa-

307 405 376 444 tris
406 405 605 443 victoriam
634 417 677 442 ac
707 402 956 457 triumphum
983 402 1107 448 fuiffe,
1138 402 1334 442 felicitatis
1364 404 1454 444 fuit.
1492 407 1706 446 Maledieto

308 471 468 525 quidem
493 470 640 509 idcirco
665 468 766 509 nihil
791 470 833 508 in
858 468 962 509 hisce
988 469 1102 508 rebus
1129 469 1207 508 loci
1231 470 1298 516 est,
1330 472 1436 524 quod
1465 473 1598 512 omnia
1623 474 1703 513 laus

307 537 524 590 occupavit.

361 604 433 642 VI.
466 602 691 642 Saltatorem
712 602 879 656 appellat
899 602 948 641 L.
972 602 1184 641 Murenam
1205 604 1318 643 Cato.
1350 604 1611 644 MalediCtum
1636 607 1704 652 est,

303 669 331 708 fi
362 683 448 708 vere
480 669 681 723 objicitur,
716 668 957 708 vehementis
992 669 1219 708 accusatoris
1235 688 1247 716 5
1287 670 1342 708 fin
1376 669 1483 717 falso,
1523 673 1704 712 maledici

302 736 605 776 conviciatoris.‘
625 737 769 789 Qare,
804 750 898 775 cum
924 736 991 775 ista
1021 737 1066 775 fis
1093 738 1332 782 auitoritate,
1370 751 1447 776 non
1475 739 1602 785 debes,
1635 741 1699 780 M.

246 795 251 799 ’
303 804 416 849 Cato,
445 803 609 857 arripere
636 803 889 842 maledictum
919 817 966 841 ex
997 804 1124 849 trivio,
1154 813 1220 842 aut
1250 818 1297 842 ex
1327 804 1540 844 scurrarum
1571 807 1707 860 aliquo

300 870 493 915 convicio,
521 883 645 922 neque
665 878 808 908 temere
827 869 1024 907 consulem
1045 870 1182 923 populi
1202 871 1373 909 Romani
1395 871 1609 912 saltatorem
1630 888 1700 912 vo·-

301 949 386 975 care
401 953 413 981 ς
444 935 508 974 sed
527 936 758 989 conspicere,
781 936 923 988 quibus
943 945 1123 989 praeterea
1142 937 1246 976 vitiis
1267 938 1448 978 affezffqum
1467 940 1537 978 effe
1558 941 1702 980 necefl'e

302 1003 348 1042 fit
367 1015 472 1048 eum,
503 1003 568 1041 cui
587 1016 673 1041 vere
693 1002 793 1040 istud
809 1002 930 1055 objici
955 1002 1081 1056 poffit.
1113 1003 1247 1042 Nemo
1274 1006 1380 1044 enim
1405 1005 1484 1044 fere
1512 1007 1620 1046 saltat
1638 1008 1699 1046 so-

302 1069 422 1115 brius,
452 1069 523 1108 nifi
551 1067 652 1108 forte
680 1068 820 1107 insanit
835 1088 847 1115 3
879 1083 1005 1123 neque
1032 1070 1073 1108 in
1100 1070 1318 1117 solitudine,
1350 1085 1474 1125 neque
1500 1073 1541 1112 in
1562 1075 1700 1113 convi-

299 1137 363 1176 vio
382 1137 579 1175 moderato
607 1145 721 1189 atque
746 1135 920 1175 honesto.
953 1137 1196 1190 Tempestivi
1222 1140 1405 1186 convivii,
1436 1143 1580 1180 amoeni
1606 1142 1699 1188 loci,

298 1203 512 1242 multarum
533 1202 775 1248 deliciarum,
798 1216 929 1242 comes
950 1203 1003 1241 est
1021 1212 1193 1242 extrema
1211 1205 1371 1244 saltatio.
1395 1208 1461 1245 Tu
1482 1208 1583 1246 mihi
1603 1210 1698 1247 arri-

296 1270 357 1322 pis
378 1269 432 1314 id,
462 1268 569 1321 quod
589 1267 733 1307 neceffe
752 1268 806 1306 est
824 1269 1006 1307 omnium
1025 1269 1211 1308 vitiorum
1238 1270 1310 1308 effe
1335 1272 1573 1324 postremum
1592 1293 1604 1319 3
1637 1289 1696 1312 re-

293 1335 441 1388 linquis
462 1335 540 1380 illa,
568 1335 710 1388 quibus
731 1336 905 1382 remotis,
927 1334 1003 1375 hoc
1022 1335 1165 1375 vitium
1185 1337 1349 1376 omnino
1369 1339 1440 1378 effe
1460 1354 1539 1378 non
1559 1341 1695 1393 potest.

295 1401 470 1441 Nullum
491 1410 603 1456 turpe
622 1401 862 1448 convivium,
893 1416 973 1441 non
992 1416 1114 1449 amor,
1145 1417 1224 1442 non
1244 1405 1472 1453 comifl‘at10,
1503 1420 1581 1446 non
1602 1408 1697 1446 libi-

296 1468 361 1513 do,
392 1481 470 1506 non
490 1465 681 1521 sumptus,
711 1468 924 1508 ostenditur
943 1484 952 1507 :
984 1477 1036 1514 et,
1067 1483 1160 1508 cum
1178 1484 1222 1509 ea
1240 1485 1319 1510 non
1339 1474 1590 1526 reperiantur,
1612 1489 1697 1527 quae

295 1534 504 1586 voluptatis
535 1548 678 1574 nomen
706 1534 865 1580 habent,
896 1548 1060 1588 quaeque
1088 1536 1222 1575 vitiosa
1250 1538 1337 1576 sunt
1352 1557 1364 1584 ς
1397 1540 1438 1577 in
1468 1554 1548 1593 quo
1573 1541 1697 1594 ipsam

295 1599 490 1638 luxuriam
510 1601 672 1652 reperire
692 1614 770 1638 non
789 1610 913 1654 potes,
944 1601 986 1639 in
1005 1614 1050 1639 eo
1071 1611 1109 1639 te
1129 1603 1309 1642 umbram
1330 1605 1493 1645 luxuriae
1522 1618 1695 1660 repertu-

295 1678 385 1703 rum
404 1674 515 1718 putas
533 1666 547 1702 ?

349 1729 468 1768 Nihil
488 1731 608 1783 igitur
626 1732 667 1770 in
685 1733 803 1770 vitam
825 1733 873 1771 L.
897 1733 1075 1771 Murenae
1095 1734 1172 1772 dici
1191 1736 1337 1787 potest?
1361 1736 1492 1784 Nihil,
1514 1738 1692 1792 inquam,

293 1796 469 1841 omnino,
491 1797 664 1848 Judices.
696 1799 759 1836 Sic
778 1812 799 1835 a
818 1811 882 1837 me
903 1799 1036 1838 consul
1056 1800 1271 1854 designatus
1293 1802 1526 1850 defenditur,
1549 1815 1592 1844 ut
1611 1808 1691 1859 ejus

291 1862 399 1901 nulla
417 1862 534 1908 fraus,
566 1863 673 1901 nulla
691 1865 859 1911 avaritia,
890 1866 997 1904 nulla
1016 1867 1189 1919 perfidia,
1222 1869 1329 1908 nulla
1348 1872 1566 1918 crudelitas,
1598 1874 1689 1912 nul-

290 1928 375 1966 lum
396 1928 570 1981 petulans
589 1930 752 1976 dictum,
775 1931 815 1969 in
837 1932 914 1970 vita
933 1932 1161 1985 proferatur.
1195 1936 1299 1974 Bene
1318 1935 1434 1975 habet
1453 1952 1461 1976 ε
1485 1938 1584 1991 jaeta
1604 1939 1690 1978 sunt

290 1994 541 2034 fundamenta
560 1996 804 2037 defensionis.
835 1999 1027 2038 Nondum
1047 2002 1153 2039 enim
1174 2003 1309 2041 nostris
1330 2004 1523 2050 laudibus,
1546 2007 1689 2058 quibus

291 2070 375 2098 utar
399 2062 537 2114 postea,
573 2063 634 2101 sed
666 2078 784 2117 prope
815 2065 1066 2105 inimicorum
1098 2068 1344 2116 confeffione,
1381 2072 1508 2110 virum
1540 2072 1690 2111 bonum

291 2135 404 2180 atque
424 2128 620 2181 integrum
641 2129 844 2169 hominem
866 2131 1126 2173 defendimus.

347 2194 439 2232 V11.
472 2196 564 2246 Qo
585 2197 808 2243 constitum,
826 2198 976 2237 facilior
995 2200 1048 2237 cst
1069 2200 1169 2239 mihi
1190 2202 1313 2241 aditus
1331 2203 1376 2240 ad
1393 2204 1686 2242 contentionem
1724 2246 1726 2249 .

290 2260 513 2312 dignitatis:
537 2276 620 2313 quae
641 2277 723 2315 pars
745 2264 859 2303 altera
878 2264 954 2303 fuit
974 2267 1236 2306 accusationis.
1259 2270 1462 2308 Summam
1483 2270 1594 2307 video
1614 2270 1685 2307 effe

290 2326 402 2371 inte,
435 2328 538 2364 Servi
560 2329 719 2381 Sulpici,
751 2331 982 2383 dignitatem
1005 2335 1168 2386 generis,
1199 2335 1444 2387 integritatis,
1476 2336 1683 2380 industriae,

288 2402 591 2445 caeterorumque
611 2407 923 2438 ornamentorum
946 2401 1142 2445 omnium,
1175 2402 1316 2453 quibus
1344 2400 1487 2438 fretum
1516 2401 1561 2438 ad
1586 2415 1681 2440 con-

286 2459 428 2498 sulatus
460 2461 686 2512 petitionem
718 2464 869 2514 aggredi
902 2479 968 2516 par
998 2466 1062 2504 est.
1097 2467 1203 2504 Paria
1233 2466 1422 2518 cognosco
1452 2466 1522 2505 effe
1550 2467 1614 2506 ista
1641 2469 1681 2506 in
