2212 2835
678 178 818 217 PRo
877 177 1096 216 DOMO
1155 178 1298 217 SUA.
1611 179 1684 234 385

291 278 514 332 suffragium
536 278 570 317 se
591 292 668 316 non
690 278 736 316 de
755 277 849 316 civis
867 305 877 322 ,
910 276 972 314 sed
992 275 1039 313 de
1059 275 1224 313 civitatis
1242 304 1254 321 ‚
1286 275 1404 314 salute
1430 274 1528 314 ferre
1552 275 1682 314 cense-

291 346 411 391 bant;
443 360 536 384 cum
573 346 739 397 denique
772 344 951 382 homines
985 343 1025 380 in
1060 355 1245 394 campum
1280 356 1359 380 non
1395 343 1590 388 tabernis,
1623 342 1684 381 sed

291 413 531 466 municipiis,
563 412 694 450 claufis
716 419 914 449 venerunt.

345 480 538 517 XXXIV.
571 479 662 516 Hoc
693 490 765 529 ego
796 475 955 528 popu10‚
986 474 1012 511 s1
1045 482 1132 511 tum
1163 473 1335 512 consules
1368 483 1432 513 aut
1463 474 1617 514 fuiffent
1643 476 1685 514 in

290 544 499 597 republica,
531 553 596 581 aut
617 543 779 580 omnino
800 554 879 578 non
898 539 1081 583 fuiffent3
1115 538 1224 576 nullo
1243 539 1386 585 labore,
1410 549 1478 578 tuo
1497 541 1685 594 praecipiti

288 608 408 647 furori
446 618 560 662 atque
595 608 719 660 impio
757 606 887 645 sceleri
919 603 1145 643 restitiffem.
1194 604 1266 642 Sed
1300 605 1498 658 publicam
1533 607 1685 645 causam

289 685 421 713 contra
442 675 521 713 vim
552 682 737 712 armatam
763 672 841 711 fine
867 671 1003 725 populi
1028 670 1200 724 praefidio
1229 671 1412 724 suscipere
1438 672 1574 711 nolui:
1606 686 1686 711 non

242 788 246 792 ι
288 754 368 793 quo
389 739 490 779 mihi
510 741 554 779 P.
579 739 782 793 Scipioni8‚
813 736 1009 776 fortiffimi
1030 736 1116 781 viri,
1141 736 1197 774 vis
1219 736 1370 782 intima,
1392 738 1530 790 privati
1550 737 1684 777 homi-

287 808 362 853 nis,
394 806 610 860 displiceret
628 821 636 844 :
669 805 730 844 sed
752 803 941 857 Scipionis
961 801 1109 841 facium
1129 802 1256 841 statim
1277 804 1322 842 P.
1345 804 1507 843 Mucius
1535 805 1683 851 consul,

288 873 358 926 qui
378 873 418 911 in
437 873 600 925 gerenda
620 871 818 925 republica
836 870 1043 923 putabatur
1067 867 1178 907 fuiffe
1205 867 1355 923 segnior
1370 899 1382 915 ,
1413 883 1532 923 quam
1552 871 1654 924 gesta
1672 900 1684 918 ,

290 939 426 979 multis
447 937 804 977 senatus-consultis
825 949 904 975 non
925 935 1042 974 modo
1062 933 1255 980 defendit,
1287 935 1350 974 sed
1369 936 1486 974 etiam
1506 937 1656 976 ornavit
1673 952 1683 976 ι

290 1004 392 1043 mihi
409 1014 487 1050 aut,
517 1014 554 1042 te
574 1002 790 1048 interfecto,
811 1015 904 1041 cum
922 1000 1144 1039 consulibus
1160 1018 1173 1046 5
1205 1009 1284 1047 aut,
1307 1010 1343 1039 te
1362 1002 1464 1047 vivo,
1495 1011 1534 1040 et
1554 1011 1685 1041 tecum

290 1079 330 1109 et
350 1084 442 1109 cum
462 1071 554 1115 illis,
585 1070 700 1107 armis
721 1068 992 1107 decertandum
1013 1066 1102 1105 fuit.

346 1139 466 1177 Erant
500 1151 545 1176 eo
579 1146 753 1189 tempore
789 1135 911 1173 multa
945 1135 1062 1173 etiam
1094 1133 1168 1171 alia
1201 1134 1421 1174 metuenda.
1467 1135 1530 1174 Ad
1563 1136 1685 1175 servos

291 1205 442 1242 medius
463 1204 576 1242 fidius
598 1217 653 1241 res
675 1201 898 1255 pervenisset
917 1216 925 1239 ε
958 1210 1110 1238 tantum
1134 1198 1314 1239 homines
1340 1202 1484 1254 impios
1501 1230 1513 1246 ‚
1544 1215 1591 1240 ex
1619 1215 1685 1240 ve-

291 1280 370 1309 tere
389 1271 456 1309 illa
471 1270 733 1322 conjuratione
750 1268 920 1307 inustum
939 1266 1090 1305 nefariis
1109 1267 1321 1312 mentibus,
1340 1268 1533 1306 bonorum
1551 1269 1687 1307 odium

292 1337 492 1375 retinebat.
525 1336 607 1374 Hic
627 1345 669 1373 tu
691 1348 754 1373 me
779 1335 896 1372 etiarn
923 1332 1079 1386 gloriari
1105 1341 1207 1370 vetas
1229 1347 1237 1370 :
1271 1346 1384 1385 negas
1410 1333 1481 1372 effe
1508 1333 1686 1379 ferenda,

291 1416 377 1455 quae
397 1402 538 1440 soleam
558 1401 604 1438 de
623 1414 686 1438 me
706 1400 908 1453 praedicare
921 1417 934 1443 3
966 1407 1024 1442 et,
1054 1397 1176 1436 horno
1196 1396 1341 1436 facetus
1355 1427 1366 1444 ‚
1398 1399 1549 1438 inducis
1570 1400 1687 1438 etiam

292 1468 508 1506 sermonem
539 1467 731 1505 urbanum
762 1479 804 1503 ac
836 1463 1066 1501 venustum:
1099 1476 1163 1500 me
1194 1463 1319 1501 dicere
1349 1464 1491 1510 solere,
1521 1465 1592 1504 effe
1623 1479 1688 1504 me

295 1535 434 1585 Jovem
451 1552 462 1577 ;
494 1533 739 1583 eundemque
770 1531 957 1573 dictitare,
988 1529 1210 1566 Minervam
1245 1527 1315 1566 effe
1346 1529 1512 1568 sororem
1542 1545 1686 1570 meam.

294 1600 390 1639 Non
413 1609 492 1638 tam
511 1598 674 1637 insolens
696 1597 794 1641 sum,
826 1595 930 1649 quod
951 1595 1089 1646 Jovem
1110 1594 1182 1632 effe
1203 1607 1266 1632 me
1286 1595 1388 1641 dico,
1419 1609 1538 1648 quam
1559 1598 1689 1635 erudi-

295 1676 385 1711 tus,
417 1666 522 1718 quod
554 1665 773 1702 Minervam
806 1662 972 1700 sororem
1003 1661 1108 1712 Jovis
1141 1659 1211 1698 effe
1237 1661 1427 1699 existimo.
1461 1662 1531 1700 Sed
1558 1671 1689 1701 tamen

293 1745 366 1786 ego
386 1731 485 1770 mihi
506 1731 671 1769 sororem
693 1729 882 1782 virginem
910 1726 1048 1765 ascisco
1067 1742 1075 1765 :
1109 1736 1150 1764 tu
1172 1726 1336 1765 sororem
1365 1736 1471 1766 tuam
1498 1728 1688 1780 virginem

294 1798 365 1837 effe
384 1812 462 1837 non
483 1797 610 1836 fivisti.
634 1796 705 1834 Sed
725 1795 826 1839 vide,
849 1808 896 1832 ne
918 1803 958 1832 tu
981 1803 1017 1831 te
1038 1793 1172 1831 debeas
1193 1794 1332 1844 Jovem
1354 1794 1493 1839 dicere,
1519 1794 1625 1847 quod
1646 1803 1689 1833 tu

287 1865 376 1918 jure
399 1864 558 1903 eandem
578 1862 744 1902 sororem
765 1871 803 1900 et
825 1874 983 1899 uxorem
1003 1860 1193 1913 appellare
1213 1859 1339 1913 poffis.

351 1930 523 1969 XXXV.
555 1930 622 1973 Et,
653 1928 837 1981 quoniam
857 1926 932 1965 hoc
953 1926 1212 1979 reprehendi5‚
1245 1926 1350 1978 quod
1369 1926 1486 1965 solere
1506 1940 1570 1966 me
1587 1928 1689 1966 dicas

295 1997 343 2035 de
363 2009 425 2034 me
444 1995 525 2048 ipso
543 1995 741 2048 gloriosius
762 1993 965 2047 praedicare
981 2011 993 2037 3
1023 1993 1110 2044 quis
1132 2005 1302 2044 unquam
1324 1992 1483 2038 audivit,
1506 2007 1598 2032 curn
1618 2007 1691 2047 ego

295 2063 343 2100 de
362 2074 440 2106 me,
467 2061 534 2099 nifi
557 2062 722 2104 coactus,
743 2073 785 2097 ac
806 2058 1020 2103 necessario,
1043 2059 1209 2096 dicerem
1231 2059 1243 2094 ?
1276 2058 1382 2096 Nam
1404 2059 1443 2103 fi,
1475 2073 1567 2097 cum
1588 2058 1690 2097 mihi

297 2126 412 2171 furta,
443 2126 678 2179 largitiones,
710 2125 890 2163 libidines
928 2123 1179 2176 objiciuntur,
1212 2137 1283 2175 ego
1318 2124 1538 2175 respondere
1572 2123 1687 2168 soleo,

298 2192 396 2231 meis
426 2191 605 2235 confiliis,
636 2191 831 2243 periculis,
863 2189 1074 2233 laboribus,
1107 2189 1267 2241 patriam
1299 2188 1369 2226 effe
1400 2188 1684 2233 conservatam5

299 2272 376 2297 non
398 2266 476 2295 tam
497 2257 579 2295 sum
600 2257 873 2294 existimandus
893 2256 940 2293 de
960 2256 1070 2308 gestis
1091 2255 1203 2292 rebus
1223 2254 1392 2306 gloriari,
1411 2267 1527 2305 quam
1548 2253 1594 2290 de
1614 2253 1688 2291 ob-

294 2323 406 2377 jectis
440 2336 516 2361 non
548 2322 735 2361 confiteri.
768 2323 853 2367 Sed,
885 2322 910 2360 fi
943 2321 1041 2360 mihi
1073 2330 1158 2358 ante
1189 2320 1271 2357 haec
1302 2319 1498 2357 duriffima
1528 2319 1687 2371 reipub-

299 2389 383 2427 licae
404 2398 576 2440 tempora
601 2387 699 2425 nihil
727 2400 900 2439 unquam
927 2387 1030 2424 aliud
1057 2387 1252 2438 objectum
1280 2384 1332 2421 est
1349 2411 1360 2428 ‚
1391 2383 1459 2421 nifi
1487 2383 1688 2422 crudelitas

300 2455 405 2493 illius
426 2454 625 2507 temporis,
647 2467 737 2492 cum
759 2467 779 2491 a
797 2453 917 2506 patria
937 2452 1148 2505 perniciem
1169 2450 1325 2503 depuli;
1354 2449 1482 2501 quid?
1514 2462 1576 2488 me
1595 2449 1689 2488 huic

383 2522 518 2560 Tou.
551 2521 602 2560 V.
1256 2517 1289 2554 C
1319 2529 1339 2554 c
1369 2528 1390 2553 c
