2212 2835
753 186 891 225 PRO
950 187 999 225 L
1061 187 1374 226 FLACCO.
1699 200 1773 241 πμ

380 288 549 326 confiliis
572 287 740 341 perculsa
759 297 798 325 et
817 287 956 326 afflicta
977 287 1043 333 est,
1073 288 1280 333 omittam;
1312 289 1378 326 illa
1397 297 1519 334 vetus,
1541 302 1626 341 quae
1646 303 1775 342 quon-

383 355 471 392 dam
503 354 656 407 opibus,
687 354 867 406 imperio,
898 354 1032 405 gloria,
1063 354 1206 398 floruit,
1237 353 1314 391 hoc
1346 368 1424 392 uno
1454 354 1558 392 malo
1589 355 1774 400 concidit,

382 421 558 457 libertate
592 420 846 457 immoderata
881 432 923 456 ac
951 419 1108 456 licentia
1137 419 1389 458 concionum.
1423 421 1526 458 Cum
1559 421 1600 458 in
1628 420 1777 460 theatro

382 486 556 539 imperiti
585 484 779 529 homines,
815 498 941 522 rerum
976 485 1158 522 omniurn
1195 484 1306 522 rudes
1342 485 1556 537 ignarique,
1592 487 1775 525 consede-

382 561 466 590 rant
481 570 494 596 ;
527 560 611 589 turn
643 550 745 589 bella
774 551 930 588 inutilia
959 549 1227 604 suscipiebant,
1259 559 1346 588 tum
1373 551 1566 589 seditiosos
1596 551 1775 591 homines

382 618 602 671 reipublicae
632 617 907 670 praeficiebant,
943 627 1029 655 tum
1063 617 1212 670 optime
1246 617 1405 656 meritos
1440 618 1540 657 cives
1572 632 1592 656 e
1623 619 1778 657 civitate

380 684 598 737 ejiciebant.

436 751 555 802 Qod
582 750 608 788 fi
634 749 716 788 haec
743 749 909 789 Athenis
937 760 1039 796 turn,
1071 764 1163 788 cum
1190 750 1264 789 illae
1292 764 1370 789 non
1398 751 1522 789 solum
1549 751 1589 789 in
1612 752 1775 797 Graecia,

380 817 444 855 sed
480 830 598 870 prope
631 818 780 855 cunctis
816 817 1012 869 gentibus,
1052 816 1262 862 enitebant,
1303 817 1474 855 accidere
1512 817 1601 856 sunt
1638 817 1775 861 solita;

383 897 502 936 quam
523 883 828 921 moderationem
849 884 993 935 putatis
1014 883 1055 920 in
1077 882 1258 936 Phrygia,
1289 892 1355 922 aut
1380 884 1421 922 in
1448 884 1587 935 Mysia,
1617 884 1778 922 concio-

383 963 481 988 num
502 948 610 987 fuiffe
629 950 641 986 ?
673 949 830 988 Nostras
851 951 1056 988 conciones
1077 950 1233 988 illarum
1260 951 1462 989 nationum
1488 950 1668 989 homines
1693 951 1777 1004 ple-

383 1030 551 1068 rumque
570 1017 795 1069 perturbant
813 1030 821 1054 :
855 1017 964 1069 quid,
995 1030 1087 1055 cum
1108 1016 1177 1055 soli
1197 1017 1283 1055 sunt
1303 1017 1385 1069 ipsi,
1417 1017 1574 1056 tandem
1600 1018 1683 1056 fieri
1703 1031 1778 1071 pu-

383 1084 505 1121 tatis?
537 1082 663 1121 Caesus
684 1083 736 1120 est
756 1083 874 1135 virgis
902 1085 1084 1135 Cymaeus
1110 1084 1177 1121 ille
1202 1083 1481 1136 Athenagoras,
1513 1085 1583 1138 qui
1610 1085 1652 1123 in
1678 1083 1782 1123 fame

383 1149 628 1187 frumentum
654 1158 854 1202 exportare
880 1159 959 1187 erat
984 1150 1107 1188 ausus.
1139 1151 1240 1188 Data
1267 1151 1404 1188 concio
1435 1151 1556 1189 Laelio
1583 1151 1649 1190 est.
1683 1153 1780 1190 Pro-

383 1217 489 1254 ceffit
507 1216 587 1261 ille,
618 1225 657 1254 et
678 1216 838 1254 Graecus
860 1218 961 1269 apud
982 1218 1138 1255 Graecos
1165 1230 1244 1254 non
1271 1217 1318 1255 de
1344 1217 1460 1270 culpa
1486 1218 1549 1256 sua
1574 1218 1687 1263 dixit,
1719 1218 1781 1257 sed

382 1282 430 1320 de
448 1296 562 1335 poena
581 1282 733 1334 questus
754 1283 819 1321 est.
852 1284 1108 1322 Porrexerunt
1128 1297 1289 1322 manus:
1322 1283 1537 1338 psephisma
1555 1293 1691 1323 natum
1712 1285 1779 1324 est.

384 1350 478 1388 Hoc
505 1349 772 1388 testimonium
798 1350 882 1388 est?
914 1351 1053 1403 Nuper
1079 1350 1238 1403 epulati,
1269 1351 1384 1404 paulo
1410 1360 1497 1389 ante
1523 1352 1632 1390 omni
1663 1351 1781 1404 largi-

383 1417 490 1455 tione
509 1417 662 1455 saturati
689 1418 930 1470 Pergameni,
963 1418 1068 1470 quod
1097 1417 1362 1464 Mithridates,
1395 1419 1464 1471 qui
1484 1419 1783 1457 multitudinem

385 1483 495 1521 illam
516 1497 594 1522 non
615 1485 853 1529 auctoritate,
885 1484 947 1522 sed
969 1484 1107 1535 sagina,
1139 1484 1305 1529 tenebat,
1336 1484 1373 1522 se
1392 1485 1490 1522 velle
1511 1486 1624 1531 dixit,
1655 1485 1694 1524 id
1718 1485 1782 1523 su·

387 1558 486 1587 tores
517 1560 555 1588 et
581 1551 727 1588 zonarii
754 1550 1059 1588 conclamarunt.
1093 1550 1185 1587 Hoc
1211 1550 1479 1589 testimonium
1506 1552 1558 1589 est
1584 1552 1781 1591 civitatis?

320 1621 328 1627 ‘
387 1615 474 1667 Ego
506 1615 614 1653 testes
646 1629 666 1652 a
698 1616 825 1653 Sicilia
852 1615 1008 1668 publice
1034 1615 1157 1653 duxi:
1191 1629 1324 1654 verum
1356 1626 1462 1655 erant
1493 1630 1534 1655 ea
1565 1618 1783 1657 testimonia

326 1665 334 1679 ’
386 1693 464 1718 non
486 1681 686 1719 concitatae
706 1682 915 1725 concionis,
947 1681 1009 1719 sed
1030 1681 1148 1733 jurati
1175 1680 1337 1720 senatus.
1371 1683 1500 1734 Qare
1520 1686 1603 1736 jam
1631 1699 1709 1724 non
1730 1687 1783 1724 est

387 1744 487 1784 mihi
507 1746 707 1784 contentio
727 1759 820 1784 cum
842 1746 960 1792 teste3
991 1747 1100 1784 vobis
1122 1747 1330 1786 videndum
1357 1749 1423 1795 est,
1455 1749 1575 1788 s1ntne
1604 1750 1685 1789 haec
1706 1752 1780 1789 tes—

386 1813 550 1851 timonia
567 1813 749 1866 putanda.

442 1880 557 1918 VIII.
589 1880 821 1918 Adolescens
851 1880 988 1926 bonus,
1019 1879 1178 1920 honesto
1208 1881 1296 1920 loco
1327 1892 1452 1928 natus,
1485 1884 1657 1930 disertus,
1689 1900 1782 1924 cum

388 1946 562 1984 maximo
582 1946 897 1999 ornatiffimoque
917 1948 1105 1986 comitatu
1126 1948 1231 1986 venit
1250 1948 1291 1986 in
1311 1949 1501 2002 oppidum
1524 1951 1752 1991 Graecorum
1771 1968 1780 1992 :

389 2011 554 2065 postulat
573 2013 827 2051 concionem:
858 2013 1070 2067 locupletes
1099 2013 1279 2053 homines
1306 2025 1344 2053 et
1369 2030 1514 2068 graves,
1545 2031 1593 2056 ne
1618 2018 1689 2056 fibi
1714 2019 1783 2057 ad-

388 2076 595 2124 versentur,
631 2078 840 2117 testimonii
873 2079 1164 2118 denuntiatione
1198 2081 1388 2120 deterret:
1425 2092 1579 2136 egentes
1613 2094 1652 2123 et
1685 2085 1783 2123 leves

386 2142 450 2195 spe
469 2142 670 2196 legationis
688 2154 727 2183 et
746 2145 885 2183 viatico
903 2145 1077 2199 publico,
1107 2148 1253 2200 privata
1270 2148 1386 2186 etiam
1407 2150 1659 2202 benignitate,
1687 2164 1780 2202 pro-

389 2209 516 2247 ledat.
550 2210 722 2262 Opifices
742 2220 780 2249 et
800 2212 1044 2257 tabernarios,
1075 2222 1190 2266 atque
1208 2214 1317 2251 illam
1342 2228 1503 2253 omnem
1531 2215 1664 2255 faecem
1685 2216 1782 2253 civi-

392 2284 531 2320 tatum,
562 2276 657 2328 quid
677 2277 730 2314 est
749 2279 895 2330 negotii
915 2279 1118 2325 concitare,
1150 2280 1191 2318 in
1209 2293 1298 2318 eum
1320 2281 1541 2334 praesertim,
1573 2283 1640 2333 qui
1661 2295 1783 2334 nuper

393 2341 546 2380 summo
566 2355 658 2380 cum
679 2343 842 2396 imperio
862 2343 992 2390 fuerit,
1023 2345 1177 2384 summo
1195 2356 1323 2384 autem
1352 2348 1390 2385 in
1412 2361 1539 2385 amore
1558 2347 1642 2392 effe,
1664 2361 1781 2401 prop-

392 2418 450 2446 ter
480 2421 622 2446 nomen
653 2408 780 2461 ipsum
808 2410 975 2462 imperii,
1007 2425 1084 2450 non
1111 2413 1312 2465 potuerit?
1345 2413 1575 2451 Mirandum
1603 2427 1689 2452 vero
1715 2414 1780 2460 est,

392 2473 569 2514 homines
585 2488 663 2521 eos,
680 2476 821 2529 quibus
839 2476 930 2515 odio
945 2477 1032 2517 sunt
1052 2479 1184 2517 nostrae
1205 2478 1369 2522 secures;
1390 2492 1546 2524 nomen,
1564 2480 1781 2527 acerbitati,

1369 2545 1385 2581 I
1417 2545 1427 2581 i
1460 2558 1479 2582 2
