2212 2835
762 201 903 240 PRO
962 202 1011 241 L
1071 203 1381 246 FLACCO.
1706 215 1783 268 Ζῶ

437 301 539 352 Qae
571 300 730 354 quidem
757 315 778 339 a
809 316 873 340 me
901 303 942 348 fi,
973 312 1016 342 ut
1042 304 1204 343 dicenda
1230 306 1331 352 suut,
1363 308 1594 355 dicerentur,
1625 313 1776 364 gravius

384 380 549 419 agerem,
581 368 753 419 Judices,
785 383 903 421 quam
933 369 1059 409 adhuc
1090 372 1164 424 egI,
1197 383 1379 424 quantam
1412 377 1588 415 Asiaticis
1621 379 1777 418 testibus

383 431 503 470 fidem
523 431 662 471 habere
682 447 749 472 vos
769 434 1003 473 conveniret.
1035 436 1273 475 Revocarem
1295 439 1444 478 animos
1466 442 1602 481 vestros
1624 444 1668 481 ad
1690 445 1776 482 Mi-

383 496 580 536 thridatici
601 498 694 535 belli
714 499 960 544 memoriam,
977 500 1024 538 ad
1043 500 1152 539 illam
1174 502 1437 542 universorum
1458 506 1604 546 civium
1626 509 1776 547 Rorna-

381 576 521 600 norum
541 576 609 615 per
629 572 687 602 tot
708 564 834 608 urbes,
867 578 944 603 uno
963 568 1109 618 puncto
1129 568 1330 620 temporis,
1358 569 1535 609 miseram
1558 574 1776 613 crudelem-

380 641 456 680 que
481 629 651 668 caedern:
683 639 861 683 praetores
893 632 1038 671 nostros
1068 632 1230 679 deditos,
1263 634 1406 688 legatos
1432 638 1473 676 in
1499 639 1653 677 vincula
1679 654 1775 679 con-

372 696 509 746 jectos,
540 696 710 734 nominis
732 710 849 749 prope
870 698 1040 736 Romani
1061 700 1294 739 memoriam
1321 715 1412 741 cum
1440 703 1598 757 vestigio
1621 706 1776 760 imperii

378 774 457 799 non
484 763 603 800 modo
629 775 676 800 ex
703 763 848 802 aedibus
878 765 1121 810 Graecorum,
1153 780 1287 805 verum
1313 769 1428 807 etiam
1460 783 1508 808 ex
1538 771 1674 817 literis,
1704 773 1776 811 effe

377 827 558 867 deletam.
590 829 865 868 Mithridatem
894 832 1041 876 Deum,
1072 832 1187 871 illum
1214 834 1381 880 Patrem,
1413 836 1530 875 illum
1562 838 1774 877 Conserva-

378 903 502 932 torem
530 894 642 940 Afiae,
672 895 786 934 illum
809 897 970 942 Evium‚
1003 898 1185 949 Nyfium,
1218 900 1432 947 Bacchum,
1464 903 1668 950 Liberum,
1700 919 1772 944 no-

377 960 592 998 minabant.
635 963 774 1000 Unum
808 972 922 1014 atque
956 963 1060 1002 idem
1094 975 1174 1003 erat
1207 975 1388 1020 tempus,
1423 982 1516 1008 cum
1551 971 1601 1010 L.
1633 972 1774 1011 Flacco

376 1026 523 1064 consuli
555 1037 681 1080 portas
713 1037 793 1066 tota
823 1030 910 1067 Afia
940 1029 1142 1070 claudebat
1157 1050 1169 1076 ς
1202 1033 1473 1086 Cappadocem
1501 1044 1629 1075 autem
1658 1037 1773 1076 illum

377 1106 455 1131 non
475 1093 594 1131 modo
619 1094 828 1147 recipiebat
854 1095 928 1133 suis
957 1096 1132 1142 urbibus,
1165 1111 1298 1137 verum
1325 1100 1442 1138 etiam
1468 1102 1571 1140 ultro
1597 1104 1771 1143 vocabat.

376 1160 510 1198 Liceat
540 1159 622 1197 haec
653 1161 780 1205 nobis,
811 1160 838 1198 fi
865 1161 1042 1200 oblivisci
1068 1176 1146 1201 non
1171 1164 1384 1217 possumus,
1416 1176 1453 1205 at
1479 1176 1627 1207 tacere:
1660 1171 1773 1209 liceat

376 1224 477 1263 mihi
497 1226 625 1278 potius
650 1226 696 1263 de
722 1226 876 1265 levitate
905 1228 1131 1267 Graecorum
1160 1231 1282 1282 queri,
1314 1245 1432 1284 quam
1459 1233 1505 1271 de
1532 1235 1770 1275 crudelitate.

374 1291 660 1329 Auctoritatem
691 1291 752 1329 isti
783 1290 949 1330 habeant
979 1294 1081 1347 apud
1109 1308 1187 1341 eos,
1219 1309 1315 1348 quos
1347 1297 1417 1335 effe
1445 1300 1607 1338 omnino
1633 1301 1770 1339 nolue-

373 1365 491 1395 runt:
523 1370 629 1402 nam,
660 1357 912 1411 quoscunque
931 1368 1155 1412 potuerunt,
1188 1370 1336 1414 togatos
1356 1363 1665 1411 interemerunt3
1698 1380 1770 1405 no-

375 1436 467 1461 men
487 1424 634 1462 civium
655 1425 941 1471 Romanorum,
973 1437 1164 1478 quantum
1186 1428 1225 1466 in
1246 1429 1332 1481 ipfis
1353 1429 1444 1475 fuit,
1475 1430 1720 1471 sustulerunt.

429 1490 582 1528 XXVI.
615 1491 662 1528 In
688 1489 760 1528 hac
786 1491 906 1543 igitur
932 1493 1025 1530 urbe
1051 1493 1087 1530 se
1107 1494 1267 1544 jactent,
1299 1508 1418 1546 quam
1448 1496 1638 1537 oderunt:
1671 1501 1772 1552 apud

374 1567 452 1599 eos,
474 1569 570 1607 quos
590 1556 705 1593 inviti
726 1556 855 1594 vident
874 1571 882 1594 :
915 1557 955 1594 in
976 1571 1018 1594 ea
1039 1559 1248 1611 republica,
1269 1560 1315 1597 ad
1335 1574 1453 1612 quam
1474 1564 1771 1615 opprimendam

375 1633 453 1658 non
474 1621 625 1659 animus
644 1621 713 1665 eis,
744 1621 807 1658 sed
828 1622 924 1660 vires
945 1622 1165 1662 defuerunt.
1198 1625 1398 1678 Aspiciant
1422 1626 1529 1666 hunc
1556 1628 1691 1668 florem
1713 1631 1770 1670 le-

373 1695 566 1738 gatorum,
598 1687 921 1740 laudatorumque
939 1689 1083 1734 Flacci,
1115 1703 1163 1728 ex
1183 1704 1267 1729 vera
1289 1701 1402 1744 atque
1423 1693 1571 1746 integra
1591 1696 1767 1735 Graecia:

372 1761 459 1790 tum
490 1753 527 1791 se
560 1754 629 1807 ipfi
660 1757 891 1808 expendant,
924 1765 1011 1794 turn
1042 1770 1135 1795 cum
1167 1756 1229 1796 his
1259 1758 1294 1796 se
1323 1769 1576 1813 comparent5
1608 1771 1709 1808 tum,
1741 1763 1769 1802 fi

372 1818 582 1865 audebunt,
613 1820 794 1874 dignitati
813 1821 955 1860 horum
975 1833 1212 1876 componant
1232 1824 1352 1863 suam.

425 1885 579 1924 Adsunt
598 1886 865 1934 Athenienses,
897 1889 998 1927 unde
1018 1889 1253 1936 humanitas,
1285 1891 1469 1937 doctrina,
1501 1893 1651 1946 religio,
1680 1893 1765 1933 fru-

369 1964 452 2004 geS,
477 1952 576 2003 jura,
606 1953 710 2006 leges
730 1964 835 2000 ortae,
866 1964 980 2008 atque
1007 1957 1047 1994 in
1076 1970 1210 1995 omnes
1232 1967 1345 1996 terras
1367 1958 1592 2005 distributae,
1623 1970 1766 2014 putan-

371 2026 453 2055 tur:
476 2018 521 2055 de
541 2032 709 2071 quorum
730 2022 834 2060 urbis
855 2023 1087 2075 poffeffione,
1105 2034 1259 2078 propter
1279 2024 1629 2077 pulchritudinem,
1650 2028 1767 2066 etiam

371 2084 472 2122 inter
498 2085 604 2125 Deos
632 2097 824 2127 certamen
851 2088 960 2128 fuiffe
986 2091 1185 2143 proditum
1214 2091 1291 2129 est:
1326 2106 1410 2144 quae
1436 2093 1618 2131 vetustate
1637 2107 1679 2131 ea
1698 2094 1764 2139 est,

372 2159 415 2188 ut
448 2151 527 2203 ipsa
559 2166 607 2191 ex
640 2154 711 2193 sese
741 2155 825 2194 suos
855 2157 954 2194 cives
985 2157 1153 2209 genuiffe
1186 2158 1361 2202 dicatu1·;
1399 2167 1436 2196 et
1466 2172 1600 2197 eorum
1631 2160 1763 2197 eadem

371 2225 469 2254 terra
503 2231 650 2269 parens,
685 2221 813 2267 altrix,
854 2223 987 2276 patria,
1028 2224 1202 2261 dicatur:
1243 2225 1465 2261 auctoritate
1497 2235 1625 2263 autem
1661 2234 1764 2262 tanta

371 2283 437 2327 est,
470 2292 513 2320 ut
534 2285 616 2336 jam
637 2284 801 2326 fractum
823 2303 940 2342 prope
961 2303 1003 2327 ac
1024 2290 1270 2328 debilitatum
1303 2290 1461 2328 Graeciae
1481 2304 1622 2328 nomen
1644 2289 1761 2342 hujus

372 2349 476 2387 urbis
498 2349 608 2388 laude
629 2352 784 2391 nitatur.

426 2415 579 2455 Adsunt
610 2419 922 2458 Lacedaemonii:
958 2422 1067 2472 cujus
1103 2422 1269 2460 civitatis
1300 2422 1458 2474 spcftata
1487 2435 1529 2458 ac
1560 2422 1763 2460 nobilitata

371 2482 492 2521 virtus
524 2497 602 2523 non
632 2484 755 2524 solum
787 2496 919 2524 natura
946 2488 1200 2532 corroborata,
1236 2501 1369 2525 verum
1400 2487 1515 2525 etiam
1547 2487 1760 2541 disciplina,

1328 2554 1359 2590 L
1391 2552 1403 2589 l
1436 2565 1455 2591 2
