2212 2835
622 201 758 241 PRo
817 200 870 237 A.
930 189 1342 235 CLUENTIO.
1638 199 1687 240 37

292 307 401 353 niosi,
427 317 547 359 quam
567 302 667 341 clara
686 310 787 345 tum,
821 297 965 337 recenti
992 309 1044 340 re,
1077 307 1196 346 quam
1216 291 1399 330 omnium
1419 288 1593 326 sermone
1623 299 1690 324 ce·-

291 376 436 414 lebrata
455 374 467 410 ?
500 372 592 410 Fuit
612 369 766 408 Avilius
787 364 947 418 quidam
966 363 1139 406 Larinas,
1166 359 1314 412 perdita
1333 356 1505 410 nequitia
1525 364 1563 393 et
1583 354 1692 392 sum-

291 457 354 481 ma
373 440 548 495 egestate,
565 445 642 474 arte
662 434 829 487 quadam
849 430 1032 484 praeditus
1053 428 1099 466 ad
1120 426 1301 464 libidines
1318 422 1694 461 adolescentulorum

292 506 511 548 excitandas
532 500 849 542 accommodata:
873 497 941 550 qui
962 505 1005 534 ut
1026 495 1061 533 se
1092 492 1290 532 blanditiis
1322 499 1360 528 et
1380 489 1693 527 assentationibus

292 577 332 614 in
352 573 476 613 Asinii
496 569 818 611 consuetudinem
838 565 993 619 penitus
1014 560 1218 605 immersit,
1243 558 1485 611 Oppianicus
1506 556 1695 594 continuo

292 643 436 695 sperare
455 640 589 692 coepit,
621 637 696 676 hoc
717 635 752 674 se
773 633 920 678 Avilio,
958 641 1141 683 tanquam
1164 628 1292 679 aliqua
1323 624 1504 663 machina
1524 623 1693 667 admota,

292 722 425 763 capere
445 707 568 754 Affinii
589 703 896 745 adolescentiam,
928 708 966 738 et
992 697 1165 736 fortunas
1185 695 1266 747 ejus
1298 692 1437 746 patrias
1459 703 1695 743 expugnare,

292 776 408 829 posse.
441 775 558 813 Ratio
578 771 794 823 excogitata
815 767 948 806 Larini
976 765 1056 809 est3
1089 777 1146 802 res
1168 760 1343 800 transsata
1371 759 1544 797 Romam
1565 771 1573 795 :
1606 756 1698 794 iniri

292 843 399 881 enim
429 842 469 880 id
499 839 704 880 consilium
726 835 877 874 facilius
914 834 954 871 in
975 830 1195 874 solitudine,
1227 826 1362 881 perfici
1394 839 1474 863 rem
1507 823 1697 875 ejusmodi

293 908 541 948 commodius
563 907 604 944 in
635 904 760 948 turba,
794 900 895 955 poffe
926 897 1099 938 arbitrati
1120 896 1221 934 sunt.
1254 893 1410 932 Asinius
1442 905 1534 929 cum
1564 889 1698 928 Avilio

296 978 467 1015 Romam
495 974 547 1011 est
576 971 793 1025 profestus:
827 967 898 1005 hos
925 964 1092 1018 vestigiis
1116 962 1360 1016 OppIanicus
1382 957 1609 997 consecutus
1629 956 1696 994 est.

296 1044 386 1095 Jam
406 1051 450 1080 ut
470 1042 610 1078 Romae
630 1037 811 1079 vixerint,
834 1033 976 1086 quibus
997 1030 1200 1073 conviviis,
1222 1027 1364 1079 quibus
1384 1025 1553 1077 flagitiis,
1572 1036 1698 1074 quan-

296 1111 344 1149 tis
379 1119 416 1148 et
436 1120 554 1161 quam
577 1102 738 1158 profusis
770 1099 1003 1152 sumptibus,
1036 1109 1114 1134 non
1135 1094 1254 1132 modo
1286 1092 1454 1136 conscio,
1488 1089 1549 1128 sed
1581 1090 1699 1127 etiam

297 1176 457 1216 conviva
476 1182 515 1211 et
534 1172 720 1223 adjutore,
753 1165 989 1219 Oppianico,
1018 1162 1182 1213 longum
1203 1159 1256 1197 est
1291 1156 1392 1196 mihi
1428 1157 1566 1201 dicere,
1600 1170 1698 1208 prae-

297 1243 427 1282 sertim
446 1240 491 1278 ad
511 1239 584 1278 alia
603 1234 834 1291 properanti.
861 1232 1028 1270 Exitum
1047 1227 1167 1281 hujus
1187 1224 1408 1265 affimulatae
1428 1222 1699 1262 familiaritatis

296 1308 531 1363 cognoscite.

355 1378 461 1415 Cum
482 1373 570 1413 effet
601 1371 818 1410 adolescens
850 1366 953 1421 apud
974 1362 1246 1405 mulierculam
1269 1359 1477 1414 quandam,
1500 1367 1615 1411 atque
1645 1357 1702 1395 ibi

299 1444 550 1497 pernostaret,
582 1448 620 1477 et
651 1438 707 1476 ibi
739 1437 843 1475 diem
865 1433 1058 1487 posterum
1089 1436 1396 1468 commoraretur
1408 1444 1423 1471 ,ς
1457 1424 1626 1469 Avilius,
1660 1435 1703 1462 ut

298 1519 377 1549 erat
410 1508 682 1550 constitutum,
718 1502 871 1542 simulat
904 1500 940 1538 se
975 1507 1169 1551 aegrotare,
1205 1504 1242 1533 et
1270 1493 1544 1533 testamentum
1578 1490 1703 1529 facere

298 1577 412 1615 velle.
443 1574 685 1627 Oppianicus
707 1570 966 1622 obsignatores
987 1565 1034 1603 ad
1054 1577 1159 1607 eum,
1196 1562 1265 1614 qui
1286 1574 1410 1613 neque
1431 1559 1611 1599 Asinium
1632 1571 1703 1596 ne-

300 1657 375 1696 que
397 1642 575 1680 Avilium
596 1638 757 1682 nossent,
785 1634 956 1680 adducit,
989 1641 1027 1670 et
1047 1631 1163 1669 illum
1182 1629 1362 1667 Asinium
1383 1626 1577 1679 appellat:
1610 1625 1702 1678 ipse,

301 1710 529 1749 testamento
551 1706 675 1745 Asinii
696 1704 855 1743 nomine
875 1701 1086 1754 obsignato,
1108 1696 1280 1736 discedit.
1304 1694 1457 1732 Avilius
1478 1693 1586 1730 illico
1605 1705 1702 1730 con-

300 1776 467 1817 valescit.
500 1773 656 1812 Asinius
691 1780 821 1809 autem
856 1768 964 1807 brevi
997 1766 1067 1804 illo
1095 1774 1284 1817 tempore,
1315 1761 1419 1814 quasi
1454 1760 1495 1798 in
1526 1758 1702 1797 hortulos

301 1847 386 1890 iret,
418 1845 459 1882 in
485 1842 669 1880 arenarias
692 1838 873 1892 quasdam
893 1845 998 1875 extra
1028 1842 1181 1887 portam
1214 1828 1459 1883 Esquilinam
1482 1827 1702 1880 perductus,

302 1911 510 1950 occiditur.

349 1979 432 2029 Qi
452 1990 545 2015 cum
572 1987 697 2012 unum
712 1974 795 2026 jam
816 1980 854 2010 et
875 1971 1040 2008 alterum
1061 1967 1164 2006 diem
1187 1964 1458 2003 desideraretur
1473 1980 1486 2007 3
1519 1973 1642 2012 neque
1663 1960 1705 1998 in

304 2047 349 2083 iis
369 2045 479 2089 locis,
503 2043 571 2081 ubi
590 2055 637 2079 ex
657 2039 933 2079 consuetudine
954 2034 1208 2089 quaerebatur,
1231 2031 1481 2073 inveniretur,
1514 2037 1551 2065 et
1574 2027 1704 2080 Oppi-

304 2114 435 2151 anicus
468 2112 507 2149 in
541 2109 626 2148 foro
647 2107 889 2146 Larinatium
912 2104 1116 2147 dictitaret,
1150 2113 1273 2153 nuper
1304 2098 1339 2136 se
1373 2105 1411 2134 et
1442 2095 1526 2133 suos
1559 2094 1704 2132 amicos

305 2179 577 2217 testamentum
608 2177 688 2228 ejus
721 2171 957 2226 obsignasse3
989 2169 1120 2208 liberti
1142 2166 1280 2211 Asinii,
1312 2173 1350 2202 et
1370 2162 1551 2201 nonnulli
1572 2161 1703 2204 amici,

305 2246 411 2298 quod
436 2259 481 2282 eo
511 2245 587 2289 die,
620 2257 699 2296 quo
719 2241 956 2295 postremum
978 2237 1133 2276 Asinius
1165 2233 1265 2272 visus
1297 2241 1389 2276 erat,
1412 2230 1590 2268 Avilium
1611 2240 1704 2264 cum

305 2327 350 2350 eo
371 2311 494 2354 fuisse,
521 2320 559 2348 et
579 2325 600 2348 a
620 2310 756 2349 multis
777 2307 902 2346 visum
923 2305 1008 2350 effe,
1037 2302 1248 2346 constabat,
1272 2301 1312 2338 in
1332 2312 1422 2337 eum
1445 2295 1644 2337 invadunt,
1667 2302 1706 2330 et

304 2379 509 2417 hominem
531 2386 617 2414 ante
637 2377 750 2429 pedes
772 2372 1023 2428 QManilii,
1045 2372 1115 2424 qui
1136 2380 1221 2408 tum
1243 2377 1321 2405 erat
1344 2364 1537 2406 triumvir,
1560 2361 1704 2398 consti-

285 2447 437 2485 'tuunt.
471 2446 604 2496 Atque
635 2443 699 2480 ille
729 2443 930 2485 continuo,
968 2439 1077 2477 nullo
1105 2437 1208 2480 teste,
1241 2433 1350 2472 nullo
1372 2430 1511 2473 indice,
1544 2428 1704 2465 recentis

307 2512 488 2552 maleficii
508 2509 740 2550 conscientia
761 2507 997 2561 perterrituS,
1019 2504 1164 2547 omnia,
1184 2510 1225 2539 ut
1246 2514 1265 2538 a
1286 2512 1347 2538 me
1368 2496 1481 2548 paulo
1501 2504 1586 2533 ante
1608 2494 1706 2531 dicta
