2212 2835
682 175 821 224 PRO
880 176 928 214 L.
989 176 1299 215 FLACCO.
1625 178 1696 216 261

316 274 572 320 Hermobius,
603 275 712 327 cujus
742 273 857 312 frater
886 273 996 312 Poles
1026 273 1121 312 item
1151 274 1322 326 pecuniae
1350 273 1515 326 publicae
1535 273 1587 312 est
1607 287 1703 313 con-

316 339 533 378 demnatus.

371 407 484 444 XIX.
518 406 669 444 Dicunt
689 405 724 444 se
744 405 898 450 Flacco,
919 413 956 443 et
976 405 1036 449 iis,
1058 405 1126 457 qui
1146 404 1259 442 fimul
1280 404 1409 450 effent,
1433 405 1703 444 drachmarum

319 486 373 510 xv
396 473 518 510 millia
535 472 686 510 dediffe.
721 473 824 510 Cum
846 472 999 510 civitate
1020 469 1119 508 mihi
1141 484 1196 508 res
1218 471 1270 508 est
1295 472 1490 516 acerrima,
1521 482 1558 510 et
1579 472 1702 510 confi-

316 537 542 576 cientiffima
561 537 756 575 literarum
776 556 787 581 3
809 537 849 575 in
870 550 946 589 qua
966 549 1151 574 nummus
1172 538 1414 575 commoveri
1434 537 1563 575 nullus
1585 538 1706 590 potest

315 604 391 642 fine
411 605 584 656 quinque
603 604 843 657 praetoribus,
874 603 997 642 tribus
1018 602 1281 656 quaestoribuS,
1312 613 1475 656 quatuor
1495 604 1704 648 mensariis,

315 671 383 724 qui
403 670 504 723 apud
523 670 609 709 illos
630 684 650 708 a
669 670 814 724 populo
833 680 1019 709 creantur.
1040 672 1101 709 Ex
1118 669 1193 708 hoc
1214 680 1319 708 tanto
1339 685 1502 709 numero
1521 671 1704 709 deduftus

316 737 367 775 est
399 750 540 776 nemo:
572 746 624 782 et,
655 750 748 775 cum
779 736 887 775 illam
913 737 1119 790 pecuniam
1147 737 1380 775 nominatim
1408 737 1549 775 Flacco
1576 737 1705 775 datam

318 802 493 848 referant,
517 804 700 856 majorem
720 804 837 841 etiam
859 804 972 842 aliam
993 817 1084 841 cum
1105 802 1198 841 huic
1219 803 1336 841 iidem
1357 804 1502 848 darent,
1525 805 1565 841 in
1583 804 1705 842 aedern

318 869 459 908 sacram
479 869 740 914 reficiendam,
772 870 806 907 se
827 869 1069 923 perscripfiffe
1095 870 1230 908 dicunt
1249 884 1257 907 :
1291 871 1395 922 quod
1423 871 1587 908 minime
1608 884 1704 908 con-

317 937 436 975 venit.
479 936 586 974 Nam
617 945 682 974 aut
714 937 845 974 omnia
875 936 1027 974 occulte
1058 935 1250 974 referenda
1281 936 1450 981 fuerunt,
1484 946 1549 975 aut
1580 946 1706 990 aperte

318 1003 461 1041 omnia.
481 1003 585 1040 Cum
605 1002 844 1056 perscribunt
866 1003 1096 1041 nominatim
1119 1003 1286 1047 Flacco;
1309 1002 1407 1040 nihil
1429 1004 1582 1048 timent,
1605 1002 1704 1041 nihil

318 1078 519 1107 verentur:
553 1082 647 1107 cum
677 1069 783 1121 operi
813 1069 971 1120 publico
998 1068 1195 1112 referunt,
1227 1069 1344 1106 iidem
1371 1068 1549 1107 homines
1579 1069 1706 1107 subito

318 1135 500 1180 eundem,
531 1147 648 1187 quem
679 1134 997 1186 contempserant,
1029 1134 1317 1186 pertimescunt.
1351 1135 1387 1172 Si
1419 1145 1555 1187 praetor
1585 1136 1703 1180 dedit,

319 1210 362 1239 ut
381 1201 433 1239 est
453 1201 653 1253 scriptum,
685 1213 705 1237 a
724 1199 905 1252 quaestore
925 1200 1139 1238 numeravit
1156 1217 1166 1243 ;
1200 1200 1359 1252 quaestor
1384 1214 1404 1238 a
1424 1201 1552 1238 mensa
1571 1201 1704 1254 publi-

318 1281 389 1311 ca,
422 1266 550 1304 mensa
569 1275 634 1304 aut
654 1279 700 1304 ex
721 1266 908 1318 veffigali,
933 1275 998 1304 aut
1017 1279 1063 1305 ex
1084 1266 1244 1304 tributo.
1277 1266 1495 1319 Nunquam
1515 1267 1587 1305 erit
1606 1267 1706 1305 istud

318 1332 440 1371 simile
466 1333 654 1377 criminis,
686 1332 754 1370 nifi
784 1331 883 1370 mihi
912 1342 1032 1370 totam
1059 1332 1244 1370 rationem
1273 1333 1382 1370 omni
1403 1342 1441 1370 et
1460 1332 1706 1386 personarum

316 1413 452 1451 genere
471 1408 509 1437 et
529 1399 724 1437 literarum
752 1399 982 1451 explicatis,
1014 1399 1089 1443 vel,
1119 1399 1224 1450 quod
1250 1399 1302 1436 est
1330 1399 1370 1436 in
1396 1400 1534 1438 eodem
1556 1400 1707 1437 decreto

315 1465 518 1518 scripturn,
548 1464 727 1503 homines
747 1465 970 1503 clariffimos
991 1465 1170 1508 civitatis,
1201 1464 1441 1517 ampliffimis
1468 1466 1551 1504 usos
1578 1465 1706 1504 hono-

315 1531 434 1576 ribus,
465 1531 541 1569 hoc
569 1541 724 1584 praetore
748 1532 1047 1569 circumventos.
1080 1531 1160 1568 Cur
1185 1529 1227 1567 hi
1254 1544 1379 1583 neque
1404 1532 1445 1569 in
1466 1533 1617 1584 judicio
1636 1533 1706 1571 ad-

314 1596 414 1641 sunt,
445 1609 570 1649 neque
589 1597 629 1634 in
649 1596 801 1634 decreto
821 1596 1071 1634 nominantur
1089 1596 1102 1632 ?
1132 1609 1211 1633 non
1231 1596 1336 1633 enim
1363 1597 1476 1635 credo
1503 1597 1709 1650 significari

317 1662 386 1700 isto
406 1663 493 1701 loco
514 1662 641 1707 illum,
673 1663 741 1714 qui
762 1661 797 1700 se
817 1663 942 1715 erigit,
975 1662 1239 1700 Heraclidem.

373 1730 519 1767 Utrum
539 1728 644 1766 enim
665 1728 704 1766 ln
726 1728 936 1766 clarissimis
957 1728 1009 1766 est
1029 1728 1178 1766 civibus
1198 1729 1244 1773 is,
1267 1742 1382 1780 quem
1400 1730 1617 1781 judicatum
1638 1729 1706 1768 hic

318 1795 430 1834 duxit
463 1795 738 1847 Hermippus?
770 1795 837 1847 qui
866 1794 965 1832 hanc
997 1794 1117 1847 ipsam
1148 1794 1394 1847 legationem,
1427 1810 1544 1848 quam
1575 1795 1705 1841 habet,

317 1875 394 1900 non
414 1862 560 1915 accepit
582 1875 602 1898 a
621 1861 694 1899 suis
715 1861 878 1906 civibus,
908 1861 968 1899 sed
989 1861 1106 1914 usque
1127 1862 1274 1900 Tmolo
1294 1862 1458 1914 petivit,
1490 1864 1553 1901 cui
1574 1863 1705 1901 nullus

318 1927 441 1973 honos
469 1928 509 1965 in
537 1927 598 1965 sua
623 1928 777 1966 civitate
804 1927 957 1966 habitus
984 1928 1036 1966 est
1063 1942 1250 1980 unquam.
1284 1929 1361 1966 Res
1387 1938 1514 1968 autem
1535 1943 1590 1975 ea,
1622 1943 1706 1981 quae

319 1993 544 2031 tenuissimis
573 1994 903 2038 committebatur,
935 1993 1028 2032 huic
1056 1994 1123 2032 uni
1150 1994 1190 2031 in
1217 1994 1293 2032 vita
1319 1995 1517 2033 commiffa
1544 1995 1618 2033 sola
1638 1995 1704 2033 est.

318 2058 469 2102 Custos,
501 2060 553 2096 T.
576 2059 734 2098 Aufidio
761 2069 933 2112 praetore,
964 2059 1160 2098 frumento
1185 2060 1344 2113 publico
1363 2061 1414 2098 est
1435 2062 1605 2113 politus:
1639 2074 1706 2114 pro

320 2138 398 2177 quo
417 2137 509 2162 cum
529 2138 549 2161 a
570 2125 614 2162 P.
633 2125 776 2163 Varino
804 2135 960 2177 praetore
987 2126 1191 2178 pecuniam
1217 2126 1426 2179 accepiffet,
1459 2127 1595 2164 celavit
1621 2127 1704 2164 suos

320 2191 435 2234 cives,
467 2189 645 2241 ultroque
665 2192 710 2228 iis
731 2191 930 2244 sumptum
951 2191 1096 2229 intulit.
1128 2192 1246 2243 Qod
1274 2192 1518 2244 posteaquam
1545 2192 1703 2234 Temni,

320 2256 438 2294 literis
461 2268 480 2291 a
501 2256 544 2293 P.
560 2255 702 2294 varino
723 2256 854 2301 miffis‚
877 2257 1079 2309 cognitum
1100 2266 1213 2309 atque
1231 2255 1464 2309 patefactum
1485 2257 1560 2301 est5
1590 2269 1703 2294 cum-

323 2335 399 2373 que
425 2320 554 2357 eadem
582 2320 628 2357 de
656 2334 693 2358 re
723 2322 798 2358 Cn.
820 2322 1024 2367 Lentulus,
1056 2322 1123 2374 qui
1151 2322 1280 2360 censor
1310 2321 1399 2366 fuit,
1432 2321 1704 2359 Temnitarum

321 2396 514 2440 patronus,
532 2386 656 2423 literas
678 2386 852 2424 mififfct:
878 2388 1125 2426 Heraclidem
1146 2388 1260 2425 istum
1281 2387 1425 2425 Temni
1448 2400 1560 2423 nemo
1578 2385 1704 2437 postea

323 2453 431 2491 vidit.
464 2454 607 2504 Atque,
640 2462 681 2490 ut
711 2452 791 2504 ejus
825 2452 1106 2504 impudentiam
1130 2453 1338 2505 perspicere
1366 2451 1524 2502 poffitiS,
1554 2451 1703 2490 causam
