2212 2835
783 211 919 249 PRO
979 211 1028 249 n
1088 210 1398 249 FLACCO.
1723 214 1797 265 2Q

409 315 542 358 putare
572 308 834 347 auctoritatem
863 309 933 347 effe
965 310 1006 347 in
1034 322 1079 347 eo
1106 309 1339 355 testimonio,
1370 310 1479 362 cujus
1506 312 1636 350 auctor
1662 311 1798 350 inven-

408 381 469 410 tus
490 373 543 411 est
562 388 693 413 nemo,

463 440 618 478 XXIII.
651 441 723 478 Sed
755 453 959 493 exponam,
995 440 1090 492 quid
1120 441 1160 478 in
1192 454 1230 478 re
1260 440 1317 486 sit,
1355 450 1412 486 ut,
1448 443 1700 494 quamobrem
1733 444 1800 482 ista

407 504 540 542 civitas
562 518 686 557 neque
706 506 829 544 severe
850 506 1037 544 Flaccum
1057 506 1302 558 oppugnarit,
1334 520 1458 559 neque
1479 508 1645 560 benigne
1664 510 1798 548 defen·

407 570 518 615 derit,
549 570 642 608 scire
673 571 831 623 poffitis.
863 571 955 609 Erat
986 572 1020 609 ei
1049 571 1283 610 Castriciano
1310 573 1468 610 nomine
1493 574 1585 612 irata
1599 593 1612 619 3
1644 575 1690 613 de
1721 590 1799 628 quo

406 643 489 673 toto
520 636 713 689 respondit
744 637 1000 676 Hortensius:
1033 637 1154 675 invita
1181 637 1338 676 solverat
1366 639 1551 678 Castricio
1577 642 1797 693 pecuniam,

400 702 553 753 jamdiu
574 703 761 743 debitam.
791 704 900 742 Hinc
922 712 1049 742 totum
1069 704 1218 750 odium,
1240 703 1333 743 hinc
1354 706 1482 744 omnis
1503 705 1674 746 offenfio.
1751 723 1800 747 uo

405 780 499 806 cum
520 768 676 807 veniffet
697 769 840 808 Laelius
861 770 906 807 ad
926 770 1055 814 iratos,
1086 778 1124 807 et
1144 769 1242 808 illud
1264 770 1543 810 Castricianum
1570 772 1709 812 vulnus
1737 775 1797 812 di-

406 834 528 873 cendo
548 834 800 881 refricuiffet3
831 836 1064 874 exsiluerunt
1086 836 1294 889 principes,
1326 850 1450 890 neque
1469 838 1510 876 in
1530 838 1597 876 illa
1615 841 1801 880 concione

407 899 626 946 adfuerunt,
649 915 773 954 neque
793 902 907 955 ipsius
928 902 1070 940 decreti
1091 915 1134 940 ac
1154 902 1362 942 testimonii
1382 905 1550 942 auctores
1571 905 1643 944 effe
1663 906 1796 945 volue-

407 976 511 1005 runt.
544 967 677 1020 Usque
702 981 747 1005 eo
771 968 863 1006 orba
889 967 966 1006 fuit
992 968 1038 1006 ab
1066 969 1320 1021 optimatibus
1346 969 1413 1008 illa
1435 971 1588 1016 concio,
1619 980 1663 1009 ut
1688 973 1797 1025 prin-

407 1046 494 1086 ceps
515 1034 740 1087 principum
761 1033 850 1072 effet
871 1034 1127 1080 Maeandriu53
1150 1035 1260 1087 cujus
1282 1035 1426 1087 lingua,
1449 1037 1552 1089 quasi
1569 1037 1721 1078 flabello
1740 1039 1797 1077 se-

407 1099 578 1146 ditionis,
610 1101 676 1139 illa
695 1110 780 1138 turn
800 1100 854 1138 est
872 1100 1073 1153 egentium
1093 1101 1230 1139 concio
1251 1102 1443 1140 ventilata.

461 1167 596 1218 Itaque
616 1166 788 1205 civitatis'
802 1166 1000 1219 pudentis,
1031 1175 1074 1204 ut
1095 1179 1166 1219 ego
1185 1166 1333 1220 semper
1351 1168 1580 1215 existimavi,
1601 1178 1638 1208 et
1658 1171 1796 1223 gravis,

405 1241 448 1272 ut
467 1233 535 1286 ipfi
556 1233 764 1272 existimari
784 1233 934 1278 volunt,
945 1233 1094 1286 justum
1111 1233 1283 1272 dolorem
1302 1235 1548 1288 querelasque
1565 1238 1796 1289 cognoscite.

405 1300 504 1352 Qae
534 1300 698 1354 pecunia
727 1299 846 1338 fuerit
875 1300 975 1353 apud
1006 1300 1056 1346 se,
1091 1300 1221 1339 Flacci
1251 1301 1368 1354 patris
1404 1302 1576 1347 nomine,
1612 1303 1750 1342 collata
1779 1318 1798 1342 a

404 1367 569 1413 civibus,
600 1367 701 1406 hanc
722 1381 742 1405 a
768 1367 804 1405 se
830 1366 901 1405 effe
929 1366 1094 1405 ablatam
1119 1376 1348 1420 queruntur.
1382 1368 1472 1406 Alio
1500 1368 1587 1407 loco
1613 1383 1796 1423 quaeram,

404 1434 500 1486 quid
519 1434 673 1472 licuerit
694 1434 861 1472 Flacco:
895 1447 999 1471 nunc
1020 1442 1173 1471 tanturn
1200 1447 1221 1471 a
1248 1433 1456 1472 Trallianis
1482 1436 1649 1488 requiro,
1680 1450 1798 1489 quam

404 1501 608 1552 pecuniam
629 1513 650 1537 a
668 1500 704 1538 se
724 1500 891 1538 ablatam
911 1508 1139 1551 queruntur,
1170 1499 1327 1537 suamne
1345 1500 1488 1545 dicant,
1520 1501 1589 1540 fibi
1616 1516 1636 1540 a
1661 1504 1797 1541 civita-

406 1566 509 1603 tibus
531 1566 711 1604 collatam
733 1567 772 1603 in
795 1565 905 1603 usum
927 1565 1038 1603 suum
1059 1579 1067 1602 :
1101 1565 1217 1617 cupio
1244 1565 1386 1604 audire.
1420 1556 1528 1611 Non,
1560 1568 1704 1621 inquit,
1736 1570 1797 1608 di-

405 1632 547 1670 cimus.
623 1632 687 1670 uid
709 1632 827 1685 igitur
845 1631 857 1669 ?
889 1631 1053 1669 delatam
1075 1631 1120 1668 ad
1139 1644 1221 1676 nos,
1243 1631 1427 1670 creditam
1449 1633 1575 1678 nobis,
1598 1635 1647 1673 L.
1666 1635 1797 1674 Flacci

403 1698 520 1750 patris
552 1698 725 1743 nomine,
756 1698 802 1735 ad
831 1696 947 1750 hujus
978 1698 1057 1735 dies
1090 1695 1203 1735 festos
1235 1707 1348 1750 atque
1379 1698 1504 1737 ludos.
1538 1700 1647 1751 Qid
1678 1702 1796 1740 tum?

404 1765 520 1803 Hanc
541 1773 592 1809 te,
623 1763 765 1817 inquit,
786 1777 918 1816 capere
938 1777 1016 1802 non
1037 1763 1162 1801 licuit.
1195 1764 1283 1815 Jam
1302 1764 1341 1802 id
1362 1764 1491 1803 videro
1510 1780 1519 1803 :
1542 1765 1603 1804 sed
1623 1767 1799 1820 primum

402 1830 502 1869 illud
531 1830 684 1870 tenebo.
718 1831 904 1884 Qeritur
933 1831 1082 1883 gravis,
1113 1829 1312 1884 locuples,
1342 1839 1472 1869 ornata
1502 1833 1660 1879 civitas,
1692 1834 1797 1887 quod

403 1910 483 1935 non
514 1897 653 1936 retinet
683 1896 882 1936 alienum:
915 1896 1115 1950 spoliatam
1147 1895 1182 1934 se
1212 1896 1322 1942 dicit,
1353 1897 1457 1949 quod
1487 1898 1527 1936 id
1558 1912 1636 1937 non
1667 1898 1796 1945 habet,

404 1963 510 2015 quod
529 1964 610 2015 ejus
631 1977 708 2002 non
729 1963 818 2002 fuit.
842 1963 951 2014 Qid
970 1962 1045 2001 hoc
1066 1962 1331 2015 impudentius
1352 1963 1429 2001 dici
1449 1973 1514 2002 aut
1534 1964 1630 2018 fingi
1649 1965 1795 2018 potest?

405 2029 611 2068 Deiectum
632 2030 685 2068 est
704 2030 907 2083 oppidum,
939 2043 1018 2082 quo
1036 2030 1075 2067 in
1096 2029 1240 2082 oppido
1267 2043 1345 2067 uno
1368 2030 1532 2082 pecunia
1559 2045 1578 2068 a
1605 2040 1686 2070 tota
1709 2032 1798 2070 Afia

404 2095 451 2132 ad
470 2094 633 2134 honores
655 2097 703 2134 L.
728 2096 858 2134 Flacci
879 2104 1108 2148 poneretur:
1132 2094 1213 2133 haec
1234 2096 1397 2148 pecunia
1418 2105 1496 2134 tota
1515 2096 1561 2134 ab
1581 2096 1793 2136 honoribus

404 2160 577 2198 transsata
596 2161 648 2199 est
668 2162 708 2199 in
730 2161 917 2214 quaestum
937 2170 974 2199 et
994 2160 1285 2199 foenerationem
1302 2180 1314 2206 5
1347 2171 1561 2214 recuperata
1580 2162 1632 2200 est
1659 2162 1792 2200 multis

402 2225 485 2278 post
505 2227 627 2264 annis.

461 2293 612 2330 XXIV.
646 2294 743 2345 Qae
764 2295 911 2332 civitati
932 2294 1029 2332 facta
1049 2293 1101 2332 est
1121 2294 1260 2346 injuria
1280 2294 1293 2330 ?
1325 2294 1379 2331 At
1407 2293 1564 2330 moleste
1590 2293 1663 2330 fert
1693 2292 1792 2330 civi-

406 2369 475 2397 tas.
507 2359 634 2397 Credo
652 2374 661 2397 :
685 2360 856 2398 avulsum
878 2361 929 2398 est
948 2362 1053 2400 enim
1074 2370 1208 2414 praeter
1229 2361 1346 2413 spem,
1369 2360 1473 2411 quod
1494 2368 1571 2397 crat
1591 2359 1654 2412 spe
1674 2360 1791 2398 devo-

407 2435 547 2470 ratum,
570 2425 736 2464 lucrum.
760 2428 814 2464 At
831 2428 1016 2478 queritur.
1036 2427 1286 2479 Impudenter
1302 2425 1411 2462 facit:
1432 2438 1506 2462 non
1524 2426 1628 2463 enim
1646 2427 1789 2471 omnia,

406 2506 491 2545 quac
521 2491 712 2537 dolemus,
750 2493 880 2531 eadem
905 2493 992 2544 jure
1013 2493 1121 2545 queri
1150 2492 1361 2545 possumus.
1407 2493 1461 2528 At
1493 2492 1641 2531 accusat
1670 2492 1791 2531 verbis

487 2560 628 2598 ToM.
661 2559 711 2598 V.
1414 2557 1447 2595 L
1478 2557 1490 2594 l
