<?xml version="1.0" encoding="UTF-8"?>
<!DOCTYPE html PUBLIC "-//W3C//DTD XHTML 1.0 Transitional//EN"
    "http://www.w3.org/TR/xhtml1/DTD/xhtml1-transitional.dtd">
<html xmlns="http://www.w3.org/1999/xhtml" xml:lang="en" lang="en">
 <head>
  <title>
</title>
<meta http-equiv="Content-Type" content="text/html;charset=utf-8" />
  <meta name='ocr-system' content='tesseract 3.04.00' />
  <meta name='ocr-capabilities' content='ocr_page ocr_carea ocr_par ocr_line ocrx_word'/>
</head>
<body>
  <div class='ocr_page' id='page_1' title='image "./operacumindicibu05ciceuoft_0093.png"; bbox 0 0 2212 2835; ppageno 0'>
   <div class='ocr_carea' id='block_1_1' title="bbox 698 145 1766 199">
    <p class='ocr_par' dir='ltr' id='par_1_1' title="bbox 698 145 1766 199">
     <span class='ocr_line' id='line_1_1' title="bbox 698 145 1766 199; baseline -0.014 0"><span class='ocrx_word' id='word_1_1' title='bbox 698 159 836 199; x_wconf 82' lang='lat' dir='ltr'>PRO</span> <span class='ocrx_word' id='word_1_2' title='bbox 894 157 946 195; x_wconf 88' lang='lat' dir='ltr'>A.</span> <span class='ocrx_word' id='word_1_3' title='bbox 1006 149 1417 194; x_wconf 82' lang='lat' dir='ltr'>eLUENTIO.</span> <span class='ocrx_word' id='word_1_4' title='bbox 1717 145 1766 199; x_wconf 78' lang='lat'>85</span> 
     </span>
    </p>
   </div>
   <div class='ocr_carea' id='block_1_2' title="bbox 372 246 1793 2503">
    <p class='ocr_par' dir='ltr' id='par_1_2' title="bbox 372 246 1770 375">
     <span class='ocr_line' id='line_1_2' title="bbox 372 246 1770 308; baseline -0.018 0"><span class='ocrx_word' id='word_1_5' title='bbox 372 278 416 308; x_wconf 88' lang='lat' dir='ltr'>ut</span> <span class='ocrx_word' id='word_1_6' title='bbox 435 266 563 307; x_wconf 85' lang='lat' dir='ltr'>videar</span> <span class='ocrx_word' id='word_1_7' title='bbox 583 277 661 304; x_wconf 92' lang='lat' dir='ltr'>non</span> <span class='ocrx_word' id='word_1_8' title='bbox 682 260 846 301; x_wconf 89' lang='lat' dir='ltr'>dicendo</span> <span class='ocrx_word' id='word_1_9' title='bbox 866 255 1024 298; x_wconf 81' lang='lat' dir='ltr'>voluiffe</span> <span class='ocrx_word' id='word_1_10' title='bbox 1043 255 1169 295; x_wconf 84' lang='lat' dir='ltr'><strong>dicere</strong></span> <span class='ocrx_word' id='word_1_11' title='bbox 1186 269 1196 293; x_wconf 78' lang='lat'>2</span> <span class='ocrx_word' id='word_1_12' title='bbox 1228 266 1285 292; x_wconf 89' lang='lat' dir='ltr'>res</span> <span class='ocrx_word' id='word_1_13' title='bbox 1306 251 1410 290; x_wconf 89' lang='lat' dir='ltr'>enim</span> <span class='ocrx_word' id='word_1_14' title='bbox 1438 249 1521 302; x_wconf 80' lang='lat' dir='ltr'>jam</span> <span class='ocrx_word' id='word_1_15' title='bbox 1543 247 1578 286; x_wconf 88' lang='lat' dir='ltr'>se</span> <span class='ocrx_word' id='word_1_16' title='bbox 1604 246 1682 300; x_wconf 81' lang='lat' dir='ltr'>ipsa</span> <span class='ocrx_word' id='word_1_17' title='bbox 1702 246 1770 285; x_wconf 86' lang='lat' dir='ltr'>dc-</span> 
     </span>
     <span class='ocr_line' id='line_1_3' title="bbox 372 335 517 375; baseline -0.021 0"><span class='ocrx_word' id='word_1_18' title='bbox 372 335 517 375; x_wconf 81' lang='lat' dir='ltr'>fendat.</span> 
     </span>
    </p>

    <p class='ocr_par' dir='ltr' id='par_1_3' title="bbox 373 381 1784 1309">
     <span class='ocr_line' id='line_1_4' title="bbox 429 381 1773 453; baseline -0.018 -13"><span class='ocrx_word' id='word_1_19' title='bbox 429 402 559 453; x_wconf 84' lang='lat' dir='ltr'>Nego,</span> <span class='ocrx_word' id='word_1_20' title='bbox 591 396 705 436; x_wconf 89' lang='lat' dir='ltr'>illum</span> <span class='ocrx_word' id='word_1_21' title='bbox 725 391 1020 434; x_wconf 84' lang='lat' dir='ltr'>adolescentem,</span> <span class='ocrx_word' id='word_1_22' title='bbox 1053 401 1171 441; x_wconf 90' lang='lat' dir='ltr'>quem</span> <span class='ocrx_word' id='word_1_23' title='bbox 1192 385 1319 424; x_wconf 85' lang='lat' dir='ltr'>statim</span> <span class='ocrx_word' id='word_1_24' title='bbox 1351 392 1467 437; x_wconf 91' lang='lat' dir='ltr'>epoto</span> <span class='ocrx_word' id='word_1_25' title='bbox 1487 381 1630 435; x_wconf 91' lang='lat' dir='ltr'>poculo</span> <span class='ocrx_word' id='word_1_26' title='bbox 1665 393 1773 418; x_wconf 86' lang='lat' dir='ltr'>mor-</span> 
     </span>
     <span class='ocr_line' id='line_1_5' title="bbox 374 451 1776 508; baseline -0.018 -1"><span class='ocrx_word' id='word_1_27' title='bbox 374 478 488 508; x_wconf 89' lang='lat' dir='ltr'>tuum</span> <span class='ocrx_word' id='word_1_28' title='bbox 508 464 579 503; x_wconf 86' lang='lat' dir='ltr'>effe</span> <span class='ocrx_word' id='word_1_29' title='bbox 598 461 761 505; x_wconf 88' lang='lat' dir='ltr'>dixistis,</span> <span class='ocrx_word' id='word_1_30' title='bbox 792 457 955 497; x_wconf 90' lang='lat' dir='ltr'>omnino</span> <span class='ocrx_word' id='word_1_31' title='bbox 976 454 1045 493; x_wconf 90' lang='lat' dir='ltr'>illo</span> <span class='ocrx_word' id='word_1_32' title='bbox 1074 454 1135 491; x_wconf 92' lang='lat' dir='ltr'>die</span> <span class='ocrx_word' id='word_1_33' title='bbox 1165 451 1236 489; x_wconf 82' lang='lat' dir='ltr'>effe</span> <span class='ocrx_word' id='word_1_34' title='bbox 1262 459 1466 488; x_wconf 86' lang='lat' dir='ltr'>mortuum</span> <span class='ocrx_word' id='word_1_35' title='bbox 1485 463 1494 486; x_wconf 75' lang='grc' dir='ltr'>ε</span> <span class='ocrx_word' id='word_1_36' title='bbox 1528 460 1716 499; x_wconf 80' lang='lat' dir='ltr'>magnum</span> <span class='ocrx_word' id='word_1_37' title='bbox 1736 454 1776 483; x_wconf 91' lang='lat' dir='ltr'>et</span> 
     </span>
     <span class='ocr_line' id='line_1_6' title="bbox 374 511 1776 587; baseline -0.017 -15"><span class='ocrx_word' id='word_1_38' title='bbox 374 531 580 587; x_wconf 88' lang='lat' dir='ltr'>impudens</span> <span class='ocrx_word' id='word_1_39' title='bbox 613 526 876 568; x_wconf 83' lang='lat' dir='ltr'>mendacium.</span> <span class='ocrx_word' id='word_1_40' title='bbox 910 521 1117 575; x_wconf 89' lang='lat' dir='ltr'>Perspicite</span> <span class='ocrx_word' id='word_1_41' title='bbox 1138 527 1285 557; x_wconf 85' lang='lat' dir='ltr'>caetera.</span> <span class='ocrx_word' id='word_1_42' title='bbox 1315 516 1433 560; x_wconf 76' lang='lat' dir='ltr'>D1co,</span> <span class='ocrx_word' id='word_1_43' title='bbox 1462 513 1592 559; x_wconf 88' lang='lat' dir='ltr'>illum,</span> <span class='ocrx_word' id='word_1_44' title='bbox 1614 526 1707 551; x_wconf 89' lang='lat' dir='ltr'>curn</span> <span class='ocrx_word' id='word_1_45' title='bbox 1729 511 1776 549; x_wconf 90' lang='lat' dir='ltr'>ad</span> 
     </span>
     <span class='ocr_line' id='line_1_7' title="bbox 373 579 1776 652; baseline -0.017 -13"><span class='ocrx_word' id='word_1_46' title='bbox 373 600 475 640; x_wconf 89' lang='lat' dir='ltr'>illud</span> <span class='ocrx_word' id='word_1_47' title='bbox 507 596 716 652; x_wconf 87' lang='lat' dir='ltr'>prandium</span> <span class='ocrx_word' id='word_1_48' title='bbox 747 591 902 631; x_wconf 87' lang='lat' dir='ltr'>crudior</span> <span class='ocrx_word' id='word_1_49' title='bbox 921 587 1091 633; x_wconf 83' lang='lat' dir='ltr'>veniffet,</span> <span class='ocrx_word' id='word_1_50' title='bbox 1122 596 1174 631; x_wconf 92' lang='lat' dir='ltr'>et,</span> <span class='ocrx_word' id='word_1_51' title='bbox 1197 593 1241 623; x_wconf 88' lang='lat' dir='ltr'>ut</span> <span class='ocrx_word' id='word_1_52' title='bbox 1268 593 1354 622; x_wconf 88' lang='lat' dir='ltr'>aetas</span> <span class='ocrx_word' id='word_1_53' title='bbox 1382 582 1449 621; x_wconf 86' lang='lat' dir='ltr'>illa</span> <span class='ocrx_word' id='word_1_54' title='bbox 1478 580 1567 626; x_wconf 89' lang='lat' dir='ltr'>fert,</span> <span class='ocrx_word' id='word_1_55' title='bbox 1599 579 1669 618; x_wconf 87' lang='lat' dir='ltr'>fibi</span> <span class='ocrx_word' id='word_1_56' title='bbox 1690 588 1776 617; x_wconf 90' lang='lat' dir='ltr'>tum</span> 
     </span>
     <span class='ocr_line' id='line_1_8' title="bbox 375 646 1775 718; baseline -0.018 -12"><span class='ocrx_word' id='word_1_57' title='bbox 375 680 456 707; x_wconf 88' lang='lat' dir='ltr'>non</span> <span class='ocrx_word' id='word_1_58' title='bbox 486 660 736 718; x_wconf 76' lang='lat' dir='ltr'>peperciffet5</span> <span class='ocrx_word' id='word_1_59' title='bbox 767 658 917 709; x_wconf 79' lang='lat' dir='ltr'>aliquot</span> <span class='ocrx_word' id='word_1_60' title='bbox 951 655 1030 693; x_wconf 91' lang='lat' dir='ltr'>dies</span> <span class='ocrx_word' id='word_1_61' title='bbox 1063 650 1267 706; x_wconf 63' lang='lat' dir='ltr'>aegrotasse,</span> <span class='ocrx_word' id='word_1_62' title='bbox 1303 658 1341 687; x_wconf 88' lang='lat' dir='ltr'>et</span> <span class='ocrx_word' id='word_1_63' title='bbox 1372 649 1424 686; x_wconf 85' lang='lat' dir='ltr'>ita</span> <span class='ocrx_word' id='word_1_64' title='bbox 1454 646 1524 685; x_wconf 82' lang='lat' dir='ltr'>effe</span> <span class='ocrx_word' id='word_1_65' title='bbox 1558 654 1775 684; x_wconf 88' lang='lat' dir='ltr'>mortuum.</span> 
     </span>
     <span class='ocr_line' id='line_1_9' title="bbox 377 711 1777 785; baseline -0.017 -14"><span class='ocrx_word' id='word_1_66' title='bbox 377 732 478 785; x_wconf 85' lang='lat' dir='ltr'>Qis</span> <span class='ocrx_word' id='word_1_67' title='bbox 499 730 592 769; x_wconf 69' lang='lat' dir='ltr'>hui‘c</span> <span class='ocrx_word' id='word_1_68' title='bbox 613 728 666 767; x_wconf 88' lang='lat' dir='ltr'>rei</span> <span class='ocrx_word' id='word_1_69' title='bbox 686 726 789 765; x_wconf 89' lang='lat' dir='ltr'>testis</span> <span class='ocrx_word' id='word_1_70' title='bbox 809 724 862 762; x_wconf 90' lang='lat' dir='ltr'>est</span> <span class='ocrx_word' id='word_1_71' title='bbox 880 723 892 760; x_wconf 96' lang='lat'>?</span> <span class='ocrx_word' id='word_1_72' title='bbox 923 722 1044 767; x_wconf 88' lang='lat' dir='ltr'>idem,</span> <span class='ocrx_word' id='word_1_73' title='bbox 1066 720 1135 773; x_wconf 91' lang='lat' dir='ltr'>qui</span> <span class='ocrx_word' id='word_1_74' title='bbox 1155 717 1211 757; x_wconf 91' lang='lat' dir='ltr'>sui</span> <span class='ocrx_word' id='word_1_75' title='bbox 1232 717 1374 762; x_wconf 68' lang='lat' dir='ltr'>luctus,</span> <span class='ocrx_word' id='word_1_76' title='bbox 1405 724 1510 768; x_wconf 85' lang='lat' dir='ltr'>pater</span> <span class='ocrx_word' id='word_1_77' title='bbox 1527 731 1538 758; x_wconf 67' lang='grc' dir='ltr'><strong><em>ς</em></strong></span> <span class='ocrx_word' id='word_1_78' title='bbox 1571 720 1692 765; x_wconf 83' lang='lat' dir='ltr'>pater,</span> <span class='ocrx_word' id='word_1_79' title='bbox 1714 711 1777 748; x_wconf 90' lang='lat' dir='ltr'>in-</span> 
     </span>
     <span class='ocr_line' id='line_1_10' title="bbox 376 780 1777 853; baseline -0.017 -15"><span class='ocrx_word' id='word_1_80' title='bbox 376 812 510 853; x_wconf 85' lang='lat' dir='ltr'>quam,</span> <span class='ocrx_word' id='word_1_81' title='bbox 543 796 647 835; x_wconf 88' lang='lat' dir='ltr'>illius</span> <span class='ocrx_word' id='word_1_82' title='bbox 668 790 944 833; x_wconf 84' lang='lat' dir='ltr'>adolescentis:</span> <span class='ocrx_word' id='word_1_83' title='bbox 977 801 1111 841; x_wconf 90' lang='lat' dir='ltr'>quem,</span> <span class='ocrx_word' id='word_1_84' title='bbox 1144 793 1300 839; x_wconf 86' lang='lat' dir='ltr'>propter</span> <span class='ocrx_word' id='word_1_85' title='bbox 1330 781 1452 820; x_wconf 89' lang='lat' dir='ltr'>animi</span> <span class='ocrx_word' id='word_1_86' title='bbox 1472 780 1662 824; x_wconf 89' lang='lat' dir='ltr'>dolorem,</span> <span class='ocrx_word' id='word_1_87' title='bbox 1690 790 1777 831; x_wconf 88' lang='lat' dir='ltr'>per-</span> 
     </span>
     <span class='ocr_line' id='line_1_11' title="bbox 377 844 1779 915; baseline -0.018 -10"><span class='ocrx_word' id='word_1_88' title='bbox 377 866 504 905; x_wconf 88' lang='lat' dir='ltr'>tenuis</span> <span class='ocrx_word' id='word_1_89' title='bbox 538 862 701 915; x_wconf 82' lang='lat' dir='ltr'>suspicio</span> <span class='ocrx_word' id='word_1_90' title='bbox 732 857 912 913; x_wconf 86' lang='lat' dir='ltr'>potuiffet</span> <span class='ocrx_word' id='word_1_91' title='bbox 943 869 990 894; x_wconf 81' lang='lat' dir='ltr'>ex</span> <span class='ocrx_word' id='word_1_92' title='bbox 1020 854 1091 892; x_wconf 92' lang='lat' dir='ltr'>illo</span> <span class='ocrx_word' id='word_1_93' title='bbox 1121 853 1209 891; x_wconf 92' lang='lat' dir='ltr'>loco</span> <span class='ocrx_word' id='word_1_94' title='bbox 1241 850 1376 889; x_wconf 88' lang='lat' dir='ltr'>testem</span> <span class='ocrx_word' id='word_1_95' title='bbox 1407 849 1447 886; x_wconf 90' lang='lat' dir='ltr'>in</span> <span class='ocrx_word' id='word_1_96' title='bbox 1471 850 1521 885; x_wconf 90' lang='lat' dir='ltr'>A.</span> <span class='ocrx_word' id='word_1_97' title='bbox 1547 844 1779 884; x_wconf 86' lang='lat' dir='ltr'>Cluentium</span> 
     </span>
     <span class='ocr_line' id='line_1_12' title="bbox 378 911 1781 973; baseline -0.017 -2"><span class='ocrx_word' id='word_1_98' title='bbox 378 931 633 973; x_wconf 78' lang='lat' dir='ltr'>constituere3</span> <span class='ocrx_word' id='word_1_99' title='bbox 665 928 697 965; x_wconf 83' lang='lat' dir='ltr'>is</span> <span class='ocrx_word' id='word_1_100' title='bbox 717 925 824 964; x_wconf 92' lang='lat' dir='ltr'>hunc</span> <span class='ocrx_word' id='word_1_101' title='bbox 846 923 913 961; x_wconf 89' lang='lat' dir='ltr'>suo</span> <span class='ocrx_word' id='word_1_102' title='bbox 940 919 1160 960; x_wconf 86' lang='lat' dir='ltr'>testimonio</span> <span class='ocrx_word' id='word_1_103' title='bbox 1182 917 1366 957; x_wconf 84' lang='lat' dir='ltr'>sublevat.</span> <span class='ocrx_word' id='word_1_104' title='bbox 1399 913 1518 963; x_wconf 84' lang='lat' dir='ltr'>Qod</span> <span class='ocrx_word' id='word_1_105' title='bbox 1550 913 1679 951; x_wconf 88' lang='lat' dir='ltr'>recita.</span> <span class='ocrx_word' id='word_1_106' title='bbox 1712 911 1781 948; x_wconf 82' lang='lat' dir='ltr'>Tu</span> 
     </span>
     <span class='ocr_line' id='line_1_13' title="bbox 380 977 1780 1042; baseline -0.016 -6"><span class='ocrx_word' id='word_1_107' title='bbox 380 1008 525 1042; x_wconf 89' lang='lat' dir='ltr'>autem,</span> <span class='ocrx_word' id='word_1_108' title='bbox 557 995 626 1033; x_wconf 80' lang='lat' dir='ltr'>nisi</span> <span class='ocrx_word' id='word_1_109' title='bbox 647 991 853 1031; x_wconf 79' lang='lat' dir='ltr'>molestum</span> <span class='ocrx_word' id='word_1_110' title='bbox 874 989 940 1034; x_wconf 91' lang='lat' dir='ltr'>est,</span> <span class='ocrx_word' id='word_1_111' title='bbox 972 986 1161 1040; x_wconf 87' lang='lat' dir='ltr'>paulisper</span> <span class='ocrx_word' id='word_1_112' title='bbox 1179 997 1336 1036; x_wconf 84' lang='lat' dir='ltr'>exurge,</span> <span class='ocrx_word' id='word_1_113' title='bbox 1367 991 1405 1020; x_wconf 91' lang='lat' dir='ltr'>et</span> <span class='ocrx_word' id='word_1_114' title='bbox 1425 979 1550 1033; x_wconf 89' lang='lat' dir='ltr'>perfer</span> <span class='ocrx_word' id='word_1_115' title='bbox 1580 978 1686 1017; x_wconf 90' lang='lat' dir='ltr'>hunc</span> <span class='ocrx_word' id='word_1_116' title='bbox 1708 977 1780 1015; x_wconf 88' lang='lat' dir='ltr'>do-</span> 
     </span>
     <span class='ocr_line' id='line_1_14' title="bbox 380 1045 1781 1103; baseline -0.017 0"><span class='ocrx_word' id='word_1_117' title='bbox 380 1065 504 1103; x_wconf 89' lang='lat' dir='ltr'>lorem</span> <span class='ocrx_word' id='word_1_118' title='bbox 539 1055 925 1101; x_wconf 86' lang='lat' dir='ltr'>commemorationis</span> <span class='ocrx_word' id='word_1_119' title='bbox 960 1052 1202 1092; x_wconf 81' lang='lat' dir='ltr'>neceffariae:</span> <span class='ocrx_word' id='word_1_120' title='bbox 1236 1051 1275 1088; x_wconf 94' lang='lat' dir='ltr'>in</span> <span class='ocrx_word' id='word_1_121' title='bbox 1308 1061 1384 1101; x_wconf 85' lang='lat' dir='ltr'>qua</span> <span class='ocrx_word' id='word_1_122' title='bbox 1414 1060 1486 1099; x_wconf 79' lang='lat' dir='ltr'>ego</span> <span class='ocrx_word' id='word_1_123' title='bbox 1522 1045 1668 1083; x_wconf 87' lang='lat' dir='ltr'>diutius</span> <span class='ocrx_word' id='word_1_124' title='bbox 1702 1057 1781 1080; x_wconf 85' lang='lat' dir='ltr'>non</span> 
     </span>
     <span class='ocr_line' id='line_1_15' title="bbox 382 1110 1784 1180; baseline -0.018 -9"><span class='ocrx_word' id='word_1_125' title='bbox 382 1131 574 1174; x_wconf 88' lang='lat' dir='ltr'>morabor,</span> <span class='ocrx_word' id='word_1_126' title='bbox 607 1126 808 1180; x_wconf 83' lang='lat' dir='ltr'>quoniam,</span> <span class='ocrx_word' id='word_1_127' title='bbox 846 1121 951 1175; x_wconf 90' lang='lat' dir='ltr'>quod</span> <span class='ocrx_word' id='word_1_128' title='bbox 981 1119 1058 1158; x_wconf 87' lang='lat' dir='ltr'>fuit</span> <span class='ocrx_word' id='word_1_129' title='bbox 1088 1119 1160 1157; x_wconf 86' lang='lat' dir='ltr'>viri</span> <span class='ocrx_word' id='word_1_130' title='bbox 1191 1116 1347 1170; x_wconf 86' lang='lat' dir='ltr'>optimi,</span> <span class='ocrx_word' id='word_1_131' title='bbox 1378 1113 1516 1158; x_wconf 80' lang='lat' dir='ltr'>fecisti,</span> <span class='ocrx_word' id='word_1_132' title='bbox 1549 1112 1607 1150; x_wconf 92' lang='lat' dir='ltr'>uti</span> <span class='ocrx_word' id='word_1_133' title='bbox 1639 1124 1686 1148; x_wconf 91' lang='lat' dir='ltr'>ne</span> <span class='ocrx_word' id='word_1_134' title='bbox 1717 1110 1784 1148; x_wconf 85' lang='lat' dir='ltr'>cui</span> 
     </span>
     <span class='ocr_line' id='line_1_16' title="bbox 381 1178 1780 1239; baseline -0.017 0"><span class='ocrx_word' id='word_1_135' title='bbox 381 1197 581 1239; x_wconf 89' lang='lat' dir='ltr'>innocenti</span> <span class='ocrx_word' id='word_1_136' title='bbox 615 1207 758 1233; x_wconf 86' lang='lat' dir='ltr'>moeror</span> <span class='ocrx_word' id='word_1_137' title='bbox 787 1201 877 1230; x_wconf 87' lang='lat' dir='ltr'>tuus</span> <span class='ocrx_word' id='word_1_138' title='bbox 909 1188 1169 1228; x_wconf 80' lang='lat' dir='ltr'>calamitatem</span> <span class='ocrx_word' id='word_1_139' title='bbox 1201 1194 1239 1223; x_wconf 87' lang='lat' dir='ltr'>et</span> <span class='ocrx_word' id='word_1_140' title='bbox 1266 1183 1406 1222; x_wconf 81' lang='lat' dir='ltr'>falsum</span> <span class='ocrx_word' id='word_1_141' title='bbox 1438 1182 1588 1220; x_wconf 83' lang='lat' dir='ltr'>crimen</span> <span class='ocrx_word' id='word_1_142' title='bbox 1615 1178 1780 1217; x_wconf 74' lang='lat' dir='ltr'>afferret,</span> 
     </span>
     <span class='ocr_line' id='line_1_17' title="bbox 381 1255 1070 1309; baseline -0.02 -3"><span class='ocrx_word' id='word_1_143' title='bbox 381 1268 420 1306; x_wconf 95' lang='lat' dir='ltr'>T</span> <span class='ocrx_word' id='word_1_144' title='bbox 427 1280 448 1304; x_wconf 79' lang='grc' dir='ltr'>Ε</span> <span class='ocrx_word' id='word_1_145' title='bbox 456 1280 471 1304; x_wconf 92' lang='lat' dir='ltr'>s</span> <span class='ocrx_word' id='word_1_146' title='bbox 480 1279 507 1303; x_wconf 89' lang='lat' dir='ltr'><strong>T</strong></span> <span class='ocrx_word' id='word_1_147' title='bbox 516 1278 529 1302; x_wconf 91' lang='lat'>1</span> <span class='ocrx_word' id='word_1_148' title='bbox 537 1277 570 1302; x_wconf 87' lang='grc' dir='ltr'><strong><em>Μ</em></strong></span> <span class='ocrx_word' id='word_1_149' title='bbox 578 1277 601 1301; x_wconf 89' lang='lat'><em>0</em></span> <span class='ocrx_word' id='word_1_150' title='bbox 608 1275 632 1300; x_wconf 82' lang='lat' dir='ltr'>N</span> <span class='ocrx_word' id='word_1_151' title='bbox 642 1275 654 1299; x_wconf 94' lang='lat'>1</span> <span class='ocrx_word' id='word_1_152' title='bbox 662 1274 687 1299; x_wconf 87' lang='lat' dir='ltr'>U</span> <span class='ocrx_word' id='word_1_153' title='bbox 696 1273 729 1298; x_wconf 87' lang='lat' dir='ltr'>M</span> <span class='ocrx_word' id='word_1_154' title='bbox 752 1256 923 1299; x_wconf 67' lang='lat' dir='ltr'>Balbutii</span> <span class='ocrx_word' id='word_1_155' title='bbox 932 1255 1070 1309; x_wconf 77' lang='lat' dir='ltr'>patris.</span> 
     </span>
    </p>

    <p class='ocr_par' dir='ltr' id='par_1_4' title="bbox 374 1310 1793 2503">
     <span class='ocr_line' id='line_1_18' title="bbox 377 1310 1784 1373; baseline -0.018 -2"><span class='ocrx_word' id='word_1_156' title='bbox 377 1356 380 1358; x_wconf 37' lang='lat' dir='ltr'>v</span> <span class='ocrx_word' id='word_1_157' title='bbox 439 1331 549 1370; x_wconf 86' lang='lat' dir='ltr'><strong>LXI.</strong></span> <span class='ocrx_word' id='word_1_158' title='bbox 582 1330 722 1368; x_wconf 90' lang='lat' dir='ltr'>Unum</span> <span class='ocrx_word' id='word_1_159' title='bbox 743 1326 859 1363; x_wconf 86' lang='lat' dir='ltr'>etiam</span> <span class='ocrx_word' id='word_1_160' title='bbox 881 1321 982 1361; x_wconf 88' lang='lat' dir='ltr'>mihi</span> <span class='ocrx_word' id='word_1_161' title='bbox 1013 1320 1210 1373; x_wconf 87' lang='lat' dir='ltr'>reliquum</span> <span class='ocrx_word' id='word_1_162' title='bbox 1231 1315 1420 1370; x_wconf 85' lang='lat' dir='ltr'>ejusmodi</span> <span class='ocrx_word' id='word_1_163' title='bbox 1441 1313 1590 1352; x_wconf 88' lang='lat' dir='ltr'>crimen</span> <span class='ocrx_word' id='word_1_164' title='bbox 1620 1310 1687 1356; x_wconf 90' lang='lat' dir='ltr'>est,</span> <span class='ocrx_word' id='word_1_165' title='bbox 1710 1311 1784 1361; x_wconf 87' lang='lat' dir='ltr'>Ju-</span> 
     </span>
     <span class='ocr_line' id='line_1_19' title="bbox 375 1377 1784 1449; baseline -0.018 -11"><span class='ocrx_word' id='word_1_166' title='bbox 375 1399 503 1443; x_wconf 81' lang='lat' dir='ltr'>dices,</span> <span class='ocrx_word' id='word_1_167' title='bbox 525 1410 571 1435; x_wconf 78' lang='lat' dir='ltr'>ex</span> <span class='ocrx_word' id='word_1_168' title='bbox 592 1408 671 1448; x_wconf 89' lang='lat' dir='ltr'>quo</span> <span class='ocrx_word' id='word_1_169' title='bbox 691 1392 790 1449; x_wconf 78' lang='lat' dir='ltr'>illud</span> <span class='ocrx_word' id='word_1_170' title='bbox 811 1390 1022 1444; x_wconf 86' lang='lat' dir='ltr'>perspicere</span> <span class='ocrx_word' id='word_1_171' title='bbox 1042 1386 1202 1441; x_wconf 66' lang='lat' dir='ltr'>possitis,</span> <span class='ocrx_word' id='word_1_172' title='bbox 1219 1384 1323 1437; x_wconf 91' lang='lat' dir='ltr'>quod</span> <span class='ocrx_word' id='word_1_173' title='bbox 1344 1396 1364 1420; x_wconf 83' lang='lat' dir='ltr'>a</span> <span class='ocrx_word' id='word_1_174' title='bbox 1384 1395 1447 1420; x_wconf 91' lang='lat' dir='ltr'>me</span> <span class='ocrx_word' id='word_1_175' title='bbox 1467 1379 1582 1418; x_wconf 90' lang='lat' dir='ltr'>initio</span> <span class='ocrx_word' id='word_1_176' title='bbox 1601 1377 1784 1415; x_wconf 86' lang='lat' dir='ltr'>orationis</span> 
     </span>
     <span class='ocr_line' id='line_1_20' title="bbox 385 1443 1784 1511; baseline -0.017 -7"><span class='ocrx_word' id='word_1_177' title='bbox 385 1479 480 1504; x_wconf 89' lang='lat' dir='ltr'>meae</span> <span class='ocrx_word' id='word_1_178' title='bbox 501 1464 650 1502; x_wconf 62' lang='lat' dir='ltr'>dictum</span> <span class='ocrx_word' id='word_1_179' title='bbox 670 1460 746 1505; x_wconf 88' lang='lat' dir='ltr'>est;</span> <span class='ocrx_word' id='word_1_180' title='bbox 779 1457 972 1511; x_wconf 85' lang='lat' dir='ltr'>quidquid</span> <span class='ocrx_word' id='word_1_181' title='bbox 994 1454 1087 1493; x_wconf 87' lang='lat' dir='ltr'>mali</span> <span class='ocrx_word' id='word_1_182' title='bbox 1108 1466 1173 1506; x_wconf 88' lang='lat' dir='ltr'>per</span> <span class='ocrx_word' id='word_1_183' title='bbox 1191 1451 1263 1489; x_wconf 88' lang='lat' dir='ltr'>hos</span> <span class='ocrx_word' id='word_1_184' title='bbox 1284 1462 1403 1488; x_wconf 80' lang='lat' dir='ltr'>annos</span> <span class='ocrx_word' id='word_1_185' title='bbox 1425 1450 1475 1486; x_wconf 87' lang='lat' dir='ltr'>A.</span> <span class='ocrx_word' id='word_1_186' title='bbox 1496 1444 1703 1484; x_wconf 84' lang='lat' dir='ltr'>Cluentius</span> <span class='ocrx_word' id='word_1_187' title='bbox 1725 1443 1784 1481; x_wconf 90' lang='lat' dir='ltr'>vi-</span> 
     </span>
     <span class='ocr_line' id='line_1_21' title="bbox 385 1509 1786 1582; baseline -0.016 -12"><span class='ocrx_word' id='word_1_188' title='bbox 385 1532 497 1576; x_wconf 87' lang='lat' dir='ltr'>derit,</span> <span class='ocrx_word' id='word_1_189' title='bbox 529 1526 722 1582; x_wconf 89' lang='lat' dir='ltr'>quidquid</span> <span class='ocrx_word' id='word_1_190' title='bbox 741 1524 816 1564; x_wconf 91' lang='lat' dir='ltr'>hoc</span> <span class='ocrx_word' id='word_1_191' title='bbox 839 1534 1011 1575; x_wconf 88' lang='lat' dir='ltr'>tempore</span> <span class='ocrx_word' id='word_1_192' title='bbox 1031 1519 1170 1558; x_wconf 87' lang='lat' dir='ltr'>habeat</span> <span class='ocrx_word' id='word_1_193' title='bbox 1190 1515 1460 1556; x_wconf 89' lang='lat' dir='ltr'>sollicitudinis</span> <span class='ocrx_word' id='word_1_194' title='bbox 1481 1527 1523 1551; x_wconf 84' lang='lat' dir='ltr'>ac</span> <span class='ocrx_word' id='word_1_195' title='bbox 1555 1511 1714 1564; x_wconf 84' lang='lat' dir='ltr'>negotii,</span> <span class='ocrx_word' id='word_1_196' title='bbox 1746 1509 1786 1548; x_wconf 86' lang='lat' dir='ltr'>id</span> 
     </span>
     <span class='ocr_line' id='line_1_22' title="bbox 385 1576 1784 1638; baseline -0.017 -1"><span class='ocrx_word' id='word_1_197' title='bbox 385 1610 503 1637; x_wconf 86' lang='lat' dir='ltr'>omne</span> <span class='ocrx_word' id='word_1_198' title='bbox 523 1609 543 1634; x_wconf 90' lang='lat' dir='ltr'>a</span> <span class='ocrx_word' id='word_1_199' title='bbox 563 1603 684 1634; x_wconf 80' lang='lat' dir='ltr'>matre</span> <span class='ocrx_word' id='word_1_200' title='bbox 704 1591 775 1630; x_wconf 82' lang='lat' dir='ltr'>effe</span> <span class='ocrx_word' id='word_1_201' title='bbox 795 1589 1021 1628; x_wconf 85' lang='lat' dir='ltr'>conflatum.</span> <span class='ocrx_word' id='word_1_202' title='bbox 1049 1585 1316 1638; x_wconf 87' lang='lat' dir='ltr'>Oppianicum</span> <span class='ocrx_word' id='word_1_203' title='bbox 1336 1594 1482 1620; x_wconf 88' lang='lat' dir='ltr'>veneno</span> <span class='ocrx_word' id='word_1_204' title='bbox 1499 1588 1679 1618; x_wconf 87' lang='lat' dir='ltr'>necatum</span> <span class='ocrx_word' id='word_1_205' title='bbox 1700 1576 1784 1620; x_wconf 78' lang='lat' dir='ltr'>effe,</span> 
     </span>
     <span class='ocr_line' id='line_1_23' title="bbox 386 1643 1786 1718; baseline -0.017 -14"><span class='ocrx_word' id='word_1_206' title='bbox 386 1663 493 1718; x_wconf 91' lang='lat' dir='ltr'>quod</span> <span class='ocrx_word' id='word_1_207' title='bbox 513 1664 548 1701; x_wconf 94' lang='lat' dir='ltr'>ei</span> <span class='ocrx_word' id='word_1_208' title='bbox 568 1662 702 1700; x_wconf 89' lang='lat' dir='ltr'>datum</span> <span class='ocrx_word' id='word_1_209' title='bbox 723 1659 768 1697; x_wconf 84' lang='lat' dir='ltr'>sit</span> <span class='ocrx_word' id='word_1_210' title='bbox 798 1658 838 1695; x_wconf 88' lang='lat' dir='ltr'>in</span> <span class='ocrx_word' id='word_1_211' title='bbox 861 1669 958 1709; x_wconf 82' lang='lat' dir='ltr'>pane</span> <span class='ocrx_word' id='word_1_212' title='bbox 978 1668 1044 1708; x_wconf 92' lang='lat' dir='ltr'>per</span> <span class='ocrx_word' id='word_1_213' title='bbox 1063 1653 1126 1691; x_wconf 90' lang='lat' dir='ltr'>M.</span> <span class='ocrx_word' id='word_1_214' title='bbox 1150 1650 1342 1690; x_wconf 83' lang='lat' dir='ltr'>Asellium</span> <span class='ocrx_word' id='word_1_215' title='bbox 1372 1647 1583 1701; x_wconf 85' lang='lat' dir='ltr'>quendam,</span> <span class='ocrx_word' id='word_1_216' title='bbox 1615 1643 1786 1682; x_wconf 83' lang='lat' dir='ltr'>familia·</span> 
     </span>
     <span class='ocr_line' id='line_1_24' title="bbox 387 1709 1787 1779; baseline -0.016 -10"><span class='ocrx_word' id='word_1_217' title='bbox 387 1744 469 1770; x_wconf 87' lang='lat' dir='ltr'>rem</span> <span class='ocrx_word' id='word_1_218' title='bbox 490 1729 610 1773; x_wconf 87' lang='lat' dir='ltr'>illius,</span> <span class='ocrx_word' id='word_1_219' title='bbox 631 1728 748 1779; x_wconf 89' lang='lat' dir='ltr'>idque</span> <span class='ocrx_word' id='word_1_220' title='bbox 769 1723 878 1763; x_wconf 83' lang='lat' dir='ltr'>Aviti</span> <span class='ocrx_word' id='word_1_221' title='bbox 908 1721 1066 1760; x_wconf 81' lang='lat' dir='ltr'>confiliO</span> <span class='ocrx_word' id='word_1_222' title='bbox 1086 1718 1234 1757; x_wconf 61' lang='lat' dir='ltr'>fadum</span> <span class='ocrx_word' id='word_1_223' title='bbox 1254 1716 1339 1761; x_wconf 83' lang='lat' dir='ltr'>effe,</span> <span class='ocrx_word' id='word_1_224' title='bbox 1362 1714 1506 1753; x_wconf 88' lang='lat' dir='ltr'>dicitis.</span> <span class='ocrx_word' id='word_1_225' title='bbox 1539 1713 1584 1750; x_wconf 88' lang='lat' dir='ltr'>In</span> <span class='ocrx_word' id='word_1_226' title='bbox 1605 1724 1684 1763; x_wconf 88' lang='lat' dir='ltr'>quo</span> <span class='ocrx_word' id='word_1_227' title='bbox 1705 1709 1787 1762; x_wconf 89' lang='lat' dir='ltr'>pri-</span> 
     </span>
     <span class='ocr_line' id='line_1_25' title="bbox 389 1776 1787 1845; baseline -0.017 -9"><span class='ocrx_word' id='word_1_228' title='bbox 389 1810 504 1837; x_wconf 91' lang='lat' dir='ltr'>mum</span> <span class='ocrx_word' id='word_1_229' title='bbox 524 1794 623 1833; x_wconf 91' lang='lat' dir='ltr'>illud</span> <span class='ocrx_word' id='word_1_230' title='bbox 644 1805 788 1845; x_wconf 85' lang='lat' dir='ltr'>quaero,</span> <span class='ocrx_word' id='word_1_231' title='bbox 818 1803 904 1843; x_wconf 84' lang='lat' dir='ltr'>quae</span> <span class='ocrx_word' id='word_1_232' title='bbox 924 1786 1032 1826; x_wconf 81' lang='lat' dir='ltr'>causa</span> <span class='ocrx_word' id='word_1_233' title='bbox 1052 1786 1172 1824; x_wconf 88' lang='lat' dir='ltr'>Avito</span> <span class='ocrx_word' id='word_1_234' title='bbox 1204 1782 1334 1827; x_wconf 88' lang='lat' dir='ltr'>fuerit,</span> <span class='ocrx_word' id='word_1_235' title='bbox 1363 1795 1432 1820; x_wconf 88' lang='lat' dir='ltr'>cur</span> <span class='ocrx_word' id='word_1_236' title='bbox 1463 1778 1678 1817; x_wconf 89' lang='lat' dir='ltr'>interficere</span> <span class='ocrx_word' id='word_1_237' title='bbox 1700 1776 1787 1827; x_wconf 93' lang='lat' dir='ltr'>Op-</span> 
     </span>
     <span class='ocr_line' id='line_1_26' title="bbox 388 1843 1786 1918; baseline -0.017 -15"><span class='ocrx_word' id='word_1_238' title='bbox 388 1864 588 1918; x_wconf 84' lang='lat' dir='ltr'>pianicum</span> <span class='ocrx_word' id='word_1_239' title='bbox 619 1860 749 1899; x_wconf 88' lang='lat' dir='ltr'>vellet.</span> <span class='ocrx_word' id='word_1_240' title='bbox 782 1855 1011 1896; x_wconf 86' lang='lat' dir='ltr'>Inimicitias</span> <span class='ocrx_word' id='word_1_241' title='bbox 1043 1853 1150 1891; x_wconf 89' lang='lat' dir='ltr'>enim</span> <span class='ocrx_word' id='word_1_242' title='bbox 1169 1852 1272 1890; x_wconf 88' lang='lat' dir='ltr'>inter</span> <span class='ocrx_word' id='word_1_243' title='bbox 1303 1849 1402 1902; x_wconf 91' lang='lat' dir='ltr'>ipsos</span> <span class='ocrx_word' id='word_1_244' title='bbox 1433 1845 1542 1885; x_wconf 82' lang='lat' dir='ltr'>fuiffe</span> <span class='ocrx_word' id='word_1_245' title='bbox 1572 1843 1786 1886; x_wconf 66' lang='lat' dir='ltr'>confiteor,</span> 
     </span>
     <span class='ocr_line' id='line_1_27' title="bbox 391 1910 1789 1969; baseline -0.017 1"><span class='ocrx_word' id='word_1_246' title='bbox 391 1930 452 1969; x_wconf 88' lang='lat' dir='ltr'>sed</span> <span class='ocrx_word' id='word_1_247' title='bbox 471 1928 660 1968; x_wconf 78' lang='lat' dir='ltr'>homines·</span> <span class='ocrx_word' id='word_1_248' title='bbox 687 1924 868 1964; x_wconf 85' lang='lat' dir='ltr'>inimicos</span> <span class='ocrx_word' id='word_1_249' title='bbox 890 1923 973 1961; x_wconf 90' lang='lat' dir='ltr'>suos</span> <span class='ocrx_word' id='word_1_250' title='bbox 1010 1929 1134 1958; x_wconf 89' lang='lat' dir='ltr'>morte</span> <span class='ocrx_word' id='word_1_251' title='bbox 1166 1917 1266 1956; x_wconf 84' lang='lat' dir='ltr'>affici</span> <span class='ocrx_word' id='word_1_252' title='bbox 1287 1916 1437 1958; x_wconf 89' lang='lat' dir='ltr'>volunt,</span> <span class='ocrx_word' id='word_1_253' title='bbox 1474 1912 1533 1951; x_wconf 86' lang='lat' dir='ltr'>vel</span> <span class='ocrx_word' id='word_1_254' title='bbox 1566 1910 1671 1964; x_wconf 89' lang='lat' dir='ltr'>quod</span> <span class='ocrx_word' id='word_1_255' title='bbox 1702 1921 1789 1947; x_wconf 91' lang='lat' dir='ltr'>me-</span> 
     </span>
     <span class='ocr_line' id='line_1_28' title="bbox 386 1975 1789 2047; baseline -0.018 -10"><span class='ocrx_word' id='word_1_256' title='bbox 386 2006 521 2043; x_wconf 66' lang='lat' dir='ltr'>tuunt,</span> <span class='ocrx_word' id='word_1_257' title='bbox 553 1995 613 2034; x_wconf 86' lang='lat' dir='ltr'>vel</span> <span class='ocrx_word' id='word_1_258' title='bbox 634 1993 738 2047; x_wconf 91' lang='lat' dir='ltr'>quod</span> <span class='ocrx_word' id='word_1_259' title='bbox 759 1991 936 2030; x_wconf 87' lang='lat' dir='ltr'>oderunt.</span> <span class='ocrx_word' id='word_1_260' title='bbox 970 1989 1064 2039; x_wconf 86' lang='lat' dir='ltr'>Qo</span> <span class='ocrx_word' id='word_1_261' title='bbox 1096 1985 1251 2025; x_wconf 81' lang='lat' dir='ltr'>tandem</span> <span class='ocrx_word' id='word_1_262' title='bbox 1280 1984 1400 2036; x_wconf 85' lang='lat' dir='ltr'>igitur</span> <span class='ocrx_word' id='word_1_263' title='bbox 1420 1980 1560 2019; x_wconf 88' lang='lat' dir='ltr'>Avitus</span> <span class='ocrx_word' id='word_1_264' title='bbox 1582 1986 1689 2016; x_wconf 89' lang='lat' dir='ltr'>metu</span> <span class='ocrx_word' id='word_1_265' title='bbox 1721 1975 1789 2013; x_wconf 82' lang='lat' dir='ltr'>ad-</span> 
     </span>
     <span class='ocr_line' id='line_1_29' title="bbox 391 2043 1788 2106; baseline -0.018 -3"><span class='ocrx_word' id='word_1_266' title='bbox 391 2064 527 2103; x_wconf 60' lang='lat' dir='ltr'>duetus</span> <span class='ocrx_word' id='word_1_267' title='bbox 561 2071 712 2100; x_wconf 83' lang='lat' dir='ltr'>tantum</span> <span class='ocrx_word' id='word_1_268' title='bbox 744 2059 784 2098; x_wconf 88' lang='lat' dir='ltr'>in</span> <span class='ocrx_word' id='word_1_269' title='bbox 816 2058 851 2096; x_wconf 89' lang='lat' dir='ltr'>se</span> <span class='ocrx_word' id='word_1_270' title='bbox 881 2056 1031 2095; x_wconf 80' lang='lat' dir='ltr'>facinus</span> <span class='ocrx_word' id='word_1_271' title='bbox 1052 2053 1238 2106; x_wconf 83' lang='lat' dir='ltr'>suscipere</span> <span class='ocrx_word' id='word_1_272' title='bbox 1258 2058 1417 2088; x_wconf 83' lang='lat' dir='ltr'>conatus</span> <span class='ocrx_word' id='word_1_273' title='bbox 1448 2046 1528 2084; x_wconf 89' lang='lat' dir='ltr'>est?</span> <span class='ocrx_word' id='word_1_274' title='bbox 1561 2043 1671 2095; x_wconf 85' lang='lat' dir='ltr'>Qid</span> <span class='ocrx_word' id='word_1_275' title='bbox 1696 2050 1788 2085; x_wconf 78' lang='lat' dir='ltr'>erat,</span> 
     </span>
     <span class='ocr_line' id='line_1_30' title="bbox 392 2111 1790 2184; baseline -0.019 -14"><span class='ocrx_word' id='word_1_276' title='bbox 392 2130 499 2184; x_wconf 89' lang='lat' dir='ltr'>quod</span> <span class='ocrx_word' id='word_1_277' title='bbox 527 2131 609 2181; x_wconf 90' lang='lat' dir='ltr'>jam</span> <span class='ocrx_word' id='word_1_278' title='bbox 632 2125 897 2180; x_wconf 84' lang='lat' dir='ltr'>Oppianicum</span> <span class='ocrx_word' id='word_1_279' title='bbox 919 2135 1032 2176; x_wconf 84' lang='lat' dir='ltr'>poena</span> <span class='ocrx_word' id='word_1_280' title='bbox 1063 2119 1244 2158; x_wconf 61' lang='lat' dir='ltr'>affeetum</span> <span class='ocrx_word' id='word_1_281' title='bbox 1279 2130 1347 2170; x_wconf 89' lang='lat' dir='ltr'>pro</span> <span class='ocrx_word' id='word_1_282' title='bbox 1374 2113 1591 2156; x_wconf 83' lang='lat' dir='ltr'>maleficiis,</span> <span class='ocrx_word' id='word_1_283' title='bbox 1624 2111 1790 2162; x_wconf 61' lang='lat' dir='ltr'>ejeetum</span> 
     </span>
     <span class='ocr_line' id='line_1_31' title="bbox 394 2182 1789 2246; baseline -0.019 -11"><span class='ocrx_word' id='word_1_284' title='bbox 394 2210 414 2234; x_wconf 85' lang='lat' dir='ltr'>e</span> <span class='ocrx_word' id='word_1_285' title='bbox 435 2196 602 2239; x_wconf 90' lang='lat' dir='ltr'>civitate,</span> <span class='ocrx_word' id='word_1_286' title='bbox 633 2192 837 2246; x_wconf 85' lang='lat' dir='ltr'>quisquam</span> <span class='ocrx_word' id='word_1_287' title='bbox 861 2189 1043 2228; x_wconf 85' lang='lat' dir='ltr'>timeret?</span> <span class='ocrx_word' id='word_1_288' title='bbox 1077 2185 1185 2237; x_wconf 85' lang='lat' dir='ltr'>Qid</span> <span class='ocrx_word' id='word_1_289' title='bbox 1218 2182 1441 2222; x_wconf 73' lang='lat' dir='ltr'>metuebat?</span> <span class='ocrx_word' id='word_1_290' title='bbox 1474 2188 1517 2218; x_wconf 90' lang='lat' dir='ltr'>ut</span> <span class='ocrx_word' id='word_1_291' title='bbox 1548 2187 1789 2230; x_wconf 82' lang='lat' dir='ltr'>oppugnare-</span> 
     </span>
     <span class='ocr_line' id='line_1_32' title="bbox 395 2238 1790 2313; baseline -0.019 -12"><span class='ocrx_word' id='word_1_292' title='bbox 395 2272 458 2301; x_wconf 84' lang='lat' dir='ltr'>tur</span> <span class='ocrx_word' id='word_1_293' title='bbox 478 2274 498 2298; x_wconf 85' lang='lat' dir='ltr'>a</span> <span class='ocrx_word' id='word_1_294' title='bbox 517 2260 697 2313; x_wconf 86' lang='lat' dir='ltr'>perdito?</span> <span class='ocrx_word' id='word_1_295' title='bbox 729 2272 776 2296; x_wconf 85' lang='lat' dir='ltr'>an</span> <span class='ocrx_word' id='word_1_296' title='bbox 809 2270 856 2295; x_wconf 88' lang='lat' dir='ltr'>ne</span> <span class='ocrx_word' id='word_1_297' title='bbox 887 2254 1124 2293; x_wconf 78' lang='lat' dir='ltr'>accusaretur</span> <span class='ocrx_word' id='word_1_298' title='bbox 1154 2265 1173 2289; x_wconf 84' lang='lat' dir='ltr'>a</span> <span class='ocrx_word' id='word_1_299' title='bbox 1193 2247 1482 2288; x_wconf 79' lang='lat' dir='ltr'>condemnato?</span> <span class='ocrx_word' id='word_1_300' title='bbox 1514 2258 1561 2281; x_wconf 87' lang='lat' dir='ltr'>an</span> <span class='ocrx_word' id='word_1_301' title='bbox 1594 2256 1639 2279; x_wconf 88' lang='lat' dir='ltr'>ne</span> <span class='ocrx_word' id='word_1_302' title='bbox 1666 2238 1790 2281; x_wconf 72' lang='lat' dir='ltr'>exulis</span> 
     </span>
     <span class='ocr_line' id='line_1_33' title="bbox 396 2305 1792 2369; baseline -0.018 -3"><span class='ocrx_word' id='word_1_303' title='bbox 396 2326 615 2367; x_wconf 84' lang='lat' dir='ltr'>testimonio</span> <span class='ocrx_word' id='word_1_304' title='bbox 636 2324 863 2364; x_wconf 84' lang='lat' dir='ltr'>laederetur?</span> <span class='ocrx_word' id='word_1_305' title='bbox 897 2323 962 2360; x_wconf 78' lang='lat' dir='ltr'>Sin</span> <span class='ocrx_word' id='word_1_306' title='bbox 994 2329 1139 2363; x_wconf 77' lang='lat' dir='ltr'>autem,</span> <span class='ocrx_word' id='word_1_307' title='bbox 1171 2316 1276 2369; x_wconf 89' lang='lat' dir='ltr'>quod</span> <span class='ocrx_word' id='word_1_308' title='bbox 1308 2315 1436 2352; x_wconf 83' lang='lat' dir='ltr'>oderat</span> <span class='ocrx_word' id='word_1_309' title='bbox 1458 2310 1613 2351; x_wconf 83' lang='lat' dir='ltr'>Avitus,</span> <span class='ocrx_word' id='word_1_310' title='bbox 1645 2305 1792 2347; x_wconf 85' lang='lat' dir='ltr'>idcirco</span> 
     </span>
     <span class='ocr_line' id='line_1_34' title="bbox 374 2378 1791 2434; baseline -0.018 -2"><span class='ocrx_word' id='word_1_311' title='bbox 374 2427 378 2432; x_wconf 80' lang='lat'><strong>.</strong></span> <span class='ocrx_word' id='word_1_312' title='bbox 396 2396 512 2434; x_wconf 83' lang='lat' dir='ltr'>illum</span> <span class='ocrx_word' id='word_1_313' title='bbox 533 2393 609 2430; x_wconf 80' lang='lat' dir='ltr'>vita</span> <span class='ocrx_word' id='word_1_314' title='bbox 629 2390 705 2428; x_wconf 90' lang='lat' dir='ltr'>frui</span> <span class='ocrx_word' id='word_1_315' title='bbox 727 2390 878 2434; x_wconf 82' lang='lat' dir='ltr'>noluit3</span> <span class='ocrx_word' id='word_1_316' title='bbox 910 2388 1053 2425; x_wconf 85' lang='lat' dir='ltr'>adeone</span> <span class='ocrx_word' id='word_1_317' title='bbox 1072 2394 1150 2423; x_wconf 80' lang='lat' dir='ltr'>erat</span> <span class='ocrx_word' id='word_1_318' title='bbox 1170 2382 1324 2425; x_wconf 78' lang='lat' dir='ltr'>stultus,</span> <span class='ocrx_word' id='word_1_319' title='bbox 1358 2389 1399 2417; x_wconf 92' lang='lat' dir='ltr'>ut</span> <span class='ocrx_word' id='word_1_320' title='bbox 1418 2378 1542 2418; x_wconf 65' lang='lat' dir='ltr'>illum,</span> <span class='ocrx_word' id='word_1_321' title='bbox 1565 2385 1683 2425; x_wconf 83' lang='lat' dir='ltr'>quam</span> <span class='ocrx_word' id='word_1_322' title='bbox 1706 2379 1791 2408; x_wconf 86' lang='lat' dir='ltr'>tum</span> 
     </span>
     <span class='ocr_line' id='line_1_35' title="bbox 391 2438 1793 2503; baseline -0.019 -3"><span class='ocrx_word' id='word_1_323' title='bbox 391 2462 464 2501; x_wconf 76' lang='lat' dir='ltr'>ille</span> <span class='ocrx_word' id='word_1_324' title='bbox 499 2459 664 2503; x_wconf 80' lang='lat' dir='ltr'>vivebat,</span> <span class='ocrx_word' id='word_1_325' title='bbox 701 2456 822 2494; x_wconf 81' lang='lat' dir='ltr'>vitam</span> <span class='ocrx_word' id='word_1_326' title='bbox 854 2455 924 2493; x_wconf 83' lang='lat' dir='ltr'>effe</span> <span class='ocrx_word' id='word_1_327' title='bbox 959 2453 1215 2494; x_wconf 75' lang='lat' dir='ltr'>arbitraretur,</span> <span class='ocrx_word' id='word_1_328' title='bbox 1248 2445 1432 2488; x_wconf 77' lang='lat' dir='ltr'>damnati,</span> <span class='ocrx_word' id='word_1_329' title='bbox 1475 2440 1614 2485; x_wconf 74' lang='lat' dir='ltr'>exulis,</span> <span class='ocrx_word' id='word_1_330' title='bbox 1657 2438 1793 2477; x_wconf 84' lang='lat' dir='ltr'>deserti</span> 
     </span>
    </p>
   </div>
  </div>
 </body>
</html>
