2212 2835
632 185 770 223 PRo
828 186 880 223 A.
941 185 1351 225 CLUENTIO.
1649 201 1698 239 59

300 295 366 325 aut
386 286 623 339 disceptatio,
645 294 711 324 aut
731 285 902 338 quaestio.
927 285 1045 337 Qod
1066 286 1092 324 fi
1113 286 1199 338 quis
1220 286 1286 331 est,
1304 285 1371 338 qui
1392 284 1701 338 illudjudicium

301 352 411 391 fuiffe
432 353 649 397 arbitretur,
685 361 723 390 et
757 352 825 403 qui
856 350 918 389 his
946 353 1059 389 rebus
1085 352 1269 403 judicatis
1301 352 1478 390 standum
1498 361 1608 405 putet
1625 370 1636 397 ς
1669 353 1700 392 is

302 428 431 457 tamen
451 418 552 456 hanc
572 417 721 455 causam
753 417 799 454 ab
820 417 886 454 illa
917 416 1030 454 debet
1050 416 1258 469 sejungere.
1291 417 1355 455 Ab
1376 417 1446 455 illo
1477 418 1596 462 enim,
1628 417 1702 455 five

301 485 408 537 quod
427 485 467 522 in
489 484 615 536 legem
630 497 709 521 non
724 482 894 536 jurasset,
909 482 983 520 five
1003 482 1107 535 quod
1123 496 1170 521 ex
1191 483 1274 536 lege
1289 483 1703 536 subsortitusjudicem

301 565 381 589 non
402 550 506 595 effet,
538 550 663 591 multa
689 550 809 603 petita
827 549 898 587 effe
918 548 1062 587 dicitur
1081 563 1109 588 ε.
1127 549 1304 588 Cluentii
1323 559 1455 588 autem
1487 550 1582 588 ratio
1609 564 1701 588 cum

300 618 380 655 illis
401 617 567 670 legibus,
589 617 733 669 quibus
754 617 801 655 ab
822 616 943 668 Junio
974 615 1099 655 multa
1117 616 1238 670 petita
1267 615 1334 662 est,
1368 616 1475 655 nulla
1504 616 1627 670 potest
1657 630 1703 654 ex

301 693 407 737 parte
426 683 497 722 effe
516 684 602 736 conj
611 685 737 730 uncta.

357 751 414 788 At
434 746 551 788 etiam
579 749 729 795 Bulbus
761 748 815 787 est
834 748 1129 796 condemnatus.
1161 748 1289 794 Adde,
1312 748 1516 802 majestatis
1535 763 1544 788 ε
1577 756 1621 786 ut
1641 748 1704 786 in·-

301 816 468 870 telligas‚
490 815 565 856 hoc
580 816 779 870 judicium
801 830 894 855 cum
913 816 984 855 illo
1004 830 1083 855 non
1104 816 1175 856 effe
1195 817 1465 869 conjunctum.
1488 818 1545 855 At
1564 815 1616 853 est
1628 813 1706 852 hoc

303 884 365 922 illi
385 884 533 922 crimen
552 884 764 936 objectum.
798 884 967 922 Fateor:
1000 883 1062 922 sed
1092 883 1223 929 etiam,
1252 883 1449 936 legionem
1481 881 1552 921 effe
1582 881 1629 920 ab
1661 894 1706 919 eo

304 949 551 988 sollicitatam
579 950 620 988 in
642 950 814 1001 Illyrico,
851 951 900 989 C.
924 949 1105 988 Cosconii
1139 950 1258 989 literis
1291 959 1329 988 et
1351 949 1569 988 multorum
1599 947 1706 986 testi-

306 1016 451 1054 moniis
471 1015 633 1068 planum
652 1014 800 1053 factum
834 1015 914 1054 est:
945 1016 1052 1068 quod
1079 1016 1229 1054 crimen
1259 1024 1337 1054 erat
1368 1015 1571 1069 proprium
1601 1013 1706 1052 illius

307 1081 541 1134 quaestionis,
569 1091 607 1119 et
627 1095 713 1133 quae
733 1095 789 1118 res
821 1081 905 1134 lege
934 1081 1139 1134 majestatiS
1160 1081 1376 1120 tenebatur.
1409 1083 1465 1120 At
1483 1079 1559 1118 hoc
1579 1079 1709 1126 obfuit

307 1148 344 1186 ei
364 1148 547 1186 maxime.
569 1147 660 1197 Jam
680 1146 748 1184 ista
767 1146 954 1185 divinatio
974 1147 1027 1185 est
1044 1162 1053 1186 :
1083 1161 1158 1200 qua
1178 1147 1205 1184 fi
1226 1147 1284 1185 uti
1303 1147 1409 1192 licet,
1431 1146 1533 1191 vide,
1555 1159 1602 1184 ne
1623 1158 1709 1183 mea

305 1215 526 1267 conjectura
540 1213 668 1252 multo
683 1213 729 1252 fit
744 1213 880 1252 verior.
903 1215 991 1267 Ego
1010 1214 1117 1252 enim
1138 1213 1188 1252 fic
1205 1213 1381 1258 arbitror,
1399 1213 1588 1257 Bulbum,
1603 1211 1709 1264 quod

307 1280 430 1319 homo
449 1293 634 1333 nequam,
657 1280 795 1333 turpis,
817 1280 1035 1333 improbus,
1068 1280 1205 1319 multis
1232 1279 1386 1332 flagitiis
1408 1279 1708 1322 contaminatus,

308 1347 350 1385 in
366 1347 566 1399 judicium
593 1346 640 1385 fit
669 1346 869 1392 adductus,
901 1346 1048 1385 idcirco
1077 1346 1228 1385 facilius
1260 1345 1333 1384 effe
1364 1346 1605 1384 damnatum.
1643 1345 1711 1382 Tu

309 1413 412 1453 mihi
431 1428 479 1452 ex
500 1422 580 1452 tota
598 1413 708 1459 causa
723 1413 855 1459 Bulbi,
877 1413 983 1466 quod
1004 1413 1077 1452 tibi
1096 1412 1353 1452 commodum
1373 1412 1439 1458 est,
1460 1412 1586 1466 eligis,
1608 1419 1651 1449 ut
1671 1410 1711 1449 id

309 1480 382 1520 effe
402 1480 549 1519 secutos
565 1480 715 1533 judices
734 1480 853 1519 dicas.

357 1548 552 1586 XXXVI.
576 1549 822 1600 Qapropter
838 1546 914 1585 hoc
930 1546 1048 1584 Bulbi
1060 1547 1257 1598 judicium
1272 1560 1350 1585 non
1369 1546 1457 1600 plus
1473 1543 1598 1584 obeffe
1617 1543 1712 1582 huic

310 1612 431 1651 causae
451 1612 579 1657 debet,
612 1625 731 1664 quam
762 1612 842 1657 illa,
870 1626 956 1664 quae
977 1622 1282 1650 commemorata
1301 1612 1387 1650 sunt
1413 1612 1461 1650 ab
1482 1611 1710 1655 accusatore,

312 1679 391 1717 duo
416 1678 578 1731 judicia,
614 1678 660 1717 P.
682 1677 854 1730 Popillii,
887 1687 925 1716 et
945 1679 998 1716 T.
1018 1679 1176 1723 Guttae3
1209 1678 1277 1730 qui
1303 1677 1453 1716 causam
1485 1678 1531 1715 de
1561 1677 1713 1715 ambitu

313 1746 523 1790 dixerunt3
556 1745 625 1797 qui
645 1744 809 1783 accusati
836 1744 924 1783 sunt
944 1744 991 1783 ab
1012 1745 1074 1790 iis,
1107 1745 1176 1798 qui
1196 1755 1303 1783 erant
1323 1745 1393 1798 ipfi
1414 1744 1584 1782 ambitus
1615 1757 1711 1782 con—

314 1812 510 1850 demnati:
535 1825 631 1864 quos
651 1825 724 1864 ego
744 1825 821 1850 non
843 1811 988 1850 idcirco
1008 1811 1079 1850 effe
1099 1812 1262 1850 arbitror
1280 1813 1320 1850 in
1342 1812 1539 1864 integrum
1560 1810 1712 1848 restitu-

314 1889 389 1924 tos,
411 1878 517 1932 quod
534 1878 696 1931 planum
716 1877 892 1924 fecerint,
925 1878 1012 1916 illos
1033 1879 1084 1917 ob
1115 1892 1197 1917 rem
1223 1879 1475 1931 judicandam
1506 1877 1714 1931 pecuniam

314 1945 522 1998 accepisse;
545 1945 606 1983 sed
627 1945 945 1998 quodjudicibus
965 1946 1177 1998 probarint,
1207 1946 1313 1997 quod
1333 1946 1374 1983 in
1394 1945 1531 1983 eodem
1559 1957 1712 1997 genere,

315 2013 356 2050 in
377 2026 454 2065 quo
474 2012 542 2066 ipsi
563 2011 818 2057 offendiffent,
841 2012 934 2050 alios
955 2011 1293 2065 reprehendissent,
1320 2012 1356 2050 se
1377 2012 1422 2050 ad
1444 2012 1599 2064 praemia
1619 2010 1713 2062 legis

316 2079 445 2117 venire
464 2088 652 2132 oportere.
685 2079 932 2132 Qapropter
960 2080 1159 2117 neminem
1189 2079 1363 2117 dubitare
1394 2078 1586 2123 existimo,
1619 2077 1713 2129 quin

316 2145 383 2183 illa
401 2145 598 2183 damnatio
618 2145 788 2184 ambitus
810 2145 918 2187 nulla
936 2159 982 2183 ex
1000 2155 1105 2198 parte
1125 2159 1218 2183 cum
1238 2145 1346 2183 causa
1364 2144 1552 2188 Cluentii,
1570 2143 1712 2181 vestro-

316 2224 392 2263 que
406 2212 570 2263 judicio,
592 2213 798 2264 conjuncta
817 2211 889 2250 effe
907 2212 1034 2264 poffit.

375 2277 497 2327 Qid,
519 2278 624 2330 quod
643 2278 814 2317 Staienus
846 2278 899 2316 est
919 2279 1231 2317 condemnatus?
1264 2278 1358 2316 Non
1390 2277 1478 2315 dico
1508 2275 1583 2313 hoc
1610 2283 1713 2311 tem-

319 2356 424 2396 pore,
444 2343 615 2393 JudiceS,
647 2345 688 2383 id
708 2345 814 2397 quod
834 2345 960 2384 nescio
980 2359 1025 2383 an
1047 2345 1124 2383 dici
1157 2353 1342 2397 oporteat,
1375 2344 1490 2381 illum
1512 2339 1713 2392 majestatis

287 2446 290 2449 ,
317 2408 390 2447 effe
417 2408 658 2448 damnatum.
691 2411 786 2449 Non
814 2412 933 2450 recito
955 2412 1171 2450 testimonia
1190 2410 1399 2448 hominum
1430 2406 1713 2446 honestiffimo-

319 2488 423 2520 rum,
437 2488 522 2528 quae
537 2475 577 2514 in
591 2475 789 2515 Stalenum
802 2476 889 2517 sunt
904 2477 1005 2516 dicta
1019 2478 1066 2516 ab
1080 2477 1140 2523 iis,
1155 2477 1223 2529 qui
1236 2476 1299 2514 M.
1315 2474 1494 2519 AEmilio,
1512 2472 1716 2511 clarissimo

1317 2546 1413 2584 H2
