2212 2835
388 165 437 205 82
881 164 1279 202 ORATIO

387 278 453 303 vos
475 264 580 303 causa
598 262 820 315 hujusmodi
841 262 962 300 delata
977 262 1020 300 fit
1037 263 1132 314 ejus,
1150 261 1316 315 quilege
1337 274 1415 299 non
1436 269 1631 306 teneatur3
1653 262 1768 300 etiam

387 330 412 368 fi
432 331 463 368 is
483 328 704 373 invidiosus,
734 337 799 366 aut
830 328 965 366 multis
986 327 1166 373 offensus,
1188 327 1259 366 effe
1285 326 1470 372 videatur,
1498 326 1615 366 etiam
1633 326 1660 364 fi
1679 341 1768 365 eum

387 395 558 439 oderitis,
587 394 703 432 etiam
724 394 749 432 fi
781 394 894 431 inviti
914 393 1124 432 absoluturi
1144 394 1235 439 fitis,
1268 402 1397 431 tamen
1417 392 1631 438 absolvatis,
1651 401 1689 430 et
1709 405 1769 430 re-

387 460 524 513 ligioni
553 460 682 513 potius
717 459 857 504 vestrae‚
892 468 1009 511 quam
1029 459 1134 505 odio,
1162 459 1336 512 pareatis.
1369 458 1436 497 Est
1455 458 1561 496 enim
1593 457 1770 510 sapientis

380 526 539 578 judicis,
553 526 741 578 negitare,
773 534 924 564 tantuin
945 525 1013 563 fibi
1033 539 1053 563 a
1072 525 1218 579 populo
1240 525 1418 563 Romano
1438 523 1508 562 effe
1528 523 1769 577 permissum,

387 589 845 645 quantumgcommiffum
866 601 904 629 et
924 592 1114 630 creditum
1135 592 1206 636 fit;
1238 600 1276 629 et
1302 605 1379 629 non
1400 591 1524 629 solum
1544 590 1613 628 fibi
1642 589 1769 643 potes-

389 668 507 697 tatem
527 658 669 702 datam,
689 671 821 695 verum
840 657 956 695 etiam
977 657 1094 695 fidem
1114 656 1301 702 habitam,
1318 656 1388 695 effe
1408 655 1622 695 meminiffe
1636 674 1648 701 3
1671 655 1772 708 poffe

388 739 506 777 quem
539 725 676 769 oderit,
714 724 932 768 absolvere;
981 737 1100 776 quern
1135 737 1211 762 non
1243 722 1380 768 oderit,
1411 723 1693 767 condemnare,
1734 730 1771 759 et

389 791 535 844 semper
568 804 644 828 non
666 790 760 841 quid
780 789 858 842 ipse
878 789 984 834 velit,
1014 789 1074 827 sed
1095 789 1189 841 quid
1208 789 1271 827 lex
1291 798 1328 827 et
1349 789 1484 841 religio
1503 797 1628 841 cogat,
1661 787 1770 840 cogi-

388 867 465 895 tare
481 875 493 902 ς
525 856 834 900 animadvertere,
856 870 930 908 qua
950 855 1034 908 lege
1054 869 1137 894 reus
1169 855 1323 900 citetur,
1353 855 1399 893 de
1418 869 1496 907 quo
1523 868 1587 893 reo
1609 853 1771 907 cognos-

387 932 463 968 cat,
485 937 568 975 quae
590 936 644 960 res
665 923 704 959 in
726 922 932 973 quaestione
951 921 1127 959 versetur.
1161 923 1266 959 Cum
1286 919 1368 960 haec
1390 920 1477 958 sunt
1491 919 1665 964 videnda,
1687 927 1773 957 tum

388 1002 476 1026 vero
506 988 604 1026 illud
639 987 690 1024 est
720 986 891 1024 hominis
925 987 1070 1038 magni,
1103 986 1272 1036 Judices‚
1308 995 1422 1038 atque
1455 985 1646 1038 sapientis,
1681 997 1775 1022 cum

389 1054 511 1098 illam,
533 1053 733 1105 judicandi
756 1051 874 1096 causa,
908 1051 1089 1089 tabellam
1120 1051 1334 1103 sumpserit,
1368 1064 1444 1088 non
1477 1051 1511 1089 se
1541 1060 1674 1103 putare
1704 1049 1774 1089 effe

390 1119 529 1164 solum,
563 1132 686 1171 neque
707 1119 790 1163 fibi,
823 1117 1084 1170 quodcunque
1104 1116 1359 1168 concupierit,
1392 1116 1518 1161 licere,
1551 1116 1612 1155 sed
1639 1115 1776 1154 habere

389 1187 430 1224 in
464 1184 622 1223 confilio
655 1185 795 1236 legem,
832 1183 1072 1234 reIIgionem‚
1107 1183 1342 1234 aequitatem,
1379 1182 1496 1220 fidem
1513 1201 1526 1227 3
1570 1182 1773 1220 libidinem

390 1261 534 1296 autem,
556 1251 705 1294 odium,
740 1249 940 1294 invidiam,
971 1258 1136 1294 metum,
1166 1248 1468 1301 cupiditatesque
1488 1261 1637 1293 omnes,
1666 1260 1775 1285 amo-

391 1331 502 1363 vere3
534 1317 780 1368 maximeque
811 1315 991 1354 aestimare
1021 1315 1294 1353 conscientiam
1321 1315 1462 1354 mentis
1495 1314 1582 1360 suae,
1617 1327 1735 1367 quam
1755 1326 1776 1351 a

392 1383 480 1423 Diis
501 1381 786 1420 immortalibus
807 1381 1040 1433 accepimus,
1073 1394 1157 1433 quae
1187 1394 1207 1417 a
1238 1380 1348 1426 nobis
1370 1379 1499 1418 divelli
1529 1393 1606 1418 non
1640 1378 1774 1432 potest,

392 1465 476 1503 quae
506 1449 532 1487 fi
563 1449 803 1502 optimorum
831 1447 1078 1485 consiliorum
1109 1456 1222 1499 atque
1253 1445 1443 1485 factorum
1469 1446 1570 1484 testis
1592 1446 1631 1484 in
1663 1446 1773 1483 omni

393 1517 469 1555 vita
488 1515 599 1554 nobis
617 1515 700 1559 erit,
732 1514 806 1552 fine
838 1514 918 1552 ullo
952 1522 1060 1552 metu
1093 1522 1130 1551 et
1151 1512 1301 1551 summa
1331 1527 1423 1552 cum
1444 1512 1638 1551 honestate
1669 1512 1775 1551 vive-

394 1597 494 1622 mus.

450 1651 547 1688 Haec
568 1648 593 1686 fi
614 1650 666 1687 T.
690 1648 822 1687 Attius
842 1656 907 1686 aut
927 1647 1172 1700 cognoviffet,
1203 1656 1267 1686 aut
1287 1646 1481 1700 cogitasset
1500 1665 1513 1694 3
1545 1644 1715 1699 profecto
1731 1657 1779 1682 ne

393 1725 552 1754 conatus
573 1715 729 1767 quidem
750 1713 838 1752 effet
858 1713 996 1758 dicere,
1029 1713 1069 1750 id
1089 1713 1194 1765 quod
1227 1713 1351 1750 verbis
1382 1712 1517 1750 multis
1549 1711 1640 1763 egit,
1667 1710 1777 1762 judi-

396 1796 495 1826 cem,
518 1781 621 1833 quod
642 1781 675 1818 ei
697 1781 880 1824 videatur,
913 1779 1083 1822 statuere,
1115 1787 1152 1816 et
1179 1792 1254 1816 non
1276 1778 1496 1815 devinctum
1527 1776 1676 1829 legibus
1708 1774 1778 1813 effe

396 1858 582 1901 oportere.
605 1846 761 1898 Qibus
782 1846 827 1884 de
848 1845 960 1883 rebus
981 1843 1079 1883 mihi
1101 1858 1169 1897 pro
1188 1844 1359 1883 Cluentii
1380 1844 1574 1882 voluntate
1594 1842 1778 1887 nimium,

399 1928 465 1967 pro
486 1914 705 1965 reipublicae
726 1912 912 1964 dignitate
932 1925 1082 1964 parum,
1114 1925 1181 1963 pro
1203 1910 1318 1949 vestra
1338 1910 1538 1964 prudentia
1559 1909 1659 1953 satis,
1690 1909 1777 1946 dix-

399 1980 461 2018 iffe
483 1981 626 2018 videor.
660 1979 825 2030 Reliqua
845 1992 1031 2031 perpauca
1048 1977 1148 2022 sunt,
1181 1992 1279 2030 quae,
1308 1978 1398 2029 quia
1417 1977 1543 2015 vestrae
1563 1975 1779 2028 quaestionis

398 2055 516 2090 erant,
540 2046 682 2083 idcirco
702 2044 760 2082 illi
781 2044 990 2082 statuerunt
1011 2044 1078 2081 fibi
1099 2043 1276 2095 fingenda
1295 2043 1379 2087 effe,
1410 2051 1446 2080 ct
1467 2041 1701 2095 proferenda,
1736 2054 1782 2078 ne

398 2113 576 2151 omnium
603 2111 807 2163 turpissimi
843 2112 1110 2163 reperirentur,
1143 2111 1167 2148 fi
1203 2111 1242 2148 in
1272 2110 1467 2162 judicium
1503 2108 1617 2154 nihil,
1647 2116 1782 2161 praeter

399 2179 598 2223 invidiam,
619 2175 840 2214 attulissent.

454 2245 563 2283 LIX.
598 2245 742 2294 Atque,
774 2251 814 2279 ut
835 2242 1072 2286 existimetis,
1107 2241 1306 2279 necessario
1336 2254 1398 2278 me
1418 2240 1463 2278 de
1493 2239 1552 2278 his
1579 2240 1705 2284 rebus,
1736 2238 1782 2276 de

400 2311 540 2363 quibus
566 2310 648 2362 jam
679 2309 858 2353 dixerim,
894 2308 1067 2361 pluribus
1097 2307 1208 2360 egiss'e
1234 2307 1370 2351 verbis,
1403 2306 1586 2344 attendite
1607 2305 1778 2357 reliqua:

402 2376 569 2430 profecto
590 2375 826 2428 intelligetis,
848 2388 902 2419 ea,
925 2388 1009 2426 quae
1029 2375 1158 2427 paucis
1180 2373 1426 2412 demonstrari
1447 2380 1668 2426 potuerunt,
1694 2371 1781 2408 bre-

402 2445 545 2482 viffime
576 2443 646 2482 css‘e
675 2441 836 2481 defensa.
883 2443 957 2481 Cn.
982 2442 1104 2481 Decio
1138 2442 1313 2487 Samniti,
1349 2442 1381 2479 ei
1400 2470 1410 2486 ,
1453 2441 1520 2493 qui
1551 2438 1781 2492 proscriptus
