2212 2835
691 185 823 224 PRO
888 186 940 223 A.
1007 185 1423 226 CLUENTm,
1708 203 1754 241 73

356 284 503 324 fae'tum
526 285 583 331 sit,
608 285 765 325 moleste
784 285 1028 339 graviterque
1049 284 1172 324 ferre?
1209 286 1246 323 Si
1268 286 1346 339 ipse
1368 288 1418 325 A.
1443 286 1649 325 Cluentius
1670 287 1753 325 sen-

358 352 520 390 tentiam
542 351 588 389 de
606 350 766 402 judiciis
785 360 995 403 rogaretur,
1027 350 1141 389 aliam
1158 342 1250 389 ‘non
1271 351 1428 397 diceret,
1460 361 1575 405 atque
1596 353 1624 390 ii
1645 352 1753 392 dixe-

358 427 461 463 runt,
483 429 652 470 quorum
673 415 866 457 sententiis
885 416 1115 454 Cluentium
1137 416 1443 456 condemnatum
1463 419 1534 456 effe
1554 419 1698 458 dicitis.

413 483 484 521 Sed
505 495 634 535 quaero
654 495 675 520 a
694 482 816 526 vobis,
850 495 947 520 num
977 481 1087 519 istam
1119 482 1246 534 legem
1268 496 1315 521 ex
1335 483 1407 521 isto
1431 483 1757 523 senatusconsulto

356 549 405 588 L.
428 548 635 594 Lucullus,
659 547 820 594 Consul,
854 546 975 586 homo
996 547 1305 601 sapientiffimus,
1332 549 1495 587 tulerit?
1527 563 1624 588 num
1655 564 1755 588 anno

354 614 440 668 post
460 615 523 658 M.
546 614 738 664 Lucullus
759 623 798 652 et
819 615 867 652 C.
892 613 1052 659 Cafiius,
1084 615 1125 654 in
1146 628 1244 667 quos
1266 624 1351 654 tum
1373 615 1558 655 Consules
1580 616 1753 669 designa-

357 690 415 719 tos
437 681 540 721 idem
561 680 661 729 illud
687 680 835 721 senatus
867 680 1108 721 decreverit?
1140 682 1237 721 Non
1258 681 1457 721 tulerunt:
1492 692 1543 727 et,
1577 684 1682 736 quod
1714 693 1756 721 tu

356 748 463 790 Aviti
495 746 660 802 pecunia
679 746 828 792 fastum
847 747 918 786 effe
947 748 1090 802 arguis,
1121 761 1246 802 neque
1276 748 1316 787 id
1348 749 1427 787 ulla
1456 749 1517 788 vel
1539 750 1757 789 tenuissima

355 814 569 868 suspicione
593 813 814 860 confirmas,
845 813 993 853 faetum
1023 814 1076 853 est
1096 815 1225 868 primo
1244 815 1405 854 illorum
1425 816 1604 869 aequitate
1634 826 1674 855 et
1699 817 1754 855 sa-

355 880 501 934 pientia
523 880 755 927 Consulum,
778 889 821 919 ut
841 880 894 926 id,
916 880 1022 933 quod
1043 880 1193 920 senatus
1216 881 1446 927 decreverat,
1468 881 1515 920 ad
1535 882 1634 935 illud
1654 883 1756 923 invi-

357 947 428 985 diae
448 947 608 1000 praesens
629 947 856 986 incendium
877 947 1207 1000 restinguendum,
1229 948 1270 986 id
1290 948 1416 1001 postea
1438 947 1678 988 referendum
1711 951 1756 988 ad

357 1013 552 1065 populum
573 1027 650 1052 non
671 1013 957 1052 arbitrarentur.
981 1012 1066 1065 Ipse
1085 1013 1224 1051 deinde
1243 1014 1409 1066 populus
1431 1015 1649 1060 Romanus,
1672 1018 1755 1069 qui,

359 1079 408 1116 L.
438 1079 594 1130 Qintii
629 1078 776 1117 tribuni
809 1078 935 1131 plebis
966 1077 1066 1116 fietis
1099 1079 1355 1131 querimoniis
1387 1089 1496 1118 antea
1525 1081 1756 1130 concitatus,

360 1158 442 1183 rem
473 1146 582 1184 illam
617 1154 655 1182 et
686 1144 927 1198 rogationem
959 1143 1159 1197 flagitarat,
1191 1145 1296 1183 idem
1319 1147 1368 1185 C.
1391 1146 1500 1198 Junii
1531 1146 1617 1192 filii,
1648 1149 1758 1201 pueri

358 1211 522 1264 parvuli,
541 1210 719 1262 lacrymis
736 1219 975 1256 commotus,
997 1211 1172 1249 maximo
1187 1211 1356 1250 clamore
1376 1221 1414 1251 et
1431 1213 1619 1251 concursu
1635 1223 1758 1253 totam

358 1279 467 1325 illam
489 1278 615 1332 legem
637 1287 674 1316 et
695 1277 947 1331 quaestionem
979 1278 1207 1332 repudiavit.
1241 1280 1303 1318 Ex
1325 1293 1404 1333 quo
1434 1279 1603 1334 intelligi
1630 1282 1760 1334 potuit

356 1345 412 1391 id,
428 1345 534 1399 quod
553 1345 649 1399 saepe
669 1344 817 1384 dietum
838 1344 915 1384 est:
940 1354 983 1384 ut
1004 1359 1122 1391 mare,
1142 1345 1248 1398 quod
1264 1346 1327 1384 sua
1346 1355 1481 1385 natura
1502 1347 1760 1400 tranquillum

357 1412 417 1458 s1t,
436 1422 642 1452 ventorum
663 1412 701 1451 vi
720 1412 854 1466 agitari
875 1421 990 1465 atque
1011 1412 1155 1451 turbari
1163 1430 1175 1458 ς
1199 1413 1248 1451 fic
1265 1421 1303 1451 et
1320 1414 1513 1467 populum
1529 1414 1760 1453 Romanum

358 1479 422 1517 sua
453 1479 587 1532 sponte
617 1478 688 1517 effe
718 1479 931 1532 placatum,
963 1478 1174 1518 hominum
1206 1479 1472 1519 seditiosorum
1503 1480 1679 1528 vocibus,
1716 1491 1761 1520 ut

358 1545 640 1584 violentiffimis
661 1545 967 1598 tempestatibus,
989 1545 1190 1583 concitari.

415 1612 464 1650 L.
498 1610 565 1648 Est
585 1611 700 1649 etiam
721 1611 869 1664 reliqua
887 1625 1096 1664 permagna
1116 1611 1332 1656 auctoritas,
1366 1625 1484 1664 quam
1505 1626 1577 1665 ego
1597 1613 1761 1667 turpiter

359 1691 456 1731 pene
475 1678 664 1731 praeterii:
688 1691 774 1716 mea
793 1678 899 1716 enim
919 1677 991 1716 effe
1012 1679 1167 1717 dicitur.
1197 1678 1391 1717 Recitavit
1412 1693 1459 1717 ex
1480 1681 1650 1718 oratione
1672 1681 1758 1720 nes-

359 1746 422 1784 cio
445 1758 521 1798 qua
540 1745 688 1791 Attius,
720 1758 838 1798 quam
858 1759 986 1784 meam
1007 1744 1078 1784 effe
1099 1745 1266 1792 dicebat,
1297 1745 1605 1786 cohortationem
1633 1761 1758 1800 quan-

359 1812 448 1850 dam
473 1811 658 1864 judicum
692 1812 739 1850 ad
768 1811 924 1851 honeste
949 1813 1207 1864 judicandum
1226 1842 1237 1858 ‚
1268 1822 1306 1852 et
1339 1814 1759 1854 commemorationem

360 1887 446 1916 tum
477 1877 636 1916 illorum
664 1877 920 1930 judiciorum,
952 1892 1037 1931 quae
1068 1879 1228 1932 probata
1256 1893 1334 1918 non
1366 1879 1496 1925 essent,
1530 1889 1617 1919 tum
1653 1881 1758 1921 illius

360 1945 476 1997 ipsius
502 1945 645 1997 judicii
665 1945 852 1996 Juniani:
884 1946 1041 1998 perinde
1072 1946 1174 1999 quafi
1207 1960 1278 1999 ego
1310 1960 1387 1985 non
1418 1947 1465 1985 ab
1495 1947 1609 1987 initio
1642 1946 1759 2000 hujus

361 2010 589 2051 defenfionis
610 2012 790 2058 dixerim,
810 2012 1046 2051 invidiosum
1067 2012 1164 2051 illud
1185 2012 1294 2052 fuiffe
1308 2004 1506 2066 judicium
1522 2033 1535 2060 ς
1567 2024 1646 2061 aut,
1668 2029 1760 2054 cum

359 2078 409 2116 de
429 2077 590 2118 infamia
604 2078 862 2132 judiciorum,
879 2092 964 2132 quae
985 2080 1144 2132 probata
1165 2094 1241 2118 non
1263 2080 1393 2127 essent,
1415 2081 1664 2135 disputarem,
1686 2096 1760 2136 po-

363 2145 505 2184 tuerim
525 2145 638 2190 illud,
656 2146 761 2198 quod
782 2155 861 2184 tam
883 2147 1068 2199 populare
1088 2145 1191 2193 esset,
1209 2147 1248 2185 in
1269 2147 1337 2185 illo
1358 2158 1532 2202 tempore
1552 2149 1757 2202 praeterire.

365 2210 450 2262 Ego
469 2224 572 2257 vero,
589 2211 615 2249 fi
636 2211 732 2264 quid
751 2212 941 2265 ejusmodi
961 2212 1056 2258 dixi,
1075 2225 1199 2265 neque
1215 2213 1420 2266 cognitum
1438 2214 1757 2259 commemoravi,

363 2290 488 2330 neque
508 2291 577 2329 pro
607 2278 828 2318 testimonio
858 2279 964 2325 dixi,
997 2288 1034 2318 et
1066 2280 1133 2318 illa
1162 2281 1284 2319 oratio
1305 2281 1433 2334 potius
1454 2282 1639 2334 temporis
1666 2281 1757 2326 mei,

364 2356 482 2395 quam
497 2343 638 2396 judicii
658 2353 696 2382 et
712 2346 961 2391 auctoritatis,
982 2346 1070 2384 fuit.
1097 2347 1203 2385 Cum
1224 2348 1330 2386 enim
1352 2347 1579 2391 accusarem,
1602 2356 1638 2384 et
1659 2346 1762 2385 mihi

364 2410 478 2451 initio
507 2409 798 2464 proposuissem,
831 2422 874 2450 ut
904 2413 1054 2461 animos
1086 2423 1124 2452 et
1152 2414 1289 2468 populi
1318 2415 1488 2452 Romani
1516 2422 1554 2451 et
1579 2413 1763 2465 judicum

366 2490 682 2523 commoverem,
713 2490 884 2531 cumque
914 2493 1048 2518 omnes
1080 2479 1306 2519 offenfiones
1335 2480 1576 2531 judiciorum
1606 2494 1684 2519 non
1716 2495 1763 2520 ex

448 2544 515 2582 To
527 2556 578 2582 M.
602 2543 654 2582 V.
1424 2547 1459 2583 J<
