2212 2835
507 155 587 195 290
1014 137 1417 177 ORATIO

507 244 587 282 Hic
624 242 698 281 tibi
730 255 801 294 ego
836 241 882 279 de
918 238 1148 278 testimoniis
1184 238 1280 278 meis
1313 237 1389 278 hoc
1425 237 1660 292 respondeo:
1699 239 1725 279 fi
1757 239 1896 280 falsum

505 309 684 352 dixerim,
717 318 753 346 te
782 308 823 346 in
855 320 917 346 eos
949 305 1108 352 dixiffe;
1140 306 1195 344 fin
1224 319 1375 351 verum,
1406 318 1485 344 non
1519 304 1591 344 effe
1623 304 1700 345 hoc
1729 319 1896 360 regnare,

505 390 598 415 cum
619 389 753 413 verum
767 375 916 427 juratus
941 373 1059 418 dicas,
1090 373 1263 426 probare.

561 444 622 481 De
640 441 756 495 hujus
777 441 841 495 spe
861 450 1014 479 tantum
1035 441 1138 486 dico,
1168 440 1293 479 nullas
1313 453 1333 478 a
1357 453 1420 478 me
1437 452 1529 493 opes
1548 440 1593 479 P.
1617 439 1776 492 Syllam,
1807 438 1899 478 nul-

502 508 583 547 lam
602 509 832 563 potentiam,
863 506 963 546 nihil
984 507 1165 559 denique,
1196 516 1330 560 praeter
1348 506 1468 545 fidem
1487 505 1730 551 defenfionis,
1758 518 1900 558 expec-

504 584 596 614 tare.
629 575 715 614 Nifi
735 584 793 619 tu,
814 575 958 626 inquit,
988 573 1138 612 causam
1160 573 1370 626 recepifi‘es,
1400 587 1600 626 nunquam
1621 572 1723 612 mihi
1742 571 1899 611 restitis-

505 642 559 681 set
574 660 586 687 ;
619 642 695 687 sed,
726 641 870 680 indicta
889 641 1010 686 causa,
1040 639 1277 693 profugisset.
1310 641 1347 679 Si
1368 641 1451 693 jam
1479 639 1555 679 hoc
1579 640 1652 678 tibi
1671 639 1899 684 concedam,

505 711 573 761 Q
592 708 861 753 Hortenfium,
893 717 998 745 tanta
1030 707 1214 759 gravitate
1245 705 1466 752 hominem,
1497 706 1524 746 fi
1557 705 1628 745 hos
1659 706 1752 745 tales
1781 705 1899 751 viros,

504 788 582 813 non
604 774 670 812 suo
688 774 780 812 stare
795 773 960 825 judicio,
991 772 1053 810 sed
1072 785 1160 810 meo
1175 790 1186 817 ς
1210 771 1236 809 fi
1256 770 1332 810 hoc
1353 772 1426 810 tibi
1445 772 1550 817 dem,
1572 772 1678 825 quod
1696 772 1801 812 credi
1820 785 1899 811 non

504 840 640 894 potest,
672 839 740 878 nisi
772 853 844 892 ego
873 838 968 877 huic
999 838 1176 883 adeffem,
1205 836 1277 876 hos
1307 837 1507 876 adfuturos
1536 851 1617 877 non
1645 837 1783 878 fuiffe:
1815 846 1901 877 uter

503 906 661 945 tandem
681 919 746 945 rex
766 906 832 952 est,
861 905 954 951 isne,
985 904 1049 943 cui
1069 905 1293 943 innocentes
1321 902 1502 942 homines
1527 917 1607 943 non
1633 903 1821 949 refistunt‚
1850 917 1900 942 an

504 972 551 1017 is,
583 972 652 1024 qui
685 971 925 1010 calamitosos
959 985 1037 1009 non
1067 970 1232 1009 deserit?
1273 971 1329 1008 At
1363 969 1429 1008 hic
1458 970 1591 1016 etiarn,
1621 970 1662 1008 id
1691 969 1797 1023 quod
1825 969 1900 1008 tibi

503 1037 648 1077 neceffe
668 1038 834 1076 minime
853 1037 944 1083 fuit,
974 1036 1120 1076 facetus
1140 1036 1211 1075 effe
1237 1036 1405 1082 voluisti,
1435 1050 1529 1075 cum
1552 1037 1831 1090 Tarquinium,
1861 1043 1901 1074 et

503 1105 698 1150 Numam,
729 1113 766 1142 et
787 1118 864 1149 me,
895 1104 1053 1142 tertium
1074 1104 1321 1156 peregrinum
1342 1116 1487 1155 regem,
1508 1102 1580 1141 effe
1600 1102 1744 1142 dixisti.
1775 1102 1901 1141 Mitto

500 1172 583 1224 jam
617 1172 664 1209 de
694 1185 783 1224 rege
812 1183 979 1223 quaerere
996 1188 1008 1215 ;
1039 1170 1141 1208 illud
1174 1183 1328 1222 quaero,
1358 1169 1607 1222 peregrinum
1637 1183 1707 1208 cur
1734 1182 1800 1208 me
1828 1167 1900 1207 esse

503 1238 646 1276 dixeris
667 1251 676 1275 :
709 1250 813 1282 narn,
844 1236 870 1274 fi
890 1236 943 1274 ita
962 1235 1061 1281 sum,
1092 1249 1170 1274 non
1191 1226 1271 1274 t'am
1291 1234 1344 1273 est
1363 1235 1648 1280 admirandum,
1680 1248 1809 1288 regem
1829 1234 1900 1273 effe

503 1317 581 1349 me,
606 1303 712 1355 quia,
733 1311 777 1341 ut
798 1311 840 1341 tu
859 1304 932 1347 vis,
953 1302 1069 1340 etiam
1089 1302 1281 1355 peregrini
1301 1315 1406 1355 reges
1427 1302 1565 1340 Romae
1584 1300 1756 1346 fuerunt,
1777 1314 1897 1354 quam

503 1369 702 1409 consulem
722 1371 861 1408 Romae
879 1368 989 1408 fuiffe
1008 1370 1271 1422 peregrinum.

560 1437 653 1476 Hoc
671 1436 774 1483 dico,
795 1436 937 1489 inquit,
960 1443 997 1473 te
1015 1435 1086 1473 effe
1106 1449 1153 1474 ex
1173 1435 1404 1488 municipio.
1423 1435 1575 1480 Fateor,
1591 1444 1630 1473 et
1649 1435 1747 1474 addo
1766 1434 1898 1479 etiam,

504 1517 551 1542 ex
568 1516 613 1541 eo
632 1502 864 1555 municipio,
896 1501 998 1540 unde
1022 1501 1165 1539 iterum
1186 1501 1271 1553 jam
1297 1500 1393 1539 salus
1419 1499 1512 1539 huic
1540 1501 1627 1539 urbi
1656 1501 1900 1554 imperioque

503 1568 613 1608 miffa
632 1568 698 1607 est.
731 1568 802 1607 Sed
821 1567 913 1607 scire
931 1580 979 1606 ex
999 1576 1037 1606 te
1062 1567 1263 1620 pervelim,
1294 1566 1566 1619 quamobrem,
1596 1566 1665 1619 qui
1691 1580 1739 1605 ex
1765 1567 1900 1605 muni-

503 1636 615 1689 cipiis
643 1636 810 1680 veniant,
843 1634 1033 1688 peregrini
1060 1633 1133 1671 tibi
1160 1632 1231 1671 effe
1257 1633 1483 1672 videantur:
1515 1647 1632 1673 nemo
1663 1633 1771 1672 enim
1801 1633 1898 1672 istuc

504 1703 568 1741 M.
590 1702 649 1740 illi
671 1702 813 1742 Catoni
833 1701 925 1747 seni,
955 1714 1048 1739 cum
1078 1699 1268 1753 plurimos
1296 1698 1454 1738 haberet
1480 1700 1676 1744 inimicos,
1707 1713 1823 1738 nemo
1843 1700 1896 1738 T.

503 1769 763 1813 Coruncanio,
795 1781 911 1806 nemo
931 1767 1067 1811 Curio,
1089 1778 1204 1804 nemo
1223 1764 1317 1803 huic
1337 1765 1405 1818 ipfi
1427 1765 1554 1804 nostro
1573 1766 1622 1804 C.
1638 1765 1782 1811 Mario,
1803 1779 1897 1804 cum

504 1835 539 1873 ei
578 1835 694 1873 multi
732 1833 972 1877 inviderent,
1003 1832 1147 1884 objecit
1186 1844 1374 1884 unquam.
1412 1831 1610 1884 Equidem
1648 1829 1898 1871 vehementer

504 1901 625 1945 laetor,
656 1914 747 1938 eum
766 1899 838 1938 effe
857 1912 936 1944 me,
967 1898 1006 1936 in
1028 1911 1144 1951 quem
1168 1906 1224 1943 tu,
1255 1911 1348 1936 cum
1374 1911 1547 1951 cupereS,
1577 1897 1725 1936 nullam
1753 1906 1896 1936 contu-

504 1967 662 2006 meliam
678 1969 804 2020 jacere
828 1966 1012 2020 potueris,
1043 1979 1128 2019 quae
1155 1979 1232 2004 non
1259 1965 1306 2004 ad
1333 1966 1546 2004 maximam
1572 1972 1721 2018 partem
1749 1965 1897 2004 civium

503 2034 739 2073 conveniret.

557 2101 671 2139 VIII.
703 2100 775 2139 Sed
797 2108 924 2138 tamen
948 2108 984 2137 te
1004 2113 1024 2136 a
1045 2112 1122 2144 me,
1139 2113 1211 2152 pro
1228 2098 1379 2152 magnis
1399 2098 1517 2137 caufis
1538 2097 1671 2136 nostrae
1691 2096 1895 2137 neceffitu-

502 2167 617 2212 dinis,
653 2166 894 2205 monendum
928 2164 999 2203 effe
1032 2165 1149 2203 etiam
1184 2174 1298 2218 atque
1326 2165 1443 2203 etiam
1473 2173 1582 2217 puto.
1619 2163 1714 2202 Non
1743 2162 1896 2217 possunt

499 2247 635 2272 omnes
655 2232 726 2271 effe
747 2233 898 2287 patricii
917 2247 926 2271 :
959 2232 984 2271 fi
1006 2246 1139 2271 verum
1160 2233 1312 2285 quaeris,
1333 2245 1381 2270 ne
1401 2240 1534 2270 curant
1555 2231 1715 2284 quidem
1732 2249 1745 2277 3
1767 2243 1838 2269 nec
1859 2229 1898 2268 se

500 2301 662 2354 aequales
682 2301 755 2346 tui,
786 2309 942 2354 propter
961 2300 1071 2338 istam
1091 2299 1257 2345 causam,
1281 2299 1347 2338 abs
1368 2308 1404 2337 te
1423 2299 1559 2337 anteiri
1578 2307 1730 2352 putant.
1762 2299 1837 2342 Ac,
1868 2295 1895 2334 fi

498 2368 571 2406 tibi
604 2381 673 2407 nos
705 2368 894 2421 peregrini
925 2367 1117 2412 videmur,
1148 2380 1316 2419 quorum
1340 2367 1424 2419 jam
1458 2375 1496 2405 et
1526 2379 1671 2405 nomen
1701 2373 1740 2403 et
1770 2363 1896 2402 honos

499 2434 742 2480 inveteravit,
772 2443 810 2473 et
840 2432 933 2473 huic
966 2433 1066 2480 urbi,
1096 2441 1135 2473 et
1164 2431 1373 2472 hominum
1406 2432 1518 2472 famae
1546 2446 1589 2471 ac
1620 2430 1859 2470 sermonibus
1877 2445 1892 2474 ,ς
