2212 2835
735 210 877 249 PRO
936 210 985 249 L.
1046 210 1358 250 FLACCO.
1682 223 1762 267 255

366 307 492 353 rebus,
525 307 673 360 suisque
706 307 940 361 sumptibus,
976 308 1145 347 minimo
1178 310 1365 355 contenti,
1398 310 1618 349 tenuissimo
1653 312 1762 350 cultu

366 375 562 420 viverent,
603 375 644 412 in
678 375 856 427 imperio,
896 383 1011 426 atque
1044 375 1085 412 in
1119 375 1278 427 publica
1310 376 1512 428 dignitate,
1552 378 1683 416 omnia
1716 378 1763 416 ad

367 440 531 493 gloriam
551 440 870 493 splendoremque
890 448 1121 478 revocarent.
1146 440 1344 490 Qaeritur
1363 442 1468 479 enim
1490 443 1528 480 in
1550 457 1588 481 re
1609 443 1761 482 domes-

367 507 444 546 tica
462 505 711 544 continentiae
731 505 811 543 laus
827 523 840 550 ς
872 505 911 542 in
933 505 1090 557 publica
1110 505 1323 557 dignitatis.

421 572 540 624 Qod
570 571 596 609 fi
627 571 744 610 etiam
775 570 937 624 praefidii
966 570 1075 608 causa
1101 571 1253 609 claffem
1280 571 1431 618 habuit,
1463 573 1549 626 quis
1579 576 1649 613 erit
1682 585 1762 614 tam

366 639 539 691 iniquus,
561 638 629 690 qui
650 636 900 691 reprehendat
918 637 930 676 ?
954 638 1070 676 Nulli
1090 647 1195 676 erant
1215 639 1425 692 praedones.
1459 641 1568 693 Qid
1588 642 1599 678 ?
1633 642 1760 680 nullos

363 704 457 750 fore,
488 704 576 757 quis
597 704 767 757 praestare
790 704 968 756 poterat?
1001 704 1169 749 Minuis,
1200 705 1342 757 inquit,
1373 707 1537 759 gloriam
1566 709 1758 761 Pompeii.

363 772 496 809 Immo
517 780 559 809 tu
579 784 692 824 auges
714 770 941 809 molestiam.
976 770 1047 808 Ille
1070 771 1176 808 enim
1204 771 1331 810 claffes
1358 773 1600 825 praedonum,
1632 775 1759 819 urbes,

363 847 512 890 portus,
534 837 786 889 receptacula,
809 836 985 881 sustulit,
1018 850 1153 889 pacem
1173 837 1411 877 maritimam
1433 839 1583 878 summa
1605 842 1759 887 virtute,

364 913 478 954 atque
498 902 716 940 incredibili
737 902 942 947 celeritate,
974 901 1143 940 confecit
1163 917 1172 940 ε
1205 903 1302 941 illud
1329 918 1416 943 vero
1437 918 1561 958 neque
1582 906 1759 960 suscepit,

364 982 490 1021 neque
515 968 701 1021 suscipere
727 967 874 1013 debuit,
907 977 964 1013 ut,
996 968 1021 1006 si
1049 982 1123 1020 qua
1150 968 1297 1022 uspiam
1328 971 1504 1009 navicula
1533 973 1760 1025 praedonum

365 1034 604 1088 apparuisset,
645 1034 875 1073 accusandus
914 1034 1119 1074 videretur.
1161 1036 1295 1088 Itaque
1333 1037 1411 1089 ipse
1449 1039 1489 1076 in
1525 1039 1627 1085 Asia,
1667 1054 1761 1079 cum

364 1100 497 1139 omnia
510 1102 593 1153 jam
615 1100 714 1138 bella
734 1108 830 1138 terra
850 1100 1023 1152 marique
1042 1099 1274 1146 confecisset,
1300 1102 1453 1141 classem
1476 1113 1603 1143 tamen
1624 1104 1760 1144 iisdem

363 1166 442 1204 istis
469 1166 690 1204 civitatibus
717 1166 934 1218 imperavit.
967 1167 1085 1218 Qod
1112 1166 1139 1204 fi
1167 1176 1252 1205 tum
1279 1167 1407 1206 statuit
1433 1183 1530 1222 opus
1550 1171 1635 1216 effe,
1667 1186 1761 1211 cum

363 1233 479 1285 ipsius
513 1231 704 1285 praesentis
739 1232 898 1270 nomine
933 1241 1016 1271 tuta
1048 1234 1180 1271 omnia
1213 1243 1249 1271 et
1286 1245 1414 1286 pacata
1449 1236 1520 1274 effe
1551 1247 1757 1290 poterant;

364 1298 474 1351 quid,
513 1312 606 1337 cum
644 1299 710 1336 ille
749 1297 967 1344 deceffiffet,
1008 1300 1150 1338 Flacco
1183 1300 1408 1340 existimatis
1444 1302 1688 1342 statuendum
1722 1314 1761 1343 et

363 1363 587 1403 faciendum
611 1363 721 1402 fuiffe
739 1364 752 1401 ?

419 1433 535 1471 XIII.
568 1432 678 1483 Qid
698 1445 766 1470 nos
787 1430 853 1470 hic
870 1431 883 1468 ?
914 1446 1042 1471 nonne
1061 1433 1142 1486 ipso
1163 1433 1352 1486 Pompeio
1371 1436 1537 1481 au&ore‚
1569 1436 1697 1475 Silano
1722 1445 1761 1475 et

363 1498 531 1537 Murena
555 1498 792 1544 consulibus,
823 1498 1077 1544 decrevimus,
1108 1508 1151 1537 ut
1177 1498 1298 1537 claffis
1327 1500 1367 1538 in
1393 1501 1503 1539 Italia
1532 1503 1758 1556 navigaret?

364 1577 492 1602 nonne
511 1577 557 1602 eo
576 1563 657 1617 ipso
678 1573 864 1616 tempore,
895 1577 987 1602 cum
1007 1565 1057 1602 L.
1079 1564 1242 1603 Flaccus
1270 1566 1310 1603 in
1331 1566 1419 1604 Afia
1438 1568 1603 1621 remiges
1629 1570 1758 1622 impe-

363 1630 482 1675 rabat,
513 1643 582 1668 nos
612 1629 679 1668 hic
710 1631 751 1668 in
781 1644 886 1668 mare
917 1630 1097 1684 superum
1127 1640 1165 1669 et
1194 1630 1365 1670 inferum
1397 1633 1607 1673 sestertium
1640 1645 1696 1674 ter
1721 1645 1760 1674 et

364 1696 586 1749 quadragies
607 1696 834 1749 rogabamus
854 1697 867 1733 ?
899 1697 1008 1748 Qid
1028 1697 1221 1750 postremo
1241 1711 1340 1736 anno
1359 1699 1372 1736 ?
1394 1713 1522 1738 nonne
1541 1702 1617 1739 Μ’.
1638 1702 1760 1740 Curio

363 1772 402 1801 et
423 1763 467 1801 P.
488 1763 647 1801 Sextilio
667 1763 918 1815 quaestoribus
939 1764 1102 1816 pecunia
1120 1764 1161 1802 in
1181 1764 1334 1803 claffem
1355 1765 1407 1803 est
1426 1768 1600 1819 erogata?
1624 1769 1757 1819 Qid?

363 1828 438 1868 hoc
466 1829 575 1868 omni
602 1839 775 1883 tempore
800 1830 948 1882 equites
974 1830 1015 1868 in
1042 1844 1106 1869 ora
1133 1831 1329 1869 maritima
1359 1846 1437 1870 non
1467 1832 1654 1872 fuerunt?
1687 1835 1759 1873 Illa

361 1896 415 1934 est
444 1897 550 1935 enim
582 1896 703 1949 gloria
733 1897 862 1934 divina
893 1897 1098 1950 Pompeii:
1138 1899 1312 1951 primum
1347 1900 1542 1952 praedones
1574 1915 1652 1946 eos,
1689 1903 1758 1954 qui

362 1971 463 2006 tum,
494 1975 587 2000 cum
617 1963 677 2000 illi
708 1963 858 2000 bellum
889 1964 1133 2002 maritimum
1164 1965 1378 2017 gerendum
1409 1965 1542 2005 datum
1574 1967 1640 2012 est,
1676 1978 1758 2006 toto

361 2028 459 2066 mari
490 2028 641 2081 dispersi
671 2030 919 2082 vagabantur,
956 2030 1124 2069 redadms
1155 2030 1227 2070 effe
1260 2046 1395 2070 omnes
1429 2033 1470 2071 in
1499 2035 1725 2086 potestatem
1741 2054 1753 2079 ;

363 2094 502 2132 deinde
523 2096 665 2146 Syriam
687 2095 757 2133 effe
785 2096 965 2141 nostram,
998 2097 1180 2136 Ciliciam
1210 2099 1343 2142 teneri,
1377 2100 1553 2152 Cyprum
1576 2114 1641 2153 per
1660 2102 1756 2139 Pto-

362 2160 542 2198 lemaeum
568 2175 697 2213 regem
724 2161 821 2200 nihil
851 2163 1012 2208 audere3
1045 2172 1222 2216 praeterea
1243 2166 1400 2202 Cretam
1428 2166 1584 2203 Metelli
1613 2167 1755 2204 virtute

363 2225 432 2263 effe
454 2226 640 2270 nostram3
674 2227 772 2265 nihil
793 2228 876 2273 esse,
900 2229 999 2266 unde
1019 2229 1321 2282 proficiscantur,
1344 2230 1444 2268 nihil
1465 2245 1542 2283 quo
1564 2241 1753 2269 revertan-

364 2302 452 2336 tur;
484 2306 618 2330 omnes
639 2292 752 2338 finus,
775 2297 1050 2346 promontoria,
1072 2296 1197 2341 litora,
1219 2297 1372 2342 insulas,
1395 2297 1506 2335 urbes
1528 2298 1756 2342 maritimas,

364 2358 533 2397 claustris
555 2359 709 2410 imperii
729 2360 844 2398 nostri
864 2363 1067 2401 contineri.

421 2426 540 2478 Qod
567 2425 592 2463 fi
620 2426 760 2464 Flacco
786 2437 944 2478 praetore
970 2443 1086 2468 nemo
1112 2430 1153 2467 in
1182 2430 1278 2467 mari
1304 2428 1430 2481 proedo
1451 2427 1590 2473 fuisset,
1624 2438 1751 2468 tamen

364 2491 479 2544 hujus
512 2492 711 2545 diligentia
741 2492 1049 2545 reprehendenda
1079 2509 1156 2533 non
1183 2495 1298 2533 esset:
1331 2495 1473 2532 idcirco
1499 2495 1618 2541 enim,
1649 2497 1753 2548 quod
