2212 2835
674 194 764 231 DE
824 194 1018 232 LEGE
1079 195 1438 234 AGRARIA.
1700 213 1768 240 121

356 292 528 336 dixerit,
562 291 657 345 quid
688 291 753 336 est,
786 291 891 344 quod
923 305 999 330 non
1033 291 1146 329 liceat
1176 292 1210 329 ei
1238 291 1377 337 dicere,
1410 291 1474 330 cui
1503 290 1615 330 liceat
1641 291 1768 331 eidem

356 358 530 409 judicare
550 360 561 396 ?
605 359 876 397 Commodum
916 359 988 396 erit
1027 359 1275 411 Pergamum,
1327 361 1548 410 Smyrnam,
1600 359 1767 404 Tralles,

361 424 576 478 Ephesum,
610 425 814 469 Miletum,
835 425 1044 475 Cizycum,
1068 433 1191 461 totam
1213 424 1382 476 denique
1403 425 1548 470 Afiam,
1581 439 1667 477 quae
1686 426 1770 479 post

361 492 410 530 L.
453 492 610 542 Syllam,
645 493 711 544 Q
739 491 990 544 Pompeium,
1033 490 1236 536 Consules,
1278 500 1496 545 recuperata
1534 492 1592 537 s1t,
1633 493 1768 547 populi

360 558 532 596 Romani
551 557 691 596 factam
713 557 784 595 effe
805 558 944 596 dicere.

416 625 561 663 Utrum
583 625 704 664 oratio
724 625 770 663 ad
790 626 872 678 ejus
893 626 947 663 rei
967 625 1286 678 disceptationem
1307 624 1447 670 deerit,
1471 638 1532 670 an,
1555 638 1646 663 cum
1664 625 1768 664 idem

359 700 396 729 et
417 690 587 738 differet,
610 701 649 730 et
663 691 872 745 judicabit,
904 692 1057 745 impelli
1077 706 1155 730 non
1175 693 1332 746 poterit,
1365 700 1408 730 ut
1427 690 1565 730 falsum
1582 692 1734 745 judicet
1753 693 1765 729 ?

359 760 438 804 An,
469 758 496 797 s1
518 759 778 798 condemnare
800 759 930 797 Afiam
953 758 1069 804 volet,
1092 768 1277 798 terrorem
1299 758 1558 798 damnationis
1582 767 1621 797 et
1641 759 1765 798 minas

359 838 452 871 non,
475 825 611 878 quanti
629 826 745 871 volet,
769 825 994 864 aestimabit?
1019 825 1153 878 Qid?
1176 825 1281 878 quod
1302 824 1487 879 disputari
1506 834 1641 863 contra
1657 825 1767 864 nullo

359 893 470 944 paeto
490 892 626 946 potest,
659 893 845 945 quoniam
867 892 1053 930 statutum
1073 905 1094 930 a
1113 892 1223 930 vobis
1245 892 1311 937 est,
1337 900 1374 930 et
1389 891 1625 944 judicatum,
1648 905 1767 945 quam

359 957 611 997 hereditatem
625 960 706 1012 jam
727 959 934 1003 crevimus,
966 972 1130 1011 regnum
1151 957 1358 1011 Bithyniae,
1381 959 1487 1011 quod
1508 968 1610 997 certe
1631 958 1766 1012 publi-

360 1038 454 1063 cum
488 1025 542 1064 est
573 1025 710 1078 populi
745 1025 916 1064 Romani
950 1023 1128 1063 factum?
1161 1038 1258 1063 num
1294 1025 1390 1077 quid
1421 1025 1540 1064 causae
1572 1025 1638 1070 est,
1671 1025 1766 1078 quin

359 1105 494 1132 omnes
515 1106 638 1146 agros,
671 1092 796 1137 urbes,
827 1091 972 1137 stativa,
1003 1100 1153 1145 portuS,
1185 1101 1307 1130 totam
1329 1092 1496 1145 denique
1521 1090 1762 1145 Bithyniam,

359 1159 569 1198 decemviri
589 1158 782 1197 vendituri
802 1158 875 1196 fint
894 1158 907 1195 ?

414 1226 492 1265 XV
495 1227 527 1264 Ι.
560 1225 671 1277 Qid
692 1225 897 1277 Mytilenae
914 1225 927 1261 ?
959 1239 1045 1278 quae
1065 1234 1167 1263 certe
1187 1223 1328 1270 vestrae,
1352 1224 1542 1276 Qirites,
1568 1225 1663 1264 belli
1682 1224 1766 1279 Iege

357 1306 401 1332 ac
427 1292 595 1332 vistoriae
614 1293 703 1345 jure
728 1291 835 1331 factae
861 1292 975 1331 sunt:
1008 1292 1100 1330 urbs
1122 1300 1159 1330 et
1180 1300 1326 1337 natura,
1359 1301 1398 1330 et
1418 1292 1504 1337 situ,
1535 1300 1573 1330 et
1596 1291 1765 1346 descrip-

357 1360 464 1399 tione
499 1359 767 1405 aedificiorum,
810 1368 849 1398 et
883 1358 1191 1413 pulchritudine,
1227 1358 1268 1396 in
1303 1359 1441 1413 primis
1477 1358 1647 1398 nobilis:
1685 1359 1765 1413 agri

351 1426 519 1480 jucundi
555 1437 593 1466 et
626 1427 799 1467 fertiles:
832 1442 973 1481 nempe
1003 1427 1141 1466 eodem
1171 1427 1298 1480 capite
1329 1427 1464 1465 inclusi
1497 1428 1760 1466 continentur.

360 1495 469 1544 Qid
502 1495 749 1540 Alexandria,
781 1496 997 1548 cunctaque
1032 1494 1259 1547 AEgyptus?
1293 1502 1336 1532 ut
1370 1494 1524 1532 occulte
1559 1493 1682 1532 latet?
1722 1503 1765 1533 ut

359 1562 557 1599 recondita
587 1561 668 1598 est?
702 1570 744 1599 ut
774 1560 914 1599 furtim
946 1569 1026 1599 tota
1052 1560 1281 1599 decemviris
1310 1560 1503 1598 traditur?
1536 1561 1637 1612 Qis
1657 1562 1764 1600 enirn

359 1627 526 1666 vestrum
545 1625 622 1665 hoc
642 1627 806 1679 ignorat,
839 1627 931 1672 dici,
962 1627 1062 1665 illud
1083 1639 1247 1679 regnum
1269 1625 1496 1664 testamento
1517 1627 1616 1679 regis
1637 1627 1762 1666 Alex-

359 1695 467 1733 andri
487 1694 625 1748 populi
644 1695 815 1732 Romani
836 1694 907 1733 effe
926 1693 1098 1733 factum?
1131 1693 1213 1732 Hic
1234 1707 1320 1746 ego,
1351 1693 1496 1731 Consul
1517 1693 1653 1746 populi
1675 1694 1760 1732 Ro-

357 1762 478 1806 mani,
510 1774 589 1799 non
619 1761 738 1800 modo
769 1759 870 1799 nihil
896 1761 1048 1813 judico,
1080 1760 1141 1798 sed
1172 1774 1233 1805 ne,
1266 1760 1361 1812 quid
1393 1760 1569 1805 sentiam,
1601 1759 1762 1813 quidem

357 1829 537 1882 profero:
569 1842 709 1881 magna
734 1829 840 1867 enim
867 1827 968 1868 mihi
1001 1842 1058 1868 res
1084 1841 1162 1866 non
1190 1827 1308 1867 modo
1334 1828 1381 1866 ad
1412 1827 1669 1873 statuendum,
1701 1827 1763 1866 sed

357 1896 475 1935 etiam
490 1895 536 1934 ad
553 1896 779 1941 dicendum,
801 1896 953 1934 videtur
970 1895 1055 1934 effe.
1080 1895 1219 1940 Video,
1242 1895 1311 1947 qui
1325 1895 1596 1933 testamentum
1613 1893 1760 1934 factum

356 1962 430 2001 effe
462 1963 694 2015 confirmet:
740 1963 1009 2002 auctoritatem
1043 1962 1190 2001 senatus
1225 1971 1353 2000 extare
1392 1961 1614 2000 hereditatis
1651 1962 1760 2001 aditae

357 2030 492 2075 sentio,
513 2039 615 2075 tum,
637 2029 792 2082 quando
813 2029 1033 2068 Alexandro
1054 2039 1209 2068 mortuo
1230 2029 1375 2082 legatos
1396 2030 1550 2081 Tyrum
1567 2028 1759 2074 mifirnus,

359 2097 427 2149 qui
458 2097 505 2136 ab
535 2097 605 2135 illo
636 2097 844 2151 pecuniam
875 2097 1086 2150 depofitam
1116 2096 1228 2134 nobis
1257 2104 1537 2149 recuperarent.
1578 2097 1676 2134 Haec
1709 2097 1757 2135 L.

360 2162 590 2216 Philippum
611 2164 707 2217 saepe
728 2164 768 2202 in
789 2163 920 2202 senatu
940 2162 1179 2202 confirmaffe
1196 2163 1382 2201 memoria
1399 2171 1523 2200 teneo.
1547 2163 1668 2207 Eum,
1691 2162 1758 2213 qui

359 2243 523 2282 regnum
543 2230 642 2269 illud
662 2240 788 2268 teneat
808 2230 884 2269 hoc
905 2239 1092 2284 tempore,
1114 2244 1240 2282 neque
1256 2243 1392 2282 genere
1408 2242 1534 2282 neque
1551 2229 1682 2266 animo
1698 2240 1757 2265 re-

359 2296 424 2349 gio
444 2295 530 2341 effe,
562 2297 661 2335 inter
679 2311 814 2336 omnes
836 2297 914 2336 fere
934 2299 1045 2336 video
1066 2297 1284 2336 convenire.
1318 2297 1475 2335 Dicitur
1494 2304 1640 2339 contra,
1667 2293 1757 2331 nul-

359 2364 444 2401 lum
465 2362 535 2401 effe
556 2363 855 2403 testamentum:
890 2379 968 2403 non
995 2374 1169 2418 oportere
1196 2364 1386 2417 populum
1416 2364 1643 2400 Romanum
1669 2374 1757 2398 om-

358 2430 471 2469 nium
499 2443 708 2483 regnorum
739 2441 987 2484 appetentem
1023 2432 1161 2471 videri:
1195 2431 1474 2483 demigraturos
1509 2428 1550 2465 in
1580 2427 1646 2465 illa
1677 2427 1759 2466 loca

441 2498 582 2536 ToM.
614 2497 665 2535 V.
1417 2495 1486 2544 Q
