2212 2835
492 191 580 229 DE
639 190 1112 229 HARUSPICUM
1170 189 1565 229 RESPONSIS.
1652 203 1729 243 413

338 292 399 330 sed
430 292 476 330 de
503 291 646 337 vestris,
678 291 785 330 saetis
818 292 982 344 loquor:
1015 305 1086 329 nec
1116 305 1259 337 vereor,
1290 305 1338 329 ne
1368 291 1450 330 haec
1478 305 1562 329 mea
1589 291 1731 330 vestro-

337 373 425 396 rum
447 358 723 397 beneficiorum
744 358 963 410 praedicatio
983 371 1061 396 non
1081 366 1186 410 grata
1205 358 1334 411 potius
1348 387 1360 403 ,
1391 371 1508 409 quam
1530 371 1705 410 arrogans
1720 387 1731 402 ,

336 425 522 463 videatur.

394 492 645 543 Qanquam,
677 490 703 527 fi
726 503 803 534 me,
835 489 949 527 tantis
975 489 1171 526 laboribus
1192 501 1262 540 pro
1281 489 1485 526 communi
1507 489 1623 526 salute
1644 503 1732 541 per-

337 555 516 594 funerum
533 585 545 600 ‚
575 554 726 593 efferret
752 554 959 606 aliquando
979 554 1025 592 ad
1045 554 1209 606 gloriam
1230 554 1272 591 inv
1290 553 1500 592 refutandis
1521 555 1733 592 maledietis

335 620 605 673 improborum
636 618 846 657 hominum
878 619 999 657 animi
1030 619 1190 671 quidam
1223 619 1346 663 dolor,
1378 620 1464 671 quis
1496 633 1574 657 non
1601 619 1731 671 ignos-

333 688 467 725 ceret?
497 686 593 725 Vidi
611 686 716 723 enim
737 684 913 724 hesterno
938 686 1000 724 die
1026 685 1218 738 quendam
1247 694 1555 724 murmurantem
1576 701 1584 723 :
1617 699 1733 737 quem

334 753 486 791 aiebant
517 766 653 806 negare
684 751 782 790 ferre
813 766 876 790 me
902 751 1019 805 poffe,
1051 753 1154 804 quia,
1187 765 1279 789 cum
1308 753 1355 790 ab
1384 751 1459 790 hoc
1486 753 1621 790 eodem
1653 753 1731 790 im-

333 818 534 871 puriffimo
553 818 740 871 parricida
758 831 928 870 rogarer,
959 818 1069 869 cujus
1090 817 1204 855 effem
1224 818 1389 856 civitatis
1404 847 1414 862 ,
1447 818 1622 871 respondi
1643 832 1705 856 me
1719 847 1730 863 ‚

334 886 586 938 probantibus
607 894 645 922 et
665 885 772 922 vobis
795 893 833 922 et
853 885 1050 937 equitibus
1071 885 1273 929 Romanis,
1305 884 1490 936 ejuseffe,
1523 898 1606 936 quae
1627 898 1737 921 care-v

334 964 374 988 re
404 964 468 989 me
500 964 577 988 non
608 950 801 1002 potuiffet.
835 950 921 995 Ille,
958 959 1004 988 ut
1031 950 1182 1003 opinor,
1219 950 1427 1002 ingemuit.
1472 950 1579 1001 Qid
1613 950 1732 1002 igitur

334 1017 600 1070 responderem
619 1017 632 1054 ?
664 1029 792 1068 quaero
812 1029 860 1054 ex
879 1029 923 1053 eo
943 1016 1024 1068 ipso
1041 1045 1051 1060 ,
1084 1016 1151 1068 qui
1178 1015 1275 1054 ferre
1303 1030 1366 1054 me
1388 1030 1464 1054 non
1485 1016 1608 1068 potest
1626 1031 1634 1054 ι
1669 1030 1731 1053 me

334 1084 461 1122 civem
494 1083 565 1121 effe
595 1083 855 1121 Romanum?
886 1082 1034 1120 litei-ate
1062 1081 1345 1134 respondiffem.
1378 1082 1630 1120 Tacuiffem?
1662 1083 1730 1120 de-

334 1149 478 1187 sertum
510 1149 727 1202 negotium.
759 1147 886 1186 Potest
915 1147 1120 1200 quisquam
1147 1147 1218 1191 vir,
1250 1147 1291 1185 in
1323 1147 1433 1185 rebus
1461 1149 1610 1200 magnis
1637 1161 1731 1186 cum

332 1214 477 1253 invidia
496 1214 660 1253 versatus
677 1242 689 1258 ‚
720 1213 804 1252 satis
830 1213 994 1266 graviter
1019 1221 1152 1250 contra
1177 1212 1329 1250 inimici
1350 1213 1628 1251 contumeliam
1656 1213 1732 1251 fine

334 1281 397 1319 sua
422 1281 537 1319 laude
560 1279 815 1333 respondere?
847 1280 902 1317 At
926 1278 1003 1332 ipse
1031 1292 1108 1316 non
1136 1278 1254 1316 modo
1280 1278 1480 1331 respondet
1497 1307 1507 1322 ,
1539 1279 1731 1331 quidquid

332 1346 471 1399 potest,
500 1360 593 1385 cum
612 1345 665 1384 est
684 1345 876 1384 laceffitus
887 1363 899 1391 3
931 1344 997 1383 sed
1013 1345 1129 1383 etiam
1150 1343 1303 1397 gaudet,
1335 1343 1369 1382 se
1389 1345 1436 1382 ab
1456 1345 1604 1390 amicis,
1636 1345 1734 1397 quid

333 1413 570 1466 respondeat,
601 1413 813 1451 admoneri.

388 1480 462 1518 IX.
495 1479 580 1524 Sed,
612 1479 797 1531 quoniam
826 1491 912 1516 mea
943 1477 1052 1516 causa
1081 1477 1257 1529 expedita
1286 1477 1352 1523 est,
1383 1478 1579 1516 videamus
1610 1492 1728 1523 nunc,

333 1545 429 1596 quid
458 1543 674 1596 haruspices
705 1544 848 1582 dicant,
892 1544 979 1595 Ego
1006 1543 1112 1580 enim
1140 1542 1274 1588 fateor,
1306 1557 1369 1581 me
1399 1552 1436 1581 et
1462 1545 1736 1596 magnitudine

332 1611 484 1656 ostenti,
515 1619 553 1648 et
571 1601 754 1663 gravitate
774 1610 950 1662 responsi,
981 1618 1018 1647 et
1038 1623 1113 1647 una
1133 1618 1246 1661 atque
1266 1610 1453 1648 constanti
1480 1609 1729 1662 haruspicum

332 1689 425 1715 voce
441 1705 453 1721 ,
485 1676 731 1714 vehementer
751 1675 821 1713 effe
840 1684 1088 1713 commotum
1106 1690 1115 1713 :
1148 1689 1272 1728 neque
1293 1676 1324 1713 is
1345 1676 1429 1714 sum
1447 1705 1458 1721 ,
1494 1677 1586 1727 qui,
1618 1676 1644 1713 fi
1664 1676 1729 1713 cui

334 1742 435 1781 forte
452 1743 584 1780 videor
601 1743 703 1795 plus,
735 1756 854 1794 quam
875 1742 1014 1787 caeteri,
1046 1742 1115 1794 qui
1143 1755 1250 1794 acque
1268 1752 1382 1794 atque
1403 1756 1475 1796 ego
1494 1743 1579 1780 sunt
1607 1756 1726 1780 occu-

333 1810 427 1862 pati,
460 1809 593 1847 versari
613 1809 654 1846 in
675 1809 800 1847 studio
820 1809 1032 1854 literarum,
1064 1807 1124 1846 his
1146 1809 1333 1854 delecter,
1365 1819 1429 1847 aut
1450 1819 1532 1847 utar
1551 1809 1726 1852 omnino,

334 1874 469 1920 literis,
501 1888 586 1927 quae
616 1875 761 1923 nostros
793 1875 942 1913 animos
973 1875 1163 1912 deterrent
1195 1884 1310 1926 atque
1336 1884 1496 1913 avocant
1524 1888 1543 1911 a
1572 1875 1727 1926 religio-

335 1954 395 1978 ne.
429 1941 516 1992 Ego
543 1953 630 1978 vero
657 1940 832 1992 primum
861 1939 984 1978 habeo
1011 1941 1180 1978 austores
1210 1954 1251 1977 ac
1273 1941 1470 1993 magistros
1493 1941 1726 1992 religionum

335 2006 582 2044 colendarum
603 2007 763 2057 majores
785 2005 928 2043 nostros
949 2020 957 2043 :
991 2020 1160 2058 quorum
1187 2005 1288 2043 mihi
1316 2016 1419 2044 tanta
1442 2005 1553 2044 fuiffe
1578 2006 1726 2058 sapien-

335 2072 387 2109 tia
407 2071 556 2109 videtur
573 2100 583 2115 ,
617 2081 658 2108 ut
685 2072 770 2109 satis
798 2071 984 2123 superque
1009 2073 1213 2124 prudentes
1235 2073 1307 2110 fint
1324 2102 1335 2117 ,
1367 2074 1434 2124 qui
1455 2073 1610 2110 illorum
1633 2085 1725 2123 pru-

335 2138 505 2175 dentiam
528 2151 605 2175 non
625 2138 751 2175 dicam
771 2137 911 2189 assequi
929 2166 939 2181 ,
972 2138 1033 2176 sed
1057 2148 1200 2190 quanta
1227 2138 1343 2176 fuerit
1371 2138 1578 2190 perspicere
1596 2166 1606 2181 ,
1638 2137 1724 2188 pos-

336 2204 434 2241 iint:
473 2203 540 2254 qui
574 2203 682 2240 statas
718 2203 994 2255 sollemnesque
1030 2204 1272 2242 caeremonias
1307 2203 1560 2256 pontificatu,-
1597 2215 1723 2239 reruni

336 2271 430 2307 bene
451 2269 700 2320 gerendarum
720 2270 959 2307 auctoritates
981 2270 1167 2322 augurio;
1199 2268 1367 2306 fatorum
1393 2278 1533 2305 veteres
1562 2267 1723 2317 praedic-

335 2337 457 2373 tiones
479 2334 672 2386 Apollinis
694 2343 824 2372 vatum
842 2335 949 2372 libris
966 2353 976 2379 ς
996 2344 1263 2387 portentorum
1284 2334 1564 2386 explanationes
1588 2331 1722 2368 Etrus—

335 2414 470 2438 corum
502 2399 715 2451 disciplina,
752 2401 940 2437 contineri
972 2410 1182 2452 putarunt:
1219 2414 1303 2450 quae
1333 2398 1491 2450 quidem
1524 2406 1625 2434 tanta
1656 2398 1721 2440 est,

336 2477 378 2506 ut
411 2466 532 2504 nostra
564 2465 749 2504 memoria
777 2466 948 2518 primum
981 2465 1104 2503 Italici
1132 2465 1223 2502 belli
1252 2463 1398 2501 funesta
1425 2463 1490 2500 illa
1519 2463 1721 2515 principia,
