2212 2835
421 193 494 231 142
921 171 1325 212 ORATIO

417 278 598 328 reliquos,
631 274 782 326 legibus
813 271 997 310 omnibus
1032 270 1161 315 soluti,
1198 270 1274 308 fine
1305 277 1412 308 metu
1438 267 1692 321 judiciorum,
1728 269 1807 308 fine

416 341 602 396 periculo,
632 349 758 392 petere
785 336 963 390 possetis:
997 346 1040 375 ut
1064 350 1180 374 nemo
1207 336 1253 373 ad
1281 335 1472 388 populum
1492 336 1719 373 Romanum
1738 347 1805 372 vos

417 408 617 451 adducere,
654 418 769 443 nemo
802 403 1023 456 producere,
1063 416 1141 440 non
1174 402 1321 440 senatus
1355 415 1503 454 cogere,
1543 414 1623 438 non
1659 399 1805 438 Consul

418 487 604 517 coercere,
636 485 713 510 non
734 470 913 508 tribunus
934 469 1056 521 plebis
1078 469 1252 513 retinere,
1284 468 1409 521 poffit.

473 541 572 579 Haec
599 552 670 591 ego
697 551 764 575 vos
791 535 1023 588 concupiiffe
1051 549 1119 588 pro
1146 535 1260 573 vestra
1287 534 1446 572 stultitia
1469 542 1583 585 atque
1611 532 1805 584 intempe-

419 607 539 646 rantia
559 619 636 644 non
657 605 798 643 miror:
831 602 997 655 speraffe,
1029 615 1093 640 me
1114 601 1294 645 Consule,
1325 600 1466 652 affequi
1487 599 1602 652 poffe,
1624 599 1806 636 demiror.

418 673 524 712 Nam
554 685 645 710 cum
673 669 853 708 omnium
881 668 1097 706 Consulum
1123 667 1245 720 gravis
1273 668 1314 704 in
1343 666 1540 718 republica
1565 664 1809 703 custodienda

421 752 511 777 cura
540 751 583 775 ac
613 735 814 788 diligentia
848 733 960 771 debet
994 733 1079 777 effe,
1120 742 1206 770 tum
1241 745 1375 770 eorum
1408 731 1590 775 maxime,
1630 731 1698 782 qui
1731 742 1810 767 non

422 806 462 842 in
483 802 696 847 cunabulis,
728 801 790 839 sed
818 801 858 837 in
885 812 1036 851 campo,
1068 799 1156 836 sunt
1183 798 1368 837 Consules
1390 797 1494 835 faeti.
1527 796 1643 835 Nulli
1662 796 1808 849 populo

421 872 601 909 Romano
620 882 690 921 pro
710 881 773 906 me
793 867 953 918 majores
975 865 1052 903 mei
1072 865 1377 918 spoponderunt:
1402 862 1502 901 mihi
1522 863 1712 900 creditum
1734 862 1806 900 est:

421 951 442 975 a
461 949 524 975 me
545 944 671 988 petere
696 933 801 986 quod
827 931 961 976 debeo,
992 944 1056 968 me
1080 930 1206 982 ipsum
1227 930 1430 982 appellare,
1461 928 1621 966 debetis.
1654 928 1806 979 Qem-

420 1002 646 1044 admodum,
677 1012 768 1037 cum
795 997 987 1050 petebam,
1019 996 1118 1034 nulli
1145 1010 1209 1034 me
1234 996 1342 1033 vobis
1369 996 1537 1033 auctores
1564 993 1712 1046 generis
1732 993 1811 1031 mei

420 1065 770 1109 commendarunt3
805 1063 870 1107 fic,
906 1062 932 1100 s1
963 1062 1059 1114 quid
1092 1061 1303 1114 deliquero,
1337 1060 1454 1099 nullae
1487 1060 1574 1098 sunt
1607 1059 1810 1112 imagines,

421 1147 506 1186 quae
527 1145 590 1170 me
610 1145 630 1168 a
648 1130 756 1168 vobis
777 1129 1042 1180 deprecentur.

476 1197 690 1237 XXXVII.
723 1196 863 1244 Qare,
887 1193 1005 1231 modo
1024 1202 1067 1230 ut
1086 1192 1164 1230 vita
1182 1192 1370 1245 suppetat,
1392 1204 1614 1244 quanquam
1633 1204 1704 1243 ego
1725 1189 1811 1228 sum

421 1266 469 1310 is,
500 1264 569 1317 qui
589 1276 672 1300 eam
693 1261 830 1314 poffim
850 1260 896 1297 ab
918 1260 1076 1298 istorum
1098 1259 1232 1297 scelere
1250 1258 1468 1310 insidiisque
1487 1256 1702 1301 defendere,
1723 1257 1809 1308 pol-

424 1332 542 1369 liceor
572 1329 647 1367 hoc
677 1328 801 1372 vobis,
833 1326 1020 1377 Qirites,
1052 1326 1152 1363 bona
1186 1324 1286 1364 fide:
1319 1324 1602 1377 rempublicam
1635 1322 1813 1375 vigilanti

422 1397 592 1442 homini,
623 1409 700 1434 non
728 1393 895 1438 timido,
927 1393 1120 1446 diligenti,
1151 1405 1228 1430 non
1252 1392 1404 1444 ignavo,
1437 1389 1693 1429 commisistis.
1726 1389 1814 1441 Ego

423 1465 456 1502 is
486 1462 645 1507 Consul,
677 1461 746 1513 qui
771 1460 1001 1498 concionem
1029 1459 1232 1497 metuam?
1265 1458 1333 1510 qui
1360 1458 1536 1496 tribunos
1568 1456 1691 1509 plebis
1724 1469 1814 1508 per-

423 1530 670 1571 horrescam?
703 1529 770 1580 qui
802 1527 909 1580 saepe,
940 1536 978 1564 et
1003 1527 1078 1564 fine
1108 1526 1229 1571 causa,
1261 1525 1507 1564 tumultuet?
1538 1525 1607 1576 qui
1638 1524 1812 1568 timeam,

425 1611 473 1635 ne
494 1595 593 1634 mihi
614 1595 653 1632 in
673 1607 820 1631 carcere
836 1591 1091 1630 habitandum
1112 1591 1170 1636 fit,
1193 1591 1219 1628 fi
1240 1591 1416 1632 tribunus
1438 1589 1560 1643 plebis
1581 1588 1672 1627 duci
1687 1587 1813 1640 juffis-

425 1664 478 1701 set
497 1664 509 1700 ?
542 1663 641 1714 Ego,
664 1659 839 1699 nondum
859 1658 987 1696 vestris
1008 1659 1123 1695 armis
1144 1666 1325 1702 armatus,
1348 1655 1635 1708 insignibusque
1654 1653 1814 1706 amplis-

426 1730 530 1767 fimis
562 1736 731 1770 ornatus,
763 1724 939 1777 imperio,
971 1724 1204 1766 auctoritate,
1237 1736 1313 1759 non
1341 1721 1474 1758 horrui
1495 1721 1534 1758 in
1555 1720 1661 1757 hunc
1681 1720 1815 1757 locum

427 1794 618 1847 progredi,
641 1791 824 1842 vobisque
839 1788 1056 1827 auctoribus
1069 1787 1309 1840 improbitati
1323 1785 1494 1824 hominis
1508 1785 1688 1823 refistere:
1712 1797 1815 1822 nunc

427 1861 566 1903 verear,
598 1872 644 1896 ne
672 1856 895 1909 respublica,
927 1855 1040 1893 tantis
1070 1854 1221 1893 munita
1241 1852 1433 1905 praefidiis,
1463 1851 1510 1889 ab
1530 1851 1607 1889 istis
1628 1851 1730 1889 vinci
1751 1860 1815 1888 aut

428 1925 598 1978 opprimi
619 1923 729 1976 posfit
749 1923 760 1959 ?
794 1922 832 1959 Si
851 1931 959 1959 antea
980 1919 1216 1964 timuiffe1n5
1248 1918 1319 1956 hac
1340 1918 1539 1962 concione,
1561 1916 1635 1954 hoc
1656 1916 1815 1969 populo,

428 2000 530 2029 certe
561 2003 638 2027 non
670 2000 826 2026 vererer.
859 1986 958 2037 Qis
989 1986 1095 2023 enim
1129 1997 1300 2036 unquam
1333 1992 1410 2021 tam
1441 1982 1600 2020 secunda
1630 1981 1818 2020 concione

428 2056 556 2109 legem
577 2053 776 2106 Agrariam
798 2051 920 2096 suafit,
948 2065 1065 2104 quam
1085 2064 1156 2102 ego
1177 2049 1349 2087 diffuafi?
1382 2049 1406 2086 fi
1428 2047 1503 2086 hoc
1524 2046 1729 2085 diffuadere
1748 2046 1815 2091 est,

431 2135 473 2160 ac
494 2134 570 2159 non
592 2119 812 2162 disturbare,
834 2130 876 2155 ac
896 2125 1118 2169 pervertere.
1150 2117 1211 2154 Ex
1233 2129 1311 2167 quo
1330 2114 1511 2166 intelligi,
1534 2113 1722 2164 Qirites,
1744 2126 1818 2165 po-

430 2188 513 2232 test,
545 2186 643 2225 nihil
663 2184 733 2223 effe
753 2193 831 2223 tam
852 2183 1047 2236 populare,
1079 2196 1196 2235 quam
1222 2182 1274 2226 id,
1306 2181 1410 2233 quod
1429 2194 1500 2232 ego
1520 2180 1628 2217 vobis
1649 2180 1689 2217 in
1710 2178 1815 2217 hunc

431 2267 577 2293 annum
599 2251 742 2290 Consul
764 2250 956 2304 popularis
977 2248 1104 2293 affero,
1136 2261 1284 2301 pacem,
1316 2247 1647 2299 tranquillitatem,
1673 2245 1812 2283 otium.

434 2321 532 2371 Qae
553 2317 664 2356 nobis
686 2316 885 2368 designatis
906 2314 1115 2358 timebatis,
1146 2327 1187 2351 ea
1208 2326 1255 2351 ne
1275 2312 1443 2350 accidere
1470 2310 1629 2365 possent,
1660 2309 1819 2348 confilio

434 2398 522 2424 meo
545 2397 587 2422 ac
615 2383 760 2421 ratione
787 2379 933 2434 provisa
957 2380 1057 2418 sunt.
1089 2379 1183 2418 Non
1210 2379 1327 2417 modo
1354 2391 1419 2416 vos
1442 2377 1545 2415 eritis
1566 2377 1606 2414 in
1626 2375 1719 2420 otio,
1750 2375 1818 2426 qui

435 2451 580 2502 semper
599 2448 671 2488 effe
690 2447 905 2493 volueratis,
928 2459 1062 2486 verum
1082 2445 1198 2486 etiam
1214 2445 1316 2490 istos,
1338 2444 1480 2497 quibus
1495 2442 1603 2482 otiosi
1620 2443 1818 2494 negotium
