2212 2835
337 173 383 198 22
828 159 1228 196 ORATIO

334 257 552 309 reipublicae
572 268 704 308 parum
729 254 969 292 consuluistis
987 272 999 299 ς
1031 256 1129 293 reete
1147 254 1208 293 isti
1236 254 1357 293 studia
1376 255 1492 294 vestra
1518 256 1592 295 suis
1620 270 1715 296 con-

333 323 420 360 filiis
442 335 568 374 regere
587 329 800 358 conantur:
834 320 887 358 fin
906 330 1035 358 autem
1056 334 1121 360 vos
1148 322 1235 374 plus
1267 330 1352 360 tum
1378 322 1419 360 in
1439 323 1637 375 republica
1656 323 1714 361 vi-

333 389 436 425 distis
457 406 466 430 ;
499 400 578 431 vos,
598 386 660 424 his
681 387 996 439 repugnantibus,
1021 401 1088 440 per
1107 387 1355 440 vosmetipsos
1376 388 1603 440 dignitatern
1623 387 1716 426 huic

334 454 510 505 imperio,
531 453 691 490 salutem
711 453 795 490 orbi
817 462 1017 498 terrarum,
1049 453 1254 492 attulistis:
1285 454 1491 506 aliquando
1521 454 1581 492 isti
1607 454 1715 506 prin-

332 521 434 572 cipes
454 528 491 557 et
511 519 593 563 fibi,
625 528 664 556 et
683 519 840 564 caeteris,
872 519 1007 572 populi
1033 520 1204 558 Romani
1224 520 1385 559 universi
1411 520 1627 559 auctoritati
1647 533 1715 572 pa-

332 586 495 624 rendum
515 585 584 623 effe
603 584 806 624 fateantur.

386 654 519 703 Atque
549 641 589 689 in
623 650 700 689 hoc
728 650 831 689 bello
851 651 1033 696 Afiatico,
1068 660 1107 690 et
1133 652 1251 705 regio,
1287 666 1365 691 non
1384 652 1510 691 solum
1538 652 1717 690 militaris

331 718 398 756 illa
416 719 551 763 virtus,
581 731 665 770 quae
683 717 736 756 est
764 718 805 755 in
824 719 902 756 Cn.
925 718 1112 771 Pompeio
1131 718 1343 771 singularis,
1374 719 1436 757 sed
1461 719 1541 757 aliae
1562 732 1717 771 quoque

332 784 490 822 virtutes
507 783 642 828 animi,
675 782 807 821 multae
827 792 866 821 et
894 797 1056 836 magnae,
1087 785 1348 836 requiruntur.
1389 784 1563 823 Difficile
1592 785 1645 823 est
1675 785 1716 822 in

332 849 432 893 Afia,
455 848 609 892 Cilicia,
631 848 748 899 Syria,
783 848 982 901 regnisque
1001 849 1230 887 interiorum
1255 850 1472 895 nationum,
1501 851 1554 888 ita
1583 849 1717 888 versari

332 916 497 953 vestrum
512 915 797 967 imperatorem,
814 924 858 953 ut
877 914 978 953 nihil
993 916 1111 960 aliud,
1129 929 1247 967 quarn
1267 916 1314 954 de
1333 915 1452 961 hoste,
1468 930 1511 954 ac
1526 916 1573 954 de
1589 916 1715 960 laude,

330 981 497 1033 cogitet:
530 980 679 1024 deinde,
700 981 816 1018 etiam
838 981 862 1018 fi
883 981 951 1032 qui
972 981 1059 1018 sunt
1077 982 1222 1032 pudore
1242 993 1285 1017 ac
1310 982 1562 1033 temperantia
1581 982 1717 1019 mode-

332 1048 497 1090 fatiores,
521 1055 648 1083 tamen
668 1058 731 1083 eos
753 1044 824 1083 effe
844 1045 950 1090 tales,
982 1055 1136 1097 propter
1157 1046 1454 1084 multitudinem
1485 1047 1717 1100 cupidorum

330 1112 552 1155 hominum,
583 1124 698 1149 nemo
716 1111 933 1148 arbitratur.
966 1111 1140 1149 Difficile
1158 1111 1211 1149 est
1230 1111 1349 1157 dictu,
1371 1112 1559 1162 Qirstes,
1572 1122 1719 1165 quanto

329 1179 369 1215 in
389 1178 479 1216 odio
499 1177 614 1214 fimus
635 1176 735 1228 apud
754 1185 898 1214 exteras
919 1177 1104 1220 nationes,
1127 1186 1282 1229 propter
1300 1190 1449 1222 eorum,
1470 1192 1567 1230 quos
1592 1179 1638 1216 ad
1657 1192 1716 1217 eas

330 1257 396 1296 per
416 1242 486 1281 hos
507 1255 624 1280 annos
645 1255 737 1279 cum
757 1242 920 1295 imperio
940 1242 1129 1287 misimus,
1145 1243 1301 1294 injurias
1320 1257 1364 1281 ac
1381 1243 1578 1282 libidines.
1594 1245 1717 1295 Qod

329 1310 434 1347 enim
454 1307 589 1346 fanum
609 1307 750 1360 putatis
772 1308 811 1345 in
843 1308 919 1346 illis
951 1309 1057 1347 terris
1090 1308 1222 1347 nostris
1250 1309 1532 1362 magistratibus
1558 1310 1716 1363 religio-

330 1375 429 1420 sum,
451 1388 569 1426 quam
597 1374 796 1412 civitatem
817 1373 996 1419 sanctam,
1027 1388 1144 1426 quam
1177 1375 1339 1413 domum
1359 1375 1445 1414 satis
1474 1376 1643 1415 clausam
1673 1390 1717 1415 ae

330 1442 537 1484 munitam,
559 1439 669 1478 fuiffe
689 1440 701 1477 ?
733 1439 858 1478 Urbes
874 1443 957 1493 jam
979 1440 1192 1493 locupletes
1213 1454 1254 1478 ac
1274 1441 1433 1494 copiosae
1453 1443 1716 1494 nequii-untur,

329 1508 470 1559 quibus
488 1506 596 1544 causa
621 1506 711 1544 belli
742 1515 894 1558 propter
914 1506 1120 1558 diripiendi
1140 1507 1393 1559 cupiditatem
1413 1507 1610 1548 inferatur.
1642 1510 1715 1547 Li-

328 1574 463 1611 benter
481 1571 565 1610 haec
590 1585 721 1610 coram
741 1585 834 1610 cum
855 1572 914 1622 Q
929 1572 1070 1611 Catulo
1092 1581 1133 1610 et
1151 1573 1434 1624 QHortenfio
1462 1574 1714 1627 disputarem,

330 1638 490 1676 summis
510 1647 547 1675 et
580 1637 791 1675 clariffimis
813 1637 930 1676 viris:
961 1647 1150 1676 noverunt
1178 1639 1286 1677 enim
1311 1638 1501 1677 sociorum
1530 1640 1713 1685 vulnera;

330 1704 459 1741 vident
478 1717 612 1741 eorum
633 1703 866 1741 calamitates
883 1721 895 1747 3
928 1703 1186 1755 querimonias
1207 1704 1380 1742 audiunt.
1413 1706 1488 1743 Pro
1505 1692 1617 1742 sociis
1649 1720 1714 1744 vos

329 1780 459 1808 cont-ra
477 1769 602 1806 hostes
623 1769 835 1807 exercitum
853 1769 1005 1807 mittere
1019 1770 1176 1822 putatis,
1192 1783 1253 1814 an,
1271 1769 1440 1808 hostium
1455 1770 1713 1816 simulatione,

329 1845 460 1874 contra
489 1835 609 1874 socios
639 1844 754 1887 atque
785 1836 956 1874 amicos?
982 1837 1237 1887 Qaesscivitas
1268 1837 1320 1875 est
1350 1837 1389 1874 in
1410 1837 1510 1882 Asta,
1532 1851 1616 1890 quae
1636 1852 1715 1877 non

330 1902 446 1939 modo
466 1902 719 1954 imperatoris,
742 1911 805 1939 aut
825 1902 953 1955 legasti,
975 1902 1037 1940 sed
1059 1903 1170 1941 unius
1193 1902 1337 1941 tribuni
1356 1903 1547 1949 militum,
1566 1904 1714 1943 animos

330 1981 372 2006 ac
392 1968 543 2020 spiritus
565 1981 696 2020 capere
715 1968 827 2020 poffit
845 1969 858 2005 ?

366 2034 520 2072 XXIII.
544 2034 687 2084 Qare‚
708 2035 823 2072 etiam
844 2035 869 2072 si
890 2048 1008 2087 quem
1027 2034 1193 2080 habetis,
1215 2036 1283 2088 qui
1303 2036 1451 2074 collatis
1471 2036 1585 2088 fignis
1605 2050 1714 2075 exer-

328 2101 427 2139 citus
447 2102 571 2152 regios
587 2100 758 2152 superare
772 2100 874 2153 poffe
891 2101 1093 2147 videatur;
1117 2111 1258 2147 tamen,
1274 2103 1341 2141 ni=s1
1362 2103 1434 2140 erit
1452 2103 1572 2148 idem,
1590 2104 1658 2156 qui
1679 2103 1714 2141 se

329 2180 348 2204 a
369 2166 541 2219 pecuniis
561 2165 767 2211 sociorum,
790 2167 857 2218 qui
878 2167 924 2204 ab
944 2180 1078 2206 eorum
1099 2168 1330 2220 conjugibus
1349 2182 1391 2206 ac
1412 2168 1556 2214 liberis,
1577 2170 1645 2221 qui
1666 2170 1714 2207 ab

329 2232 560 2270 ornamentis
572 2230 756 2270 fanorum
770 2242 885 2285 mque
896 2234 1147 2286 oppidorum,
1167 2235 1234 2286 qui
1249 2234 1296 2272 ab
1308 2247 1399 2272 auro
1411 2247 1581 2287 gazaque
1596 2235 1712 2287 regia,

332 2311 481 2342 manus,
496 2298 642 2343 oculos,
658 2299 849 2344 animum,
866 2298 1046 2338 cohibere
1065 2300 1190 2353 poffit,
1208 2314 1285 2338 non
1301 2301 1372 2338 erit
1391 2301 1563 2346 idoneus,
1579 2302 1648 2353 qui
1667 2301 1714 2339 ad

331 2364 477 2401 bellum
499 2363 725 2409 Asiaticum,
748 2365 990 2419 regiumque,
1018 2367 1206 2405 mittatur.
1240 2368 1417 2419 Ecqua-m
1444 2367 1586 2420 putatis
1615 2367 1713 2405 civi-

331 2436 447 2466 tatem
468 2438 638 2480 pacatam
657 2427 779 2477 fuiffe,
801 2444 886 2484 quae
906 2431 1076 2485 locuples
1096 2432 1168 2470 fit?
1190 2445 1354 2484 ecquam
1373 2431 1443 2471 effe
1458 2431 1711 2484 locupletem,
