2212 2835
681 169 816 207 PRO
876 167 1060 206 LEGE
1120 167 1467 206 MANILIA.
1726 185 1766 209 ii

430 268 558 306 Testis
579 268 632 306 est
651 269 774 314 Italia,
797 281 914 320 quam
934 268 999 306 ille
1027 267 1105 321 ipse
1125 268 1259 312 victor,
1290 269 1339 306 L.
1359 267 1475 320 Sylla,
1496 266 1612 321 hujus
1633 268 1775 306 virtute

374 339 414 368 et
435 330 599 369 subsidio
619 329 807 368 confeffus
829 329 880 367 est
899 330 1113 368 liberatam.
1137 329 1264 367 Testis
1285 329 1337 367 est
1353 329 1495 375 Sicilia,
1516 343 1649 382 quam,
1666 329 1773 367 mul-

375 397 424 434 tis
447 396 618 448 undique
642 396 812 434 cinctam
840 395 1038 448 periculis,
1071 409 1150 433 non
1179 405 1320 434 terrore
1352 396 1458 441 belli,
1491 396 1553 434 sed
1581 396 1774 434 celeritate

374 462 537 507 confilii,
559 461 782 515 explicavit.
807 461 932 499 Testis
953 461 1006 499 est
1026 460 1174 506 Africa,
1194 475 1294 514 quae,
1316 462 1466 514 magnis
1493 462 1666 515 oppressa
1684 461 1774 500 hos-

375 528 477 566 tium
496 528 634 580 copiis,
655 541 790 566 eorum
811 526 983 580 ipsorum
1003 527 1186 580 sanguine
1206 527 1446 566 redundavit.
1464 527 1590 566 Testis
1606 528 1660 566 est
1677 529 1775 566 Gal„

375 593 439 638 lia,
472 607 540 646 per
570 607 689 646 quam
709 593 928 646 legionibus
960 593 1094 632 nostris
1122 594 1163 632 in
1184 593 1415 646 Hispaniam
1449 594 1536 639 iter,
1568 594 1777 632 Gallorum

375 660 652 706 internecione,
673 659 910 713 patefac‘tum
931 660 997 700 est.
1031 660 1158 699 Testis
1178 661 1231 699 est
1251 660 1453 714 Hispania,
1475 675 1561 714 quae
1581 660 1779 714 saepiffime

375 726 567 778 plurimos
588 726 713 765 hostes
733 726 780 765 ab
801 724 877 765 hoc
893 726 1085 780 superatos
1108 726 1386 780 prostratosque
1401 726 1615 780 conspexit.
1651 726 1777 765 Testis

375 792 431 831 est
450 793 591 832 iterum
610 802 648 832 et
668 793 803 847 saepius
824 793 948 839 Italia,
985 808 1084 846 quae,
1113 807 1206 832 cum
1226 793 1351 832 servili
1382 793 1485 832 bello
1506 802 1604 832 tetro
1623 794 1777 847 pericu-

377 858 536 912 losoque
553 870 805 913 premeretur,
841 860 888 898 ab
919 859 996 899 hoc
1025 860 1218 898 auxilium
1244 859 1396 898 absente
1426 860 1642 914 expetivit:
1674 860 1780 912 quod

378 925 529 965 bellum
549 928 814 980 expectatione
834 928 1016 981 Pompeii
1035 936 1279 967 attenuatum
1299 936 1412 981 atque
1432 928 1691 966 imminutum
1713 926 1778 971 est,

381 992 548 1031 adventu
567 993 762 1031 sublatum
781 1007 825 1031 ac
845 993 1055 1046 sepultum.
1089 994 1224 1033 Testes
1244 1008 1332 1033 vero
1346 996 1429 1046 jam
1449 1007 1584 1032 omnes
1606 1007 1693 1038 orae,
1722 1003 1780 1031 at-

380 1072 456 1112 que
486 1072 622 1098 omnes
652 1068 789 1097 exterae
817 1068 952 1112 gentes
982 1073 1024 1098 ac
1054 1060 1256 1099 nationes:
1289 1061 1458 1113 denique
1486 1061 1607 1098 maria
1635 1060 1780 1105 omnia,

381 1136 470 1165 tum
499 1125 685 1171 universa,
708 1135 796 1164 tum
824 1126 866 1164 in
895 1126 1054 1180 fingulis
1083 1128 1160 1166 oris
1189 1140 1325 1166 omnes
1354 1127 1457 1166 finus
1487 1137 1602 1179 atque
1631 1136 1780 1180 portuS.

383 1194 484 1246 Qis
505 1194 612 1232 enirn
633 1202 716 1232 toto
736 1193 834 1231 mari
853 1193 961 1232 locus
982 1207 1050 1247 per
1064 1192 1137 1232 hos
1152 1207 1270 1233 annos
1288 1203 1354 1232 aut
1373 1202 1454 1232 tarn
1469 1193 1631 1232 firmum
1646 1192 1784 1232 habuit

380 1259 614 1312 praefidium,
657 1268 702 1299 ut
730 1269 837 1299 tutus
867 1259 957 1298 effet
972 1279 985 1306 5
1029 1269 1095 1299 aut
1129 1270 1208 1300 tam
1229 1259 1307 1299 fuit
1338 1260 1506 1305 abditus,
1539 1269 1584 1299 ut
1614 1260 1781 1298 lateret?

383 1326 485 1377 Qis
507 1326 713 1380 navigavit,
735 1326 804 1379 qui
833 1340 913 1365 non
933 1326 969 1365 se
1000 1336 1066 1366 aut
1096 1328 1248 1373 mortis,
1276 1336 1342 1366 aut
1371 1326 1578 1372 servitutis,
1610 1326 1785 1379 periculo

382 1393 660 1439 committeret,
682 1406 776 1432 cum
797 1402 862 1432 aut
881 1392 1027 1440 hieme,
1049 1403 1115 1432 aut
1134 1393 1274 1433 referto
1292 1393 1521 1447 praedonum
1541 1387 1652 1438 mari,
1674 1393 1784 1432 navi-

382 1461 516 1514 garet?
548 1461 639 1499 Hoc
661 1469 815 1499 tantum
835 1460 1000 1506 bellum,
1024 1470 1104 1499 tam
1124 1470 1251 1515 turpe,
1278 1470 1359 1499 tam
1379 1469 1503 1506 vetus,
1525 1469 1606 1499 tam
1626 1460 1702 1498 late
1722 1460 1784 1498 di-

382 1528 509 1567 visum
528 1537 642 1581 atque
661 1528 885 1582 dispersum,
900 1529 987 1582 quis
1005 1543 1179 1582 unquam
1195 1529 1441 1568 arbitraretur
1457 1538 1521 1567 aut
1536 1528 1583 1567 ab
1599 1528 1784 1567 omnibus

383 1595 681 1648 imperatoribus
702 1609 781 1633 uno
801 1609 915 1640 anno,
943 1605 1009 1633 aut
1029 1596 1212 1634 omnibus
1233 1596 1341 1634 annis
1373 1596 1420 1634 ab
1442 1609 1521 1634 uno
1540 1596 1785 1650 imperatore,

385 1661 526 1700 confici
544 1661 646 1714 poffe
668 1663 680 1699 ?
714 1662 844 1714 Qam
865 1663 1106 1715 provinciam
1128 1662 1299 1702 tenuistis
1319 1676 1340 1700 a
1358 1663 1603 1715 praedonibus
1623 1663 1786 1701 liberam

383 1742 452 1782 per
470 1727 583 1767 hosce
603 1741 722 1766 annos
741 1729 754 1766 ?
776 1729 882 1781 quod
902 1729 1064 1782 veetigal
1085 1730 1193 1768 vobis
1215 1738 1346 1768 tutum
1366 1728 1444 1768 fuit
1462 1731 1475 1767 ?
1497 1742 1616 1782 quem
1636 1729 1785 1767 socium

385 1794 607 1834 defendistis
626 1795 638 1832 ?
670 1795 735 1833 cui
754 1795 940 1848 praefidio,
963 1795 1139 1835 claffibus
1160 1796 1303 1842 vestris,
1326 1795 1478 1835 fuistis?
1501 1810 1620 1849 quam
1643 1795 1784 1834 multas

385 1861 610 1901 existimatis
631 1861 770 1900 insulas
791 1862 863 1900 effe
881 1862 1072 1901 desertas?
1095 1877 1214 1916 quam
1235 1863 1377 1902 multas
1399 1872 1463 1902 aut
1483 1872 1592 1901 metu
1620 1862 1784 1908 relictas,

385 1938 450 1967 aut
469 1943 490 1967 a
507 1929 753 1982 praedonibus
774 1938 916 1983 captas,
948 1931 1060 1969 urbes
1082 1931 1152 1969 effe
1172 1930 1364 1969 sociorum
1383 1931 1396 1967 ?

441 1997 536 2034 XII.
569 1996 642 2034 Sed
662 1996 758 2049 quid
778 2010 849 2050 ego
875 1997 1088 2050 longinqua
1108 2010 1376 2036 commemoro
1395 1998 1408 2034 ?
1441 1996 1533 2035 Fuit
1561 1995 1636 2035 hoc
1656 2010 1783 2049 quon-

386 2062 491 2109 dam,
521 2062 612 2109 fuit,
642 2064 846 2117 proprium
871 2064 1008 2118 populi
1028 2065 1199 2103 Romani
1230 2065 1345 2118 longe
1365 2079 1386 2103 a
1415 2064 1533 2103 domo
1564 2064 1717 2109 bellare,
1747 2072 1785 2101 et

386 2130 686 2183 propugnaculis
716 2131 872 2184 imperii
891 2131 1083 2170 sociorum
1103 2130 1293 2176 fortunas,
1323 2146 1399 2170 non
1423 2130 1486 2169 sua
1507 2132 1616 2176 tecta,
1648 2129 1783 2168 defen-

387 2195 488 2235 dere.
535 2197 656 2235 Sociis
690 2211 761 2250 ego
795 2197 922 2236 vestris
956 2211 1060 2236 mare
1088 2198 1258 2237 clausum
1280 2211 1347 2252 per
1377 2197 1491 2237 hosce
1510 2211 1628 2236 annos
1656 2198 1783 2235 dicam

387 2260 510 2306 fuiffe,
541 2276 632 2301 cum
664 2264 854 2303 exercitus
885 2264 1004 2303 nostri
1035 2265 1249 2303 Brundusio
1279 2278 1498 2317 nunquam,
1530 2264 1599 2302 nisi
1632 2263 1784 2300 summa

387 2327 531 2372 hieme,
558 2330 862 2369 transmiserint?
895 2332 976 2382 Qi
1007 2332 1053 2370 ad
1079 2346 1147 2371 vos
1175 2332 1222 2371 ab
1252 2333 1391 2370 exteris
1422 2331 1643 2369 nationibus
1673 2330 1782 2367 veni·-

389 2403 488 2440 rent,
519 2403 649 2448 captos
680 2410 830 2448 querar,
860 2411 952 2436 cum
983 2398 1098 2451 legati
1120 2399 1254 2452 populi
1276 2398 1447 2437 Romani
1473 2396 1662 2448 redempti
1682 2395 1782 2434 sint?

389 2460 674 2501 Mercatoribus
707 2469 840 2502 tutum
874 2477 977 2503 mare
1007 2479 1083 2503 non
1117 2464 1228 2503 fuisse
1262 2465 1404 2508 dicam,
1449 2475 1540 2501 cum
1577 2461 1782 2501 duodecim
1842 2454 1846 2459 ¹

1395 2529 1479 2568 ΒΖ
