2212 2835
380 144 429 182 So
873 139 1273 178 ORATIO

377 240 534 284 ordinis,
567 253 643 276 non
675 237 848 275 fecerunt
881 236 999 280 idem,
1031 235 1135 287 quod
1168 248 1271 273 nunc
1294 234 1512 280 Cluentius,
1546 244 1589 274 ut
1619 237 1765 290 aliquid

377 308 500 359 culpae
520 305 704 355 suscipere
726 302 759 340 se
791 310 983 354 putarent,
1015 300 1248 346 recusando,
1281 301 1343 338 sed
1374 301 1602 355 apertiffime
1622 316 1762 356 repug-

379 380 529 413 narunt,
561 383 651 407 cum
673 367 753 406 haec
776 367 1000 413 recusarent,
1021 376 1059 406 et
1079 367 1204 420 palam
1225 366 1426 405 fortiffime
1446 376 1560 420 atque
1578 366 1765 406 honestis-

376 437 469 475 sime
489 436 673 480 dicerent,
689 434 723 472 se
742 433 902 487 potuisse
917 433 1068 485 judicio
1083 434 1219 486 populi
1236 433 1405 472 Romani
1426 434 1467 471 in
1487 433 1766 486 ampliffimum

377 503 510 540 locum
531 501 739 555 pervenire,
771 499 797 538 fi
817 499 880 537 sua
910 499 1030 537 studia
1050 500 1095 537 ad
1116 498 1279 537 honores
1300 499 1483 552 petendos
1504 498 1678 538 conferre
1697 514 1765 539 vo-

378 567 552 606 luiffent:
586 564 659 605 sese
678 564 821 610 vidiffe,
858 566 896 603 in
928 578 970 602 ea
1001 565 1078 603 vita
1097 564 1219 617 qualis
1240 564 1417 618 splendor
1447 564 1593 611 ineffet,
1624 574 1766 618 quanta

377 642 613 677 ornamenta,
635 646 719 684 quae
739 631 933 684 dignitas3
965 644 1049 682 quae
1070 630 1105 668 se
1127 644 1203 668 non
1235 630 1510 683 contempsisse,
1543 630 1603 669 sed
1635 631 1766 669 ordine

377 700 458 745 suo,
482 708 713 752 patrumque
744 696 912 741 suorum,
945 706 1146 734 contentos
1167 695 1289 741 fuiffe,
1320 705 1358 734 et
1378 697 1497 734 vitam
1530 697 1639 735 illam
1660 706 1765 736 tran-

378 766 542 819 quillam
574 774 611 802 et
632 764 818 816 quietam,
850 772 1038 802 remotam
1058 776 1078 800 a
1097 762 1275 815 procellis
1296 763 1543 808 invidiarum,
1573 772 1611 801 et
1630 762 1765 816 hujus-

378 830 785 884 cemodijudiciorum
803 828 987 873 anfractu,
1019 828 1125 881 sequi
1146 827 1330 868 maluiffe.
1362 830 1445 867 Aut
1464 829 1533 867 fibi
1562 829 1608 867 ad
1639 829 1766 868 hono-

379 912 435 936 res
458 896 640 951 petendos
660 905 810 934 aetatem
841 896 1030 947 integram
1063 894 1207 933 restitui
1237 903 1410 946 oportere
1426 913 1438 939 ς
1470 903 1550 939 aut,
1582 896 1768 947 quoniam

379 965 417 1002 id
438 978 515 1002 non
537 962 668 1016 posset,
696 975 780 999 eam
800 961 1066 999 conditionem
1087 960 1186 1004 vitae,
1223 973 1341 1012 quam
1369 960 1502 1004 secuti,
1539 960 1767 1012 petitionem

380 1028 627 1080 reliquissent,
650 1039 801 1064 manere
819 1040 827 1063 ε
851 1025 1034 1077 iniquum
1056 1024 1139 1069 effe,
1159 1037 1236 1069 eOS,
1258 1025 1327 1077 qui
1346 1023 1541 1063 honorum
1561 1038 1766 1064 ornamen-

379 1104 429 1138 ta,
462 1101 618 1146 propter
648 1090 909 1144 periculorum
932 1090 1243 1135 multitudinem,
1275 1089 1604 1143 praetermififfent‚
1634 1091 1769 1145 populi

379 1159 575 1198 beneficiis
606 1156 675 1195 effe
707 1156 888 1209 privatos,
915 1155 1154 1207 judiciorum
1177 1168 1366 1193 novorum
1397 1156 1578 1208 periculis
1604 1171 1682 1195 non
1703 1171 1768 1196 ca-

379 1239 471 1264 rere.
504 1226 724 1262 Senatorem
744 1220 819 1259 hoc
838 1222 946 1274 queri
967 1235 1044 1259 non
1062 1221 1178 1274 poffe,
1210 1231 1405 1274 propterea
1425 1221 1531 1274 quod
1563 1236 1605 1260 ea
1629 1224 1767 1262 condi-

381 1292 485 1331 tione
504 1288 693 1343 propofita
713 1297 840 1340 petere
859 1287 1043 1340 coepiffet,
1072 1288 1254 1340 quodque
1284 1288 1475 1340 permulta
1505 1287 1621 1327 essent
1653 1302 1768 1328 orna-

380 1365 523 1401 menta,
545 1354 687 1408 quibus
708 1367 792 1391 eam
814 1353 989 1406 mitigare
1009 1353 1223 1391 molestiam
1244 1353 1362 1406 poffet
1377 1372 1389 1398 ς
1411 1353 1533 1399 locus,
1551 1356 1767 1401 auctoritas,

380 1422 488 1461 domi
510 1420 698 1474 splendor,
720 1418 820 1472 apud
840 1428 984 1457 exteras
1001 1419 1173 1457 nationes
1195 1433 1337 1458 nomen
1357 1429 1394 1457 et
1409 1420 1541 1472 gratia,
1561 1430 1651 1473 toga
1668 1435 1768 1474 prae-

382 1498 498 1533 texta,
520 1486 607 1524 sella
627 1484 785 1529 curulis,
818 1484 991 1537 insignia,
1013 1483 1144 1530 fasces,
1167 1486 1370 1530 exercitus,
1402 1486 1578 1539 imperia,
1609 1487 1769 1539 provin-

381 1554 449 1593 ciae
467 1569 475 1593 :
508 1552 650 1606 quibus
671 1552 711 1589 in
732 1551 844 1589 rebus
864 1564 957 1589 cum
988 1550 1187 1589 summum
1216 1553 1315 1589 reete
1334 1550 1442 1590 factis
1463 1553 1623 1604 majores
1653 1552 1770 1591 nostri

381 1620 601 1673 praemium,
632 1628 717 1656 tum
739 1617 848 1670 plura
877 1617 1041 1670 peccatis
1062 1618 1233 1671 pericula
1252 1618 1441 1672 proposita
1460 1618 1531 1657 effe
1551 1619 1768 1659 voluerunt.

382 1687 444 1725 Illi
479 1700 556 1725 non
589 1685 665 1723 hoc
700 1683 933 1729 recusabant,
971 1697 1013 1721 ea
1047 1697 1095 1722 ne
1128 1684 1211 1737 lege
1244 1685 1519 1730 accusarentur,
1555 1699 1631 1737 qua
1665 1699 1769 1724 nunc

381 1753 521 1791 Avitus
542 1750 750 1794 accusatur,
782 1763 867 1801 quae
887 1757 981 1787 tunc
1001 1757 1078 1787 erat
1099 1749 1337 1801 Sempronia,
1361 1763 1465 1787 nunc
1484 1750 1537 1788 est
1558 1750 1737 1789 Cornelia
1754 1770 1766 1796 ;

381 1817 651 1870 intelligebant
684 1816 815 1861 enim,
856 1829 897 1853 ea
927 1815 1011 1868 lege
1044 1815 1256 1868 equestrem
1291 1816 1466 1854 ordinem
1498 1829 1576 1854 non
1618 1818 1737 1856 teneri
1755 1836 1766 1864 ς

382 1884 459 1929 sed,
481 1897 528 1921 ne
562 1896 659 1921 nova
677 1882 762 1935 lege
792 1881 1051 1935 alligarentur,
1081 1881 1318 1919 laborabant.
1351 1882 1489 1919 Avitus
1510 1895 1558 1920 ne
1583 1881 1657 1921 hoc
1678 1884 1768 1936 qui-

383 1951 473 1988 dem
494 1962 666 2002 unquam
693 1947 888 1992 recusavit,
919 1961 997 2000 quo
1027 1947 1158 1986 minus
1189 1947 1249 1984 vel
1280 1960 1322 1985 ea
1350 1947 1433 2000 lege
1464 1948 1649 1987 rationem
1683 1950 1770 1989 vitae

383 2017 454 2056 suae
474 2015 658 2060 redderet,
689 2027 765 2067 qua
782 2027 861 2052 non
883 2022 1084 2052 teneretur.
1117 2014 1215 2064 Qae
1242 2013 1267 2052 fi
1288 2014 1396 2052 vobis
1417 2015 1590 2053 conditio
1618 2016 1742 2068 placet
1755 2035 1766 2061 3

383 2095 516 2121 omnes
547 2082 588 2120 id
621 2094 796 2134 agamus,
828 2089 871 2118 ut
904 2079 986 2118 haec
1018 2093 1135 2133 quam
1169 2080 1343 2134 primum
1377 2081 1417 2118 in
1448 2094 1583 2120 omnes
1618 2082 1768 2120 ordines

383 2147 540 2202 quaestio
559 2146 783 2201 perferatur.

438 2214 568 2253 LVII.
601 2214 748 2252 Interea
767 2211 939 2264 quidem,
961 2225 1027 2264 per
1048 2212 1152 2250 Deos
1173 2211 1410 2250 immortales
1429 2211 1436 2249 !
1471 2213 1653 2264 quoniam
1680 2227 1768 2252 om-

385 2281 447 2319 nia
466 2279 672 2318 commoda
691 2278 826 2323 nostra,
842 2279 942 2330 jura,
965 2278 1196 2321 libertatem,
1224 2277 1385 2316 salutem
1405 2278 1585 2331 denique,
1618 2279 1767 2332 legibus

384 2347 621 2390 obtinemus,
653 2344 841 2397 alegibus
862 2357 939 2382 non
970 2343 1214 2383 recedamus:
1247 2343 1359 2381 simul
1390 2354 1427 2382 et
1457 2344 1554 2383 illud
1587 2359 1704 2399 quam
1725 2345 1769 2383 fit

386 2411 850 2468 indignumcogitemus,
885 2409 1077 2464 populum
1099 2410 1324 2449 Romanum
1357 2410 1462 2449 aliud
1492 2424 1594 2450 nunc
1629 2423 1766 2464 agere:
