2212 2835
672 152 814 190 ΡΜ)
875 151 981 191 cN.
1042 150 1394 192 PLANCIO.
1658 166 1738 208 457

335 247 539 287 miseram:
572 248 876 300 negotiatoribus
897 247 1020 286 comis
1039 277 1049 293 ,
1082 249 1360 287 mercatoribus
1376 248 1500 302 justus
1518 278 1528 295 ,
1561 248 1734 288 munici-

334 315 450 366 pibus
478 315 659 359 liberalis,
691 315 801 353 sociis
829 315 1033 359 abstinens,
1065 315 1249 352 omnibus
1284 329 1388 353 cram
1421 314 1520 353 visus
1552 316 1593 354 in
1625 315 1735 353 omni

334 382 465 420 officio
496 382 821 435 diligentissimus.
853 382 1076 433 Excogitati
1107 382 1268 434 quidam
1299 391 1406 420 crant
1437 396 1457 420 a
1489 383 1627 421 Siculis
1658 382 1733 421 ho-

335 462 444 486 nores
465 449 642 487 inauditi.

390 517 525 568 Itaque
558 514 631 553 hac
667 515 730 568 spe
762 513 994 552 decedebam
1011 542 1022 558 ‚
1063 522 1107 551 ut
1141 512 1243 551 mihi
1276 514 1470 566 populum
1506 516 1733 554 Romanum

333 580 436 619 ultro
456 582 587 619 omnia
607 581 825 619 delaturum
851 588 1042 632 putarem.
1075 581 1131 618 At
1151 593 1223 632 ego
1240 609 1250 625 ,
1283 593 1376 619 cum
1399 581 1486 619 casu
1506 581 1642 620 diebus
1671 583 1732 627 iis,

331 646 479 684 itineris
512 646 679 684 faciendi
714 645 848 691 causa,
885 645 1070 684 decedens
1106 659 1126 684 e
1160 646 1388 699 provincia,
1421 647 1601 686 Puteolos
1635 647 1736 686 forte

332 713 529 759 venissem,
555 727 646 752 cum
668 713 829 766 plurimi
848 721 886 750 et
905 712 1103 750 lautissimi
1124 712 1246 751 solent
1265 712 1337 751 effe
1357 714 1397 752 in
1418 714 1465 752 iis
1486 714 1611 760 locis;
1635 729 1732 753 con-

332 780 410 818 cidi
430 794 542 833 pene,
565 780 737 831 Judices,
759 793 851 817 cum
873 792 920 816 ex
940 792 1004 817 me
1024 779 1183 831 quidam
1205 779 1401 832 quaefiffet,
1423 794 1503 833 quo
1522 780 1584 819 die
1604 782 1735 820 Roma

332 846 488 885 exissem
506 875 517 891 ‚
549 855 587 884 et
607 859 702 884 num
726 845 821 898 quid
841 845 882 882 in
903 858 945 882 ea
964 844 1053 883 effer
1075 845 1178 884 novi.
1223 846 1299 884 Cui
1320 860 1412 885 cum
1432 846 1701 900 respondissem
1719 877 1731 893 ‚

332 926 397 950 me
417 926 438 950 a
457 912 655 966 provincia
674 912 853 950 decedere
867 929 879 957 ς
912 912 1043 950 Etiam
1065 910 1321 958 mehercules,
1352 913 1494 966 inquit,
1517 923 1561 952 ut
1579 915 1730 967 opinor,

331 991 380 1017 ex
398 978 547 1017 Africa.

386 1046 562 1085 XXVII.
596 1046 706 1084 Huic
725 1059 795 1098 ego
808 1046 891 1097 jam
911 1043 1151 1083 stomachans
1173 1044 1381 1091 fastidiose,
1413 1047 1544 1085 Immo
1563 1059 1610 1084 ex
1632 1047 1731 1084 Sici-

330 1112 406 1158 lia,
437 1113 614 1165 inquam.
646 1114 756 1151 Tum
777 1112 934 1164 quidam
951 1142 961 1157 ‚
994 1111 1097 1164 quafi
1117 1112 1185 1164 qui
1205 1113 1335 1150 omnia
1355 1112 1485 1158 sciret,
1518 1113 1625 1165 Qid
1645 1113 1657 1150 ?
1691 1121 1733 1151 tu

331 1179 473 1225 nescis,
504 1180 653 1232 inquit,
683 1178 792 1217 hunc
813 1179 999 1230 Syracufis
1020 1178 1246 1231 quaestorem
1268 1178 1378 1217 fuiffe
1398 1179 1411 1216 ?
1488 1180 1552 1218 uid
1573 1179 1698 1218 multa
1717 1181 1729 1216 ?

330 1245 457 1284 destiti
476 1245 733 1292 stomachari,
764 1255 802 1284 et
822 1259 886 1284 me
907 1259 1030 1283 unum
1051 1259 1098 1283 ex
1120 1245 1165 1283 iis
1186 1244 1261 1283 feci
1275 1274 1286 1290 ,
1318 1246 1387 1298 qui
1406 1246 1452 1284 ad
1472 1259 1587 1298 aquas
1608 1247 1731 1285 venis-

330 1311 427 1351 sent.
460 1313 532 1350 Sed
563 1326 606 1350 ea
637 1325 708 1358 res,
739 1312 910 1364 Judices,
941 1311 1046 1349 haud
1077 1311 1155 1350 scio
1184 1324 1231 1349 an
1267 1312 1354 1364 plus
1391 1311 1492 1350 mihi
1526 1311 1730 1365 profuerit,

329 1392 450 1431 quam
472 1379 499 1417 fi
520 1377 620 1417 mihi
642 1388 728 1417 tum
748 1378 864 1417 effent
884 1391 1019 1416 omnes
1039 1377 1309 1430 congratulati.
1342 1379 1463 1424 Nam,
1484 1379 1732 1432 posteaquam

330 1444 422 1483 sensi
439 1474 451 1490 ‚
482 1444 674 1498 populum
695 1445 921 1483 Romanum
942 1456 1048 1481 aures
1068 1442 1283 1481 hebetiores
1298 1473 1309 1488 ,
1340 1444 1474 1482 oculos
1496 1458 1598 1483 acres
1619 1455 1733 1498 atque

330 1520 478 1556 acutos,
507 1510 676 1554 habere;
708 1510 848 1554 destiti,
879 1509 974 1561 quid
1009 1509 1055 1546 de
1089 1521 1152 1546 me
1185 1509 1353 1547 audituri
1387 1509 1504 1547 essent
1536 1508 1731 1556 homines,

332 1577 525 1629 cogitare:
548 1575 638 1621 feci,
661 1585 703 1614 ut
722 1575 849 1629 postea
870 1575 1044 1628 quotidie
1065 1588 1128 1612 me
1148 1575 1371 1628 praesentem
1392 1575 1565 1614 viderent
1584 1591 1594 1615 :
1616 1576 1731 1615 habi-

331 1644 409 1681 tavi
430 1644 470 1680 in
490 1643 614 1681 oculis
633 1657 642 1681 :
675 1642 783 1696 pressi
804 1642 933 1681 forum
955 1657 964 1680 :
998 1641 1197 1680 neminem
1218 1655 1238 1679 a
1263 1642 1462 1695 congreffu
1491 1656 1578 1681 meo
1605 1657 1731 1696 neque

325 1710 471 1762 janitor
492 1722 601 1747 meus
618 1738 629 1754 ,
661 1723 786 1761 neque
807 1709 962 1747 somnus
979 1738 990 1754 ,
1021 1708 1234 1746 absterruit.
1268 1709 1424 1761 Ecquid
1445 1722 1515 1761 ego
1536 1709 1662 1747 dicam
1685 1710 1732 1748 de

330 1777 528 1830 occupatis
561 1776 657 1814 meis
695 1776 952 1829 temporibus,
983 1775 1047 1813 cui
1078 1774 1195 1813 fuerit
1226 1788 1274 1813 ne
1305 1777 1429 1814 otium
1463 1777 1624 1828 quidem
1655 1791 1730 1815 un-

331 1856 450 1896 quam
470 1842 639 1881 otiosum
659 1843 671 1880 ?
702 1842 811 1880 Nam
828 1872 840 1888 ‚
871 1856 965 1895 quas
988 1851 1030 1880 tu
1051 1855 1332 1880 commemoras
1348 1871 1358 1887 ‚
1392 1842 1488 1880 Caffi
1507 1872 1517 1887 ,
1549 1842 1673 1895 legere
1694 1852 1732 1881 tc

331 1910 450 1948 solere
470 1910 681 1954 orationes,
712 1922 804 1947 cum
825 1909 967 1948 otiosus
989 1909 1033 1947 fis
1048 1939 1059 1954 ,
1091 1907 1158 1947 has
1179 1922 1250 1962 ego
1269 1909 1395 1962 scripsi
1418 1908 1520 1947 ludis
1542 1918 1579 1947 et
1598 1909 1702 1948 feriis
1717 1938 1729 1954 ,

332 1988 380 2013 ne
412 1975 576 2014 omnino
605 1988 779 2028 unquam
811 1975 927 2014 essem
958 1975 1115 2014 otiosus.
1148 1976 1307 2013 Etenim
1341 1976 1403 2013 M.
1429 1976 1587 2014 Catonis
1618 1976 1729 2021 illud,

332 2041 438 2093 quod
468 2042 509 2079 in
539 2042 732 2095 principio
763 2042 908 2095 scripfit
934 2042 1145 2095 Originum
1174 2041 1341 2086 suarum,
1373 2041 1519 2094 semper
1549 2042 1728 2094 magnifi-

331 2121 424 2146 cum
445 2117 483 2146 et
502 2108 729 2161 praeclarum
750 2109 903 2161 putavi,
936 2110 1129 2148 Clarorum
1148 2109 1313 2148 virorum
1326 2138 1337 2153 ,
1368 2119 1477 2161 atque
1495 2123 1704 2160 magmrmn
1717 2137 1727 2152 ‚

331 2190 399 2214 non
431 2176 547 2214 minus
581 2176 666 2221 otii,
698 2190 804 2229 quam
836 2177 986 2229 negotii,
1018 2177 1192 2214 rationem
1226 2186 1351 2213 extare
1384 2185 1555 2228 oportere.
1590 2176 1606 2212 I
1612 2184 1645 2212 ta
1660 2204 1669 2219 ,
1703 2175 1728 2212 fi

332 2255 450 2294 quam
471 2241 594 2280 habeo
614 2242 767 2280 laudem
784 2272 796 2288 ‚
827 2257 912 2295 quae
938 2252 1080 2295 quanta
1105 2242 1150 2279 fit
1176 2241 1300 2280 nescio
1318 2272 1327 2287 ,
1361 2252 1463 2294 parta
1491 2242 1627 2278 Roma:
1647 2241 1699 2277 est
1716 2270 1726 2285 ‚

331 2309 486 2361 quaesita
512 2309 552 2346 in
579 2307 691 2347 foro:
724 2322 886 2361 meaque
912 2310 1056 2362 privata
1081 2308 1236 2346 confilia
1262 2308 1410 2360 publici
1437 2320 1592 2358 quoquc
1623 2307 1727 2344 casus

331 2374 680 2427 comprobaverunt
697 2404 708 2420 ,
740 2384 783 2413 ut
806 2376 923 2413 etiam
953 2375 1103 2413 summa
1129 2374 1342 2427 respublica
1364 2371 1461 2410 mihi
1485 2373 1591 2410 domi
1613 2371 1727 2411 fucrit

331 2441 506 2496 gerenda,
537 2449 575 2479 et
595 2441 685 2480 urbs
705 2441 745 2480 in
767 2441 860 2480 urbe
879 2439 1068 2480 servanda.

414 2510 487 2547 To
504 2520 555 2547 M.
589 2508 640 2548 V.
1237 2506 1285 2544 M
1316 2518 1355 2544 m
1386 2519 1426 2544 m
