2212 2835
617 161 758 201 PRO
817 159 925 200 CN.
986 159 1339 200 PLANCIO.
1602 163 1682 215 463

281 261 402 300 videri
421 276 431 301 ε
462 260 544 300 haec
564 261 616 300 est
637 261 742 300 enim
764 275 840 300 una
858 261 980 299 virtus
1000 274 1080 299 non
1100 260 1226 299 solum
1247 260 1418 299 maxima
1435 290 1445 306 ,
1478 261 1540 300 sed
1565 262 1682 300 etiam

281 338 404 368 mater
423 329 613 367 virtutum
632 328 813 367 omnium
839 328 1090 380 reliquarum.
1123 327 1234 379 Qid
1259 328 1312 366 est
1339 328 1457 380 pietas
1474 358 1484 374 ,
1516 329 1585 367 nifi
1612 343 1681 367 vo-

283 394 410 434 luntas
430 404 536 448 grata
555 396 595 434 in
618 395 818 448 parentes?
850 395 919 447 qui
939 394 1026 432 sunt
1047 394 1140 432 boni
1159 394 1274 438 cives,
1305 395 1373 446 qui
1395 395 1501 440 belli,
1522 396 1590 448 qui
1611 396 1682 434 do-

282 462 340 500 mi
367 462 413 500 de
439 463 558 515 patria
579 462 676 500 bene
697 469 885 500 merentes
904 489 916 506 ,
946 460 1016 498 nifi
1038 460 1106 512 qui
1127 460 1257 512 patriae
1285 460 1470 498 beneficia
1490 463 1685 501 memine-

283 537 373 566 runt
391 529 404 565 ?
427 528 495 580 qui
516 528 646 572 saneti,
667 528 736 581 qui
756 527 991 579 religionum
1011 526 1194 570 colentes,
1217 526 1285 564 nifi
1306 527 1375 578 qui
1397 528 1574 566 meritam
1596 530 1683 567 Diis

282 594 571 632 immortalibus
591 594 753 646 gratiam
768 593 879 644 justis
900 591 1128 637 honoribus,
1160 601 1198 630 et
1226 593 1392 631 memori
1420 603 1564 639 mente,
1596 609 1684 647 per-

282 659 467 698 solvunt?
500 661 598 711 Qae
631 658 754 711 potest
786 657 857 696 effe
882 658 1106 710 jucunditas
1138 658 1248 702 vitae,
1280 658 1435 697 sublatis
1467 661 1684 699 amicitiis?

284 739 369 778 quae
389 739 502 778 porro
522 726 694 763 amicitia
713 725 836 777 potest
854 725 925 763 effe
942 725 1041 762 inter
1061 725 1229 777 ingratos
1249 726 1262 762 ?

340 792 440 844 Qis
473 791 526 830 est
555 792 728 830 nostrum
760 791 970 829 liberaliter
1001 791 1206 837 educatus,
1237 791 1302 830 cui
1332 806 1412 831 non
1443 793 1684 840 educatores,

284 858 349 896 cui
371 872 449 896 non
470 857 639 910 magistri
660 857 715 895 sui
735 866 850 910 atque
870 857 1042 896 doctores
1061 886 1071 903 ‚
1103 858 1166 896 cui
1195 871 1273 896 non
1300 858 1408 897 locus
1435 860 1500 898 ille
1521 870 1653 900 mutus
1673 889 1685 906 ‚

286 924 355 962 ubi
376 924 454 977 ipse
474 923 586 961 alitus
607 932 672 961 aut
692 923 826 962 doc‘tus
846 923 898 961 est
915 952 926 968 ‚
957 937 1049 962 cum
1079 932 1183 976 grata
1209 925 1468 964 recordatione
1495 927 1535 965 in
1558 937 1688 966 mente

286 989 452 1028 versetur
471 990 484 1027 ?
516 991 638 1042 Cujus
661 1003 751 1043 opes
774 999 886 1028 tantae
906 990 977 1028 effe
997 990 1152 1042 possunt
1169 1019 1179 1035 ,
1211 1000 1276 1029 aut
1297 1005 1470 1044 unquam
1498 993 1655 1032 fuerunt
1673 1024 1684 1039 ‚

287 1069 373 1108 quae
390 1057 466 1094 fine
488 1056 706 1095 multorum
728 1056 945 1094 amicorum
966 1057 1104 1095 officiis
1125 1056 1217 1094 stare
1244 1057 1381 1110 pofiint
1399 1058 1412 1095 ἓ
1444 1073 1528 1112 quae
1554 1070 1655 1098 certe
1674 1090 1685 1104 ‚

287 1121 432 1161 sublata
452 1123 640 1161 memoria
659 1132 696 1160 et
715 1123 835 1175 gratia
851 1152 861 1168 ‚
893 1122 1000 1160 nulla
1019 1132 1145 1161 extare
1173 1122 1336 1176 poffunt.
1370 1125 1565 1178 Equidem
1587 1126 1688 1164 nihil

288 1198 369 1228 tam
402 1190 605 1243 proprium
639 1188 810 1228 hominis
842 1189 1034 1235 existimo,
1066 1203 1183 1242 quam
1216 1204 1293 1228 non
1328 1192 1447 1230 modo
1483 1192 1684 1237 beneficio,

288 1255 350 1294 sed
368 1256 485 1294 etiam
507 1256 782 1294 benevolentiae
810 1256 1087 1309 significatione
1107 1285 1116 1300 ,
1147 1257 1322 1309 alligari3
1355 1257 1455 1296 nihil
1476 1273 1587 1312 porro
1609 1269 1689 1297 tam

288 1321 566 1367 inhumanum,
599 1332 678 1361 tam
710 1323 895 1367 immane,
928 1332 1007 1360 tam
1034 1321 1175 1367 ferum,
1208 1337 1326 1375 quam
1353 1326 1611 1371 committere,
1645 1336 1689 1364 ut

289 1388 477 1428 beneficio
498 1403 574 1427 non
596 1389 724 1427 dicam
744 1390 941 1442 indignus,
973 1389 1034 1427 sed
1057 1390 1177 1427 vietus
1199 1390 1283 1435 effe,
1315 1391 1476 1429 videare.

345 1456 444 1507 Qae
463 1470 555 1495 cum
576 1456 628 1494 ita
649 1456 734 1500 fint,
759 1457 841 1508 jam
862 1455 1130 1498 succumbam,
1161 1456 1388 1501 Laterensis,
1419 1458 1478 1495 isti
1508 1468 1581 1496 tuae
1602 1472 1687 1497 ora-

289 1522 412 1568 tioni3
444 1523 484 1560 in
516 1535 561 1560 eo
591 1521 685 1574 ipso,
716 1522 758 1559 in
788 1535 867 1574 quo
899 1520 999 1559 nihil
1029 1521 1151 1574 potest
1182 1521 1252 1559 effe
1284 1522 1468 1569 nimium,
1501 1525 1689 1577 quoniam

288 1589 342 1626 ita
373 1598 416 1626 tu
446 1589 530 1632 vis,
562 1588 732 1626 nimium
767 1601 831 1626 me
865 1597 1019 1641 gratum
1053 1587 1125 1626 effe
1155 1589 1397 1629 concedam:
1429 1600 1636 1644 petamque
1669 1606 1690 1630 a

289 1655 425 1699 vobis,
457 1654 640 1706 Judices,
671 1663 715 1693 ut
745 1668 838 1693 eum
870 1654 1059 1693 beneficio
1093 1655 1436 1708 complectamini,
1468 1672 1587 1709 quem
1619 1659 1688 1711 qui

290 1719 562 1774 reprehendit,
594 1721 634 1759 in
666 1734 711 1759 eo
742 1719 1011 1774 reprehendit,
1043 1721 1147 1774 quod
1178 1731 1332 1775 gratum
1362 1733 1496 1776 praeter
1525 1725 1690 1763 modum

291 1788 394 1827 dicat
425 1787 510 1826 effe.
542 1788 685 1841 Neque
715 1789 822 1826 enim
852 1789 899 1826 ad
930 1788 1202 1842 negligendam
1229 1803 1357 1828 meam
1383 1792 1546 1843 gratiam
1575 1792 1690 1830 debet

291 1855 428 1900 valere,
459 1855 564 1907 quod
595 1855 695 1893 dixit
724 1854 844 1900 idem,
875 1868 942 1894 vos
976 1868 1046 1893 nec
1078 1865 1260 1894 nocentes
1292 1870 1363 1894 nec
1389 1857 1575 1911 litigiosos
1603 1858 1688 1902 effe,

293 1934 372 1973 quo
403 1921 532 1958 minus
564 1933 628 1958 me
654 1921 755 1973 apud
783 1934 850 1959 vos
876 1921 999 1959 valere
1025 1931 1231 1974 oporteret.
1264 1922 1380 1973 Qafi
1406 1937 1495 1962 vero
1522 1925 1562 1962 in
1589 1925 1690 1962 ami-

292 1987 382 2024 citia
413 1999 498 2024 mea
528 2000 605 2025 non
636 1985 718 2025 haec
749 1987 918 2040 praefidia
951 1987 994 2040 (fi
1026 2001 1102 2040 qua
1131 1987 1230 2026 forte
1261 1988 1348 2027 sunt
1378 1990 1419 2028 in
1451 1992 1530 2043 me)
1564 2000 1693 2043 parata

294 2053 440 2105 semper
459 2053 593 2091 amicis
613 2053 684 2091 effe
705 2054 909 2092 maluerim
926 2083 938 2099 ,
969 2068 1087 2106 quam
1115 2055 1327 2094 necessaria.
1370 2057 1531 2094 Etenim
1552 2070 1624 2109 ego
1644 2057 1690 2094 de

296 2132 359 2156 me
379 2127 531 2156 tantum
552 2118 670 2156 audeo
689 2119 815 2157 dicere
833 2148 844 2164 ‚
875 2120 1088 2158 amicitiam
1110 2134 1238 2159 meam
1267 2121 1454 2174 voluptati
1482 2122 1658 2175 pluribus
1677 2151 1688 2166 ‚

294 2198 411 2238 quam
443 2185 627 2237 praesidio,
659 2184 794 2224 fuiffe:
828 2200 967 2239 meque
999 2186 1247 2225 vehementer
1278 2189 1364 2227 vitae
1395 2202 1490 2227 meae
1522 2189 1689 2241 poenite-

296 2261 376 2296 ret,
409 2251 434 2288 s1
468 2251 507 2288 in
543 2264 627 2289 mea
660 2250 918 2290 familiaritate
950 2253 1058 2291 locus
1092 2253 1180 2291 effet
1214 2254 1387 2300 nemini,
1418 2255 1486 2292 nis1
1521 2254 1689 2305 litigioso

295 2327 360 2356 aut
380 2317 549 2355 nocenti.

352 2383 544 2422 XXXIV.
578 2383 647 2420 Sed
669 2382 743 2421 hoc
764 2384 889 2422 nescio
909 2385 1106 2436 quomodo
1126 2384 1344 2436 frequenter
1370 2385 1410 2422 in
1437 2398 1501 2422 me
1530 2386 1689 2437 conges-

298 2450 370 2488 sisti
389 2478 399 2494 ,
431 2448 591 2502 saneque
621 2450 661 2487 in
693 2463 739 2488 eo
770 2450 900 2489 creber
930 2450 1059 2496 fuisti,
1091 2460 1127 2489 te
1158 2451 1303 2490 idcirco
1330 2451 1369 2489 in
1398 2451 1508 2489 ludos
1540 2453 1690 2491 causam
