2212 2835
784 166 926 205 PRO
984 167 1030 206 P.
1090 167 1336 207 SYLLA.
1684 182 1762 222 309

370 263 630 309 reservabitur,
669 263 695 303 sl
726 263 768 302 in
797 274 971 304 extremo
1002 265 1221 305 discrimine
1251 279 1293 305 ac
1321 266 1571 306 dimicatione
1599 265 1765 306 fortunae

371 331 526 376 deseret,
557 331 583 369 fi
604 345 683 370 non
703 331 835 377 aderit,
867 333 892 370 fi
915 332 1014 370 nihil
1034 333 1227 385 adjuvabit
1244 334 1257 370 ?

426 398 665 450 Qaestiones
684 398 796 436 nobis
817 398 1010 436 servorum
1036 412 1078 436 ac
1099 407 1292 437 tormenta
1317 399 1509 438 accusator
1534 400 1736 439 minitatur
1751 413 1764 438 τ

370 465 410 502 in
431 465 572 516 quibus
593 477 815 516 quanquam
843 463 942 502 nihil
969 464 1132 516 periculi
1165 464 1413 517 suspicamur,
1445 475 1574 504 tamen
1596 467 1661 504 illa
1682 476 1762 505 tor-

371 541 502 570 menta
530 531 717 583 gubernat
750 531 872 576 dolor,
904 531 1124 569 moderatur
1153 539 1285 569 natura
1310 532 1496 585 cujusque
1517 542 1602 571 turn
1628 534 1763 578 animi,

370 607 456 635 turn
476 597 644 649 corporis
657 614 670 641 3
702 597 799 649 regit
819 596 1007 648 quaefitor,
1039 596 1157 635 flectit
1178 598 1315 643 libido,
1346 600 1561 652 corrumpit
1580 599 1674 652 spes,
1699 600 1763 638 in-

368 663 497 701 firmat
515 672 656 707 metus,
689 672 732 700 ut
752 664 792 700 in
814 673 872 702 tot
891 677 1019 702 rerum
1040 664 1221 717 angustiis
1243 664 1343 702 nihil
1365 667 1512 704 veritati
1538 666 1615 704 loci
1643 667 1764 704 relin-

368 740 520 783 quatur.
551 730 644 768 Vita
671 730 715 768 P.
739 730 850 781 Syllae
881 738 1127 783 torqueatur:
1159 745 1207 769 ex
1237 744 1280 769 ea
1309 735 1513 784 quaeratur,
1550 747 1646 771 num
1678 747 1766 786 quae

312 803 316 807 '
370 796 587 835 occultetur
606 796 742 840 libido,
762 810 858 834 num
879 797 985 848 quod
1004 797 1118 834 lateat
1138 796 1301 842 facinus,
1321 812 1415 836 num
1437 813 1522 851 quae
1543 799 1762 844 crudelitas,

371 875 469 900 num
490 876 574 914 quae
593 861 772 899 audacia:
809 861 909 900 nihil
929 863 1064 900 erroris
1091 864 1163 900 erit
1188 863 1228 900 in
1255 863 1374 908 causa,
1408 878 1477 902 nec
1508 865 1764 910 obscuritatis,

347 973 350 977 ⁴
371 928 542 979 Judices,
575 927 600 965 fi
627 941 648 965 a
668 928 776 966 vobis
797 928 884 967 vitae
909 938 1099 982 perpetuae
1120 943 1194 968 vox
1214 942 1269 975 ea,
1301 944 1385 983 quae
1412 931 1626 984 gravissima
1651 931 1767 970 debet

370 994 455 1041 effe,
486 994 676 1034 audietur.

427 1062 600 1100 Nullum
620 1063 661 1100 in
680 1061 752 1100 hac
773 1063 881 1101 causa
901 1063 1035 1101 testem
1056 1064 1241 1103 timemus
1258 1083 1269 1110 ς
1302 1064 1401 1103 nihil
1429 1079 1667 1118 quemquam
1690 1066 1767 1104 sci-⁹

373 1142 426 1174 re,
458 1127 557 1166 nihil
579 1128 722 1173 vidisse,
754 1128 853 1166 nihil
874 1129 1027 1174 audiffe,
1059 1132 1301 1170 arbitramur.
1341 1132 1413 1169 Sed
1435 1141 1577 1177 tamen,
1609 1133 1634 1170 s1
1665 1131 1769 1170 nihil

371 1208 438 1233 vos
459 1195 502 1232 P.
526 1194 637 1246 Syllae
656 1193 811 1233 fortuna
832 1204 976 1241 movet,
993 1197 1164 1247 Judices,
1179 1197 1296 1235 vestra
1316 1207 1485 1236 moveat:
1510 1198 1627 1236 vestra
1642 1199 1769 1243 enim,-

371 1260 441 1312 qui
461 1273 554 1297 cum
574 1259 723 1298 summa
741 1260 928 1313 elegantia
947 1270 1062 1314 atque
1081 1256 1301 1315 integritate
1320 1263 1481 1308 vixistis,
1499 1262 1574 1302 hoc
1596 1264 1766 1301 maxime

373 1325 551 1371 interest,
582 1339 663 1364 non
692 1340 739 1364 ex
770 1327 957 1373 libidine,
988 1337 1054 1366 aut
1085 1329 1302 1375 simultate,
1333 1339 1398 1367 aut
1426 1330 1579 1368 levitate
1610 1330 1767 1369 testium

370 1392 496 1430 causas
515 1391 765 1431 honestorum
783 1391 995 1432 hominum
1015 1394 1231 1446 ponderari,
1262 1394 1324 1433 sed
1350 1395 1391 1432 in
1417 1397 1567 1449 magnis
1588 1396 1765 1448 disquifi-

371 1459 557 1505 tionibus,
572 1460 855 1512 repentinisque
872 1460 1067 1513 periculiS,
1078 1461 1197 1498 vitam
1215 1460 1510 1514 uniuscujusque
1527 1462 1598 1501 effe
1615 1463 1762 1502 testem.

371 1525 502 1577 Qam
524 1538 605 1570 vos,
635 1526 806 1576 Judices,
840 1525 961 1563 nolite
981 1526 1096 1563 armis
1118 1526 1191 1564 suis
1213 1526 1411 1578 spoliatam
1439 1537 1554 1580 atque
1581 1529 1766 1568 nudatam

372 1591 538 1642 objicere
563 1591 730 1635 invidiae‚
763 1591 896 1629 dedere
917 1591 1146 1644 suspicioni:
1181 1593 1331 1630 munite
1357 1606 1611 1632 communem
1638 1608 1765 1633 arcem

373 1658 580 1702 bonorum,
602 1656 786 1695 obstruite
804 1657 980 1710 perfugia
1003 1658 1299 1711 improborum:
1332 1659 1451 1697 valeat
1471 1661 1515 1698 ad
1536 1675 1706 1713 poenam,
1728 1671 1768 1700 et

371 1723 417 1762 ad
434 1723 595 1761 salutem
617 1723 848 1776 plurimum,
880 1738 998 1776 quam
1026 1724 1145 1763 solam
1175 1726 1312 1763 videtis
1340 1726 1460 1779 ipsam
1486 1740 1532 1764 ex
1553 1728 1591 1764 vi
1611 1727 1674 1766 sua
1694 1741 1762 1765 na-

372 1800 532 1841 turaque
549 1788 736 1827 facillime
756 1790 941 1843 perspici;
973 1790 1098 1830 subito
1118 1791 1218 1830 flecti
1240 1792 1413 1845 fingique
1435 1806 1510 1831 non
1531 1793 1644 1846 poffe.

427 1856 581 1894 XXIX.
615 1855 723 1907 Qid
744 1869 831 1894 vero
850 1855 932 1894 haec
962 1858 1162 1896 auctoritas
1187 1858 1352 1911 (semper
1377 1859 1482 1896 enim
1503 1859 1549 1897 de
1569 1873 1610 1897 ea
1629 1860 1763 1898 dicen-

373 1923 468 1961 dum
489 1922 566 1965 est;
598 1935 821 1974 quanquam
842 1937 862 1960 a
883 1937 945 1961 me
966 1924 1102 1961 timide
1123 1925 1352 1977 modiceque
1373 1925 1538 1978 dicetur)
1562 1927 1671 1978 quid,
1701 1927 1763 1964 in-

373 2001 506 2040 quam,
537 1986 618 2025 haec
639 1990 838 2027 auctoritas
860 1989 1011 2027 nostra?
1044 1991 1112 2042 qui
1138 2004 1158 2028 a
1183 1992 1327 2029 caeteris
1352 1993 1626 2044 conjurationis
1647 1993 1765 2031 causis

372 2054 642 2099 abstinuimus,
675 2055 718 2092 P.
743 2055 886 2106 Syllam
907 2055 1179 2097 defendimus:
1213 2057 1312 2096 nihil
1340 2057 1445 2096 hunc
1476 2059 1627 2097 tandem
1648 2061 1762 2111 juva-

376 2122 463 2159 bit?
496 2121 622 2158 Grave
652 2121 703 2158 est
730 2120 805 2160 hoc
837 2123 983 2160 dictum
1007 2122 1171 2169 fortasse,
1202 2125 1373 2175 Judices,
1410 2125 1434 2162 si
1457 2127 1670 2177 appetimus
1691 2126 1763 2162 ali-

378 2187 495 2239 quid,
529 2186 569 2230 fi,
601 2199 691 2224 cum
713 2188 835 2225 caeteri
857 2189 903 2225 de
924 2189 1034 2226 nobis
1056 2189 1178 2233 silent,
1211 2204 1287 2227 non
1319 2191 1433 2228 etiam
1461 2190 1676 2242 nosmetipsi
1705 2201 1761 2227 ta-

377 2265 524 2296 cemus,
545 2265 681 2303 grave:
714 2252 790 2297 sed,
816 2254 841 2291 fi
862 2255 1051 2299 laedimur,
1074 2255 1099 2292 fi
1121 2256 1354 2300 accusamur,
1378 2256 1401 2293 si
1424 2257 1461 2293 in
1485 2257 1670 2293 invidiam
1694 2270 1760 2292 vo*

364 2331 534 2361 2camur3
559 2316 729 2370 profecto
744 2320 967 2365 conceditis,
982 2322 1152 2371 Judices‚
1171 2331 1213 2359 ut
1233 2323 1343 2361 nobis
1366 2323 1579 2359 libertatem
1603 2322 1763 2359 retinere

380 2385 503 2428 liceat,
536 2383 561 2420 sl
582 2384 710 2422 minus
732 2385 844 2422 liceat
864 2385 1106 2438 dignitatem.

433 2449 614 2489 Accusati
634 2449 719 2489 sunt
740 2464 817 2490 uno
834 2452 991 2491 nornine
1009 2453 1240 2493 consulares:
1266 2463 1306 2492 ut
1321 2454 1402 2505 jam
1422 2453 1588 2492 videatur
1606 2452 1766 2493 honoris-
