<?xml version="1.0" encoding="UTF-8"?>
<!DOCTYPE html PUBLIC "-//W3C//DTD XHTML 1.0 Transitional//EN"
    "http://www.w3.org/TR/xhtml1/DTD/xhtml1-transitional.dtd">
<html xmlns="http://www.w3.org/1999/xhtml" xml:lang="en" lang="en">
 <head>
  <title>
</title>
<meta http-equiv="Content-Type" content="text/html;charset=utf-8" />
  <meta name='ocr-system' content='tesseract 3.04.00' />
  <meta name='ocr-capabilities' content='ocr_page ocr_carea ocr_par ocr_line ocrx_word'/>
</head>
<body>
  <div class='ocr_page' id='page_1' title='image "./operacumindicibu05ciceuoft_0052.png"; bbox 0 0 2212 2835; ppageno 0'>
   <div class='ocr_carea' id='block_1_1' title="bbox 333 169 1228 223">
    <p class='ocr_par' dir='ltr' id='par_1_1' title="bbox 333 169 1228 223">
     <span class='ocr_line' id='line_1_1' title="bbox 333 169 1228 223; baseline -0.006 -9"><span class='ocrx_word' id='word_1_1' title='bbox 333 186 386 223; x_wconf 79' lang='lat'>44</span> <span class='ocrx_word' id='word_1_2' title='bbox 826 169 1228 212; x_wconf 80' lang='lat' dir='ltr'>ORATIO</span> 
     </span>
    </p>
   </div>
   <div class='ocr_carea' id='block_1_2' title="bbox 320 269 1719 2510">
    <p class='ocr_par' dir='ltr' id='par_1_2' title="bbox 328 269 1719 722">
     <span class='ocr_line' id='line_1_2' title="bbox 334 269 1716 325; baseline -0.002 -14"><span class='ocrx_word' id='word_1_3' title='bbox 334 287 463 318; x_wconf 86' lang='lat' dir='ltr'>unam,</span> <span class='ocrx_word' id='word_1_4' title='bbox 481 286 595 325; x_wconf 86' lang='lat' dir='ltr'>quam</span> <span class='ocrx_word' id='word_1_5' title='bbox 618 272 721 314; x_wconf 86' lang='lat' dir='ltr'>suam</span> <span class='ocrx_word' id='word_1_6' title='bbox 744 272 917 309; x_wconf 78' lang='lat' dir='ltr'>Staienus</span> <span class='ocrx_word' id='word_1_7' title='bbox 937 270 1008 309; x_wconf 83' lang='lat' dir='ltr'>effe</span> <span class='ocrx_word' id='word_1_8' title='bbox 1027 270 1191 316; x_wconf 87' lang='lat' dir='ltr'>dicebat,</span> <span class='ocrx_word' id='word_1_9' title='bbox 1208 269 1437 309; x_wconf 83' lang='lat' dir='ltr'>Scamander</span> <span class='ocrx_word' id='word_1_10' title='bbox 1452 269 1577 324; x_wconf 85' lang='lat' dir='ltr'>prima</span> <span class='ocrx_word' id='word_1_11' title='bbox 1596 271 1716 309; x_wconf 65' lang='lat' dir='ltr'>aetio-</span> 
     </span>
     <span class='ocr_line' id='line_1_3' title="bbox 332 337 1719 390; baseline -0.002 -12"><span class='ocrx_word' id='word_1_12' title='bbox 332 354 378 378; x_wconf 85' lang='lat' dir='ltr'>ne</span> <span class='ocrx_word' id='word_1_13' title='bbox 408 339 684 378; x_wconf 84' lang='lat' dir='ltr'>condemnatus</span> <span class='ocrx_word' id='word_1_14' title='bbox 705 338 770 377; x_wconf 86' lang='lat' dir='ltr'>est.</span> <span class='ocrx_word' id='word_1_15' title='bbox 802 338 904 390; x_wconf 83' lang='lat' dir='ltr'>Qis</span> <span class='ocrx_word' id='word_1_16' title='bbox 934 347 1019 376; x_wconf 82' lang='lat' dir='ltr'>turn</span> <span class='ocrx_word' id='word_1_17' title='bbox 1040 346 1117 376; x_wconf 83' lang='lat' dir='ltr'>erat</span> <span class='ocrx_word' id='word_1_18' title='bbox 1145 337 1339 383; x_wconf 83' lang='lat' dir='ltr'>omnium,</span> <span class='ocrx_word' id='word_1_19' title='bbox 1372 337 1454 390; x_wconf 89' lang='lat' dir='ltr'>qui,</span> <span class='ocrx_word' id='word_1_20' title='bbox 1487 337 1719 376; x_wconf 84' lang='lat' dir='ltr'>Scamandro</span> 
     </span>
     <span class='ocr_line' id='line_1_4' title="bbox 331 403 1717 458; baseline -0.001 -14"><span class='ocrx_word' id='word_1_21' title='bbox 331 407 600 450; x_wconf 77' lang='lat' dir='ltr'>condemnam,</span> <span class='ocrx_word' id='word_1_22' title='bbox 634 419 709 443; x_wconf 91' lang='lat' dir='ltr'>non</span> <span class='ocrx_word' id='word_1_23' title='bbox 725 405 921 458; x_wconf 87' lang='lat' dir='ltr'>judicium</span> <span class='ocrx_word' id='word_1_24' title='bbox 941 405 988 443; x_wconf 90' lang='lat' dir='ltr'>de</span> <span class='ocrx_word' id='word_1_25' title='bbox 1009 405 1230 458; x_wconf 86' lang='lat' dir='ltr'>Oppianico</span> <span class='ocrx_word' id='word_1_26' title='bbox 1248 404 1393 443; x_wconf 67' lang='lat' dir='ltr'>factum</span> <span class='ocrx_word' id='word_1_27' title='bbox 1424 403 1496 443; x_wconf 85' lang='lat' dir='ltr'>esse</span> <span class='ocrx_word' id='word_1_28' title='bbox 1515 405 1717 443; x_wconf 80' lang='lat' dir='ltr'>arbitrare-</span> 
     </span>
     <span class='ocr_line' id='line_1_5' title="bbox 331 470 1717 524; baseline -0.002 -14"><span class='ocrx_word' id='word_1_29' title='bbox 331 482 392 510; x_wconf 85' lang='lat' dir='ltr'>tur</span> <span class='ocrx_word' id='word_1_30' title='bbox 410 473 422 510; x_wconf 91' lang='lat'>?</span> <span class='ocrx_word' id='word_1_31' title='bbox 445 472 553 523; x_wconf 85' lang='lat' dir='ltr'>Qid</span> <span class='ocrx_word' id='word_1_32' title='bbox 569 472 621 510; x_wconf 91' lang='lat' dir='ltr'>est</span> <span class='ocrx_word' id='word_1_33' title='bbox 641 472 706 509; x_wconf 87' lang='lat' dir='ltr'>illa</span> <span class='ocrx_word' id='word_1_34' title='bbox 726 472 970 510; x_wconf 88' lang='lat' dir='ltr'>damnatione</span> <span class='ocrx_word' id='word_1_35' title='bbox 983 472 1219 524; x_wconf 89' lang='lat' dir='ltr'>judicatum,</span> <span class='ocrx_word' id='word_1_36' title='bbox 1237 471 1305 509; x_wconf 87' lang='lat' dir='ltr'>nifi</span> <span class='ocrx_word' id='word_1_37' title='bbox 1326 484 1520 510; x_wconf 88' lang='lat' dir='ltr'>venenum</span> <span class='ocrx_word' id='word_1_38' title='bbox 1540 470 1594 515; x_wconf 91' lang='lat' dir='ltr'>id,</span> <span class='ocrx_word' id='word_1_39' title='bbox 1611 470 1717 522; x_wconf 90' lang='lat' dir='ltr'>quod</span> 
     </span>
     <span class='ocr_line' id='line_1_6' title="bbox 330 535 1717 590; baseline -0.003 -14"><span class='ocrx_word' id='word_1_40' title='bbox 330 539 449 576; x_wconf 89' lang='lat' dir='ltr'>Avito</span> <span class='ocrx_word' id='word_1_41' title='bbox 480 539 643 583; x_wconf 86' lang='lat' dir='ltr'>daretur,</span> <span class='ocrx_word' id='word_1_42' title='bbox 675 537 745 575; x_wconf 75' lang='lat' dir='ltr'>ess‘e</span> <span class='ocrx_word' id='word_1_43' title='bbox 776 538 1009 590; x_wconf 84' lang='lat' dir='ltr'>quaefitum?</span> <span class='ocrx_word' id='word_1_44' title='bbox 1041 538 1140 590; x_wconf 84' lang='lat' dir='ltr'>Qae</span> <span class='ocrx_word' id='word_1_45' title='bbox 1169 551 1282 590; x_wconf 86' lang='lat' dir='ltr'>porro</span> <span class='ocrx_word' id='word_1_46' title='bbox 1312 536 1529 576; x_wconf 84' lang='lat' dir='ltr'>tenuisfirna</span> <span class='ocrx_word' id='word_1_47' title='bbox 1554 535 1717 588; x_wconf 89' lang='lat' dir='ltr'>suspicio</span> 
     </span>
     <span class='ocr_line' id='line_1_7' title="bbox 330 602 1716 657; baseline -0.002 -15"><span class='ocrx_word' id='word_1_48' title='bbox 330 605 468 643; x_wconf 86' lang='lat' dir='ltr'>collata</span> <span class='ocrx_word' id='word_1_49' title='bbox 486 605 526 642; x_wconf 90' lang='lat' dir='ltr'>in</span> <span class='ocrx_word' id='word_1_50' title='bbox 548 604 823 642; x_wconf 82' lang='lat' dir='ltr'>Scamandrum</span> <span class='ocrx_word' id='word_1_51' title='bbox 842 604 907 649; x_wconf 89' lang='lat' dir='ltr'>est,</span> <span class='ocrx_word' id='word_1_52' title='bbox 941 611 1006 642; x_wconf 87' lang='lat' dir='ltr'>aut</span> <span class='ocrx_word' id='word_1_53' title='bbox 1025 603 1188 642; x_wconf 86' lang='lat' dir='ltr'>conferri</span> <span class='ocrx_word' id='word_1_54' title='bbox 1206 604 1348 657; x_wconf 89' lang='lat' dir='ltr'>potuit,</span> <span class='ocrx_word' id='word_1_55' title='bbox 1381 612 1424 642; x_wconf 91' lang='lat' dir='ltr'>ut</span> <span class='ocrx_word' id='word_1_56' title='bbox 1450 604 1482 642; x_wconf 87' lang='lat' dir='ltr'>is</span> <span class='ocrx_word' id='word_1_57' title='bbox 1501 603 1564 642; x_wconf 92' lang='lat' dir='ltr'>sua</span> <span class='ocrx_word' id='word_1_58' title='bbox 1582 602 1716 656; x_wconf 90' lang='lat' dir='ltr'>sponte</span> 
     </span>
     <span class='ocr_line' id='line_1_8' title="bbox 328 669 1066 722; baseline -0.001 -13"><span class='ocrx_word' id='word_1_59' title='bbox 328 684 460 709; x_wconf 85' lang='lat' dir='ltr'>necare</span> <span class='ocrx_word' id='word_1_60' title='bbox 480 669 636 708; x_wconf 83' lang='lat' dir='ltr'>voluiffe</span> <span class='ocrx_word' id='word_1_61' title='bbox 655 671 819 708; x_wconf 88' lang='lat' dir='ltr'>Avitum</span> <span class='ocrx_word' id='word_1_62' title='bbox 840 678 1035 722; x_wconf 90' lang='lat' dir='ltr'>putaretur</span> <span class='ocrx_word' id='word_1_63' title='bbox 1053 670 1066 707; x_wconf 89' lang='lat'>?</span> 
     </span>
    </p>

    <p class='ocr_par' dir='ltr' id='par_1_3' title="bbox 320 733 1718 1917">
     <span class='ocr_line' id='line_1_9' title="bbox 383 733 1713 789; baseline -0.002 -15"><span class='ocrx_word' id='word_1_64' title='bbox 383 739 529 789; x_wconf 77' lang='lat' dir='ltr'>Atque,</span> <span class='ocrx_word' id='word_1_65' title='bbox 560 735 636 774; x_wconf 93' lang='lat' dir='ltr'>hoc</span> <span class='ocrx_word' id='word_1_66' title='bbox 656 745 742 774; x_wconf 88' lang='lat' dir='ltr'>tum</span> <span class='ocrx_word' id='word_1_67' title='bbox 767 736 920 788; x_wconf 88' lang='lat' dir='ltr'>judicio</span> <span class='ocrx_word' id='word_1_68' title='bbox 943 734 1058 781; x_wconf 63' lang='lat' dir='ltr'>facto,</span> <span class='ocrx_word' id='word_1_69' title='bbox 1089 744 1126 774; x_wconf 92' lang='lat' dir='ltr'>et</span> <span class='ocrx_word' id='word_1_70' title='bbox 1154 735 1374 789; x_wconf 88' lang='lat' dir='ltr'>Oppianico</span> <span class='ocrx_word' id='word_1_71' title='bbox 1394 748 1432 773; x_wconf 92' lang='lat' dir='ltr'>re</span> <span class='ocrx_word' id='word_1_72' title='bbox 1462 742 1500 773; x_wconf 89' lang='lat' dir='ltr'>et</span> <span class='ocrx_word' id='word_1_73' title='bbox 1518 733 1713 773; x_wconf 88' lang='lat' dir='ltr'>existima-</span> 
     </span>
     <span class='ocr_line' id='line_1_10' title="bbox 328 801 1715 855; baseline -0.002 -15"><span class='ocrx_word' id='word_1_74' title='bbox 328 803 433 840; x_wconf 83' lang='lat' dir='ltr'>tione</span> <span class='ocrx_word' id='word_1_75' title='bbox 448 803 545 855; x_wconf 87' lang='lat' dir='ltr'>jam,</span> <span class='ocrx_word' id='word_1_76' title='bbox 576 802 660 854; x_wconf 87' lang='lat' dir='ltr'>lege</span> <span class='ocrx_word' id='word_1_77' title='bbox 679 810 717 840; x_wconf 91' lang='lat' dir='ltr'>et</span> <span class='ocrx_word' id='word_1_78' title='bbox 736 802 1048 855; x_wconf 82' lang='lat' dir='ltr'>pronuntiatione</span> <span class='ocrx_word' id='word_1_79' title='bbox 1067 802 1256 847; x_wconf 90' lang='lat' dir='ltr'>nondum,</span> <span class='ocrx_word' id='word_1_80' title='bbox 1286 801 1558 846; x_wconf 85' lang='lat' dir='ltr'>condemnato,</span> <span class='ocrx_word' id='word_1_81' title='bbox 1586 808 1715 838; x_wconf 89' lang='lat' dir='ltr'>tamen</span> 
     </span>
     <span class='ocr_line' id='line_1_11' title="bbox 328 866 1714 922; baseline -0.003 -15"><span class='ocrx_word' id='word_1_82' title='bbox 328 870 468 908; x_wconf 90' lang='lat' dir='ltr'>Avitus</span> <span class='ocrx_word' id='word_1_83' title='bbox 490 869 755 922; x_wconf 87' lang='lat' dir='ltr'>Oppianicum</span> <span class='ocrx_word' id='word_1_84' title='bbox 776 883 886 907; x_wconf 91' lang='lat' dir='ltr'>reum</span> <span class='ocrx_word' id='word_1_85' title='bbox 905 868 1032 907; x_wconf 89' lang='lat' dir='ltr'>statim</span> <span class='ocrx_word' id='word_1_86' title='bbox 1060 882 1138 907; x_wconf 89' lang='lat' dir='ltr'>non</span> <span class='ocrx_word' id='word_1_87' title='bbox 1165 867 1272 906; x_wconf 90' lang='lat' dir='ltr'>fecit.</span> <span class='ocrx_word' id='word_1_88' title='bbox 1304 867 1442 906; x_wconf 87' lang='lat' dir='ltr'>Voluit</span> <span class='ocrx_word' id='word_1_89' title='bbox 1473 866 1714 919; x_wconf 86' lang='lat' dir='ltr'>cognoscere,</span> 
     </span>
     <span class='ocr_line' id='line_1_12' title="bbox 328 930 1718 988; baseline -0.004 -15"><span class='ocrx_word' id='word_1_90' title='bbox 328 944 460 974; x_wconf 88' lang='lat' dir='ltr'>utrum</span> <span class='ocrx_word' id='word_1_91' title='bbox 484 935 636 988; x_wconf 81' lang='lat' dir='ltr'>judices</span> <span class='ocrx_word' id='word_1_92' title='bbox 666 936 705 973; x_wconf 90' lang='lat' dir='ltr'>in</span> <span class='ocrx_word' id='word_1_93' title='bbox 727 949 790 973; x_wconf 89' lang='lat' dir='ltr'>eos</span> <span class='ocrx_word' id='word_1_94' title='bbox 809 935 906 973; x_wconf 91' lang='lat' dir='ltr'>solos</span> <span class='ocrx_word' id='word_1_95' title='bbox 926 933 1042 973; x_wconf 86' lang='lat' dir='ltr'>effent</span> <span class='ocrx_word' id='word_1_96' title='bbox 1061 934 1191 979; x_wconf 90' lang='lat' dir='ltr'>severi,</span> <span class='ocrx_word' id='word_1_97' title='bbox 1213 946 1310 986; x_wconf 85' lang='lat' dir='ltr'>quos</span> <span class='ocrx_word' id='word_1_98' title='bbox 1330 946 1522 971; x_wconf 87' lang='lat' dir='ltr'>venenum</span> <span class='ocrx_word' id='word_1_99' title='bbox 1547 930 1718 970; x_wconf 85' lang='lat' dir='ltr'>habuiffe</span> 
     </span>
     <span class='ocr_line' id='line_1_13' title="bbox 325 995 1718 1053; baseline -0.004 -14"><span class='ocrx_word' id='word_1_100' title='bbox 325 1001 426 1053; x_wconf 86' lang='lat' dir='ltr'>ipsos</span> <span class='ocrx_word' id='word_1_101' title='bbox 446 999 714 1053; x_wconf 77' lang='lat' dir='ltr'>comperissent</span> <span class='ocrx_word' id='word_1_102' title='bbox 728 1018 741 1044; x_wconf 65' lang='grc' dir='ltr'><strong><em>ς</em></strong></span> <span class='ocrx_word' id='word_1_103' title='bbox 772 1013 820 1037; x_wconf 89' lang='lat' dir='ltr'>an</span> <span class='ocrx_word' id='word_1_104' title='bbox 838 1000 955 1037; x_wconf 89' lang='lat' dir='ltr'>etiarn</span> <span class='ocrx_word' id='word_1_105' title='bbox 983 999 1141 1037; x_wconf 88' lang='lat' dir='ltr'>confilia</span> <span class='ocrx_word' id='word_1_106' title='bbox 1173 998 1499 1050; x_wconf 88' lang='lat' dir='ltr'>conscientiasque</span> <span class='ocrx_word' id='word_1_107' title='bbox 1529 995 1718 1049; x_wconf 90' lang='lat' dir='ltr'>ejusmodi</span> 
     </span>
     <span class='ocr_line' id='line_1_14' title="bbox 326 1062 1714 1119; baseline -0.004 -15"><span class='ocrx_word' id='word_1_108' title='bbox 326 1065 542 1104; x_wconf 85' lang='lat' dir='ltr'>facinorum</span> <span class='ocrx_word' id='word_1_109' title='bbox 574 1065 764 1119; x_wconf 89' lang='lat' dir='ltr'>supplicio</span> <span class='ocrx_word' id='word_1_110' title='bbox 794 1065 928 1117; x_wconf 87' lang='lat' dir='ltr'>dignas</span> <span class='ocrx_word' id='word_1_111' title='bbox 953 1065 1185 1117; x_wconf 87' lang='lat' dir='ltr'>judicarent.</span> <span class='ocrx_word' id='word_1_112' title='bbox 1228 1065 1364 1115; x_wconf 90' lang='lat' dir='ltr'>Itaque</span> <span class='ocrx_word' id='word_1_113' title='bbox 1398 1065 1446 1101; x_wconf 90' lang='lat' dir='ltr'>C.</span> <span class='ocrx_word' id='word_1_114' title='bbox 1473 1062 1714 1106; x_wconf 88' lang='lat' dir='ltr'>Fabricium,</span> 
     </span>
     <span class='ocr_line' id='line_1_15' title="bbox 326 1127 1717 1185; baseline -0.004 -15"><span class='ocrx_word' id='word_1_115' title='bbox 326 1146 445 1185; x_wconf 91' lang='lat' dir='ltr'>quem</span> <span class='ocrx_word' id='word_1_116' title='bbox 475 1140 630 1184; x_wconf 88' lang='lat' dir='ltr'>propter</span> <span class='ocrx_word' id='word_1_117' title='bbox 660 1130 963 1168; x_wconf 83' lang='lat' dir='ltr'>familiaritatem</span> <span class='ocrx_word' id='word_1_118' title='bbox 991 1130 1200 1183; x_wconf 90' lang='lat' dir='ltr'>Oppianici</span> <span class='ocrx_word' id='word_1_119' title='bbox 1233 1128 1431 1167; x_wconf 86' lang='lat' dir='ltr'>conscium</span> <span class='ocrx_word' id='word_1_120' title='bbox 1464 1128 1524 1166; x_wconf 92' lang='lat' dir='ltr'>illi</span> <span class='ocrx_word' id='word_1_121' title='bbox 1554 1127 1717 1166; x_wconf 86' lang='lat' dir='ltr'>facinori</span> 
     </span>
     <span class='ocr_line' id='line_1_16' title="bbox 325 1194 1715 1247; baseline -0.005 -10"><span class='ocrx_word' id='word_1_122' title='bbox 325 1198 435 1237; x_wconf 83' lang='lat' dir='ltr'>fuiffe</span> <span class='ocrx_word' id='word_1_123' title='bbox 465 1197 729 1242; x_wconf 84' lang='lat' dir='ltr'>arbitrabatur,</span> <span class='ocrx_word' id='word_1_124' title='bbox 763 1209 872 1234; x_wconf 90' lang='lat' dir='ltr'>reum</span> <span class='ocrx_word' id='word_1_125' title='bbox 903 1196 1030 1234; x_wconf 89' lang='lat' dir='ltr'>statim</span> <span class='ocrx_word' id='word_1_126' title='bbox 1060 1194 1181 1233; x_wconf 89' lang='lat' dir='ltr'>fecit:</span> <span class='ocrx_word' id='word_1_127' title='bbox 1213 1203 1335 1247; x_wconf 90' lang='lat' dir='ltr'>utque</span> <span class='ocrx_word' id='word_1_128' title='bbox 1364 1194 1400 1232; x_wconf 94' lang='lat' dir='ltr'>ei</span> <span class='ocrx_word' id='word_1_129' title='bbox 1430 1194 1537 1232; x_wconf 87' lang='lat' dir='ltr'>locus</span> <span class='ocrx_word' id='word_1_130' title='bbox 1565 1194 1715 1246; x_wconf 89' lang='lat' dir='ltr'>primus</span> 
     </span>
     <span class='ocr_line' id='line_1_17' title="bbox 326 1261 1715 1317; baseline -0.004 -14"><span class='ocrx_word' id='word_1_131' title='bbox 326 1265 631 1310; x_wconf 89' lang='lat' dir='ltr'>constitueretur,</span> <span class='ocrx_word' id='word_1_132' title='bbox 646 1271 801 1317; x_wconf 89' lang='lat' dir='ltr'>propter</span> <span class='ocrx_word' id='word_1_133' title='bbox 812 1262 930 1301; x_wconf 88' lang='lat' dir='ltr'>causae</span> <span class='ocrx_word' id='word_1_134' title='bbox 944 1263 1260 1315; x_wconf 60' lang='lat' dir='ltr'>conjunftionem</span> <span class='ocrx_word' id='word_1_135' title='bbox 1272 1261 1506 1314; x_wconf 89' lang='lat' dir='ltr'>impetravit.</span> <span class='ocrx_word' id='word_1_136' title='bbox 1530 1261 1612 1298; x_wconf 92' lang='lat' dir='ltr'>Hic</span> <span class='ocrx_word' id='word_1_137' title='bbox 1630 1268 1715 1298; x_wconf 89' lang='lat' dir='ltr'>tum</span> 
     </span>
     <span class='ocr_line' id='line_1_18' title="bbox 328 1326 1714 1369; baseline -0.004 0"><span class='ocrx_word' id='word_1_138' title='bbox 328 1331 526 1369; x_wconf 87' lang='lat' dir='ltr'>Fabricius</span> <span class='ocrx_word' id='word_1_139' title='bbox 546 1344 625 1369; x_wconf 91' lang='lat' dir='ltr'>non</span> <span class='ocrx_word' id='word_1_140' title='bbox 657 1329 775 1368; x_wconf 92' lang='lat' dir='ltr'>modo</span> <span class='ocrx_word' id='word_1_141' title='bbox 795 1329 840 1367; x_wconf 90' lang='lat' dir='ltr'>ad</span> <span class='ocrx_word' id='word_1_142' title='bbox 861 1343 924 1367; x_wconf 89' lang='lat' dir='ltr'>me</span> <span class='ocrx_word' id='word_1_143' title='bbox 943 1342 1049 1367; x_wconf 88' lang='lat' dir='ltr'>meos</span> <span class='ocrx_word' id='word_1_144' title='bbox 1079 1329 1226 1367; x_wconf 88' lang='lat' dir='ltr'>vicinos</span> <span class='ocrx_word' id='word_1_145' title='bbox 1247 1337 1286 1366; x_wconf 88' lang='lat' dir='ltr'>et</span> <span class='ocrx_word' id='word_1_146' title='bbox 1305 1327 1450 1366; x_wconf 88' lang='lat' dir='ltr'>amicos</span> <span class='ocrx_word' id='word_1_147' title='bbox 1482 1326 1714 1365; x_wconf 81' lang='lat' dir='ltr'>Aletrinates</span> 
     </span>
     <span class='ocr_line' id='line_1_19' title="bbox 328 1393 1717 1449; baseline -0.004 -13"><span class='ocrx_word' id='word_1_148' title='bbox 328 1411 405 1436; x_wconf 89' lang='lat' dir='ltr'>non</span> <span class='ocrx_word' id='word_1_149' title='bbox 425 1397 599 1443; x_wconf 86' lang='lat' dir='ltr'>adduxit,</span> <span class='ocrx_word' id='word_1_150' title='bbox 634 1396 696 1435; x_wconf 91' lang='lat' dir='ltr'>sed</span> <span class='ocrx_word' id='word_1_151' title='bbox 716 1395 794 1449; x_wconf 92' lang='lat' dir='ltr'>ipse</span> <span class='ocrx_word' id='word_1_152' title='bbox 823 1396 869 1434; x_wconf 87' lang='lat' dir='ltr'>iis</span> <span class='ocrx_word' id='word_1_153' title='bbox 901 1409 1026 1448; x_wconf 90' lang='lat' dir='ltr'>neque</span> <span class='ocrx_word' id='word_1_154' title='bbox 1045 1394 1305 1433; x_wconf 87' lang='lat' dir='ltr'>defensoribus</span> <span class='ocrx_word' id='word_1_155' title='bbox 1342 1395 1400 1432; x_wconf 90' lang='lat' dir='ltr'>uti</span> <span class='ocrx_word' id='word_1_156' title='bbox 1420 1393 1559 1447; x_wconf 89' lang='lat' dir='ltr'>postea,</span> <span class='ocrx_word' id='word_1_157' title='bbox 1590 1406 1717 1446; x_wconf 88' lang='lat' dir='ltr'>neque</span> 
     </span>
     <span class='ocr_line' id='line_1_20' title="bbox 326 1459 1714 1516; baseline -0.003 -15"><span class='ocrx_word' id='word_1_158' title='bbox 326 1463 599 1508; x_wconf 89' lang='lat' dir='ltr'>laudatoribus,</span> <span class='ocrx_word' id='word_1_159' title='bbox 629 1463 771 1516; x_wconf 88' lang='lat' dir='ltr'>potuit.</span> <span class='ocrx_word' id='word_1_160' title='bbox 813 1462 916 1500; x_wconf 85' lang='lat' dir='ltr'>Rem</span> <span class='ocrx_word' id='word_1_161' title='bbox 936 1462 1042 1500; x_wconf 89' lang='lat' dir='ltr'>enim</span> <span class='ocrx_word' id='word_1_162' title='bbox 1063 1462 1252 1514; x_wconf 89' lang='lat' dir='ltr'>integram</span> <span class='ocrx_word' id='word_1_163' title='bbox 1285 1459 1455 1499; x_wconf 90' lang='lat' dir='ltr'>hominis</span> <span class='ocrx_word' id='word_1_164' title='bbox 1487 1474 1565 1498; x_wconf 90' lang='lat' dir='ltr'>non</span> <span class='ocrx_word' id='word_1_165' title='bbox 1586 1459 1714 1505; x_wconf 90' lang='lat' dir='ltr'>alieni,</span> 
     </span>
     <span class='ocr_line' id='line_1_21' title="bbox 325 1526 1712 1582; baseline -0.004 -14"><span class='ocrx_word' id='word_1_166' title='bbox 325 1530 502 1582; x_wconf 88' lang='lat' dir='ltr'>quamvis</span> <span class='ocrx_word' id='word_1_167' title='bbox 533 1528 788 1582; x_wconf 88' lang='lat' dir='ltr'>suspiciosam,</span> <span class='ocrx_word' id='word_1_168' title='bbox 820 1526 1034 1573; x_wconf 88' lang='lat' dir='ltr'>defendere,</span> <span class='ocrx_word' id='word_1_169' title='bbox 1069 1526 1320 1566; x_wconf 80' lang='lat' dir='ltr'>humanitatiS</span> <span class='ocrx_word' id='word_1_170' title='bbox 1351 1526 1421 1564; x_wconf 86' lang='lat' dir='ltr'>effe</span> <span class='ocrx_word' id='word_1_171' title='bbox 1453 1527 1683 1579; x_wconf 87' lang='lat' dir='ltr'>putabamus</span> <span class='ocrx_word' id='word_1_172' title='bbox 1700 1543 1712 1570; x_wconf 87' lang='lat'>;</span> 
     </span>
     <span class='ocr_line' id='line_1_22' title="bbox 320 1591 1715 1649; baseline -0.004 -15"><span class='ocrx_word' id='word_1_173' title='bbox 320 1596 533 1649; x_wconf 88' lang='lat' dir='ltr'>judicatam</span> <span class='ocrx_word' id='word_1_174' title='bbox 567 1593 790 1633; x_wconf 65' lang='lat' dir='ltr'>labefaetare</span> <span class='ocrx_word' id='word_1_175' title='bbox 826 1593 983 1639; x_wconf 86' lang='lat' dir='ltr'>conari,</span> <span class='ocrx_word' id='word_1_176' title='bbox 1023 1593 1291 1647; x_wconf 89' lang='lat' dir='ltr'>impudentiae.</span> <span class='ocrx_word' id='word_1_177' title='bbox 1340 1593 1474 1645; x_wconf 86' lang='lat' dir='ltr'>Itaque</span> <span class='ocrx_word' id='word_1_178' title='bbox 1509 1601 1596 1630; x_wconf 91' lang='lat' dir='ltr'>tum</span> <span class='ocrx_word' id='word_1_179' title='bbox 1634 1591 1715 1637; x_wconf 91' lang='lat' dir='ltr'>ille,</span> 
     </span>
     <span class='ocr_line' id='line_1_23' title="bbox 326 1659 1715 1717; baseline -0.004 -15"><span class='ocrx_word' id='word_1_180' title='bbox 326 1664 456 1717; x_wconf 86' lang='lat' dir='ltr'>inopia</span> <span class='ocrx_word' id='word_1_181' title='bbox 490 1671 528 1701; x_wconf 91' lang='lat' dir='ltr'>et</span> <span class='ocrx_word' id='word_1_182' title='bbox 561 1661 775 1701; x_wconf 75' lang='lat' dir='ltr'>necessitate</span> <span class='ocrx_word' id='word_1_183' title='bbox 808 1662 988 1706; x_wconf 62' lang='lat' dir='ltr'>coaetus,</span> <span class='ocrx_word' id='word_1_184' title='bbox 1019 1660 1060 1698; x_wconf 91' lang='lat' dir='ltr'>in</span> <span class='ocrx_word' id='word_1_185' title='bbox 1090 1660 1199 1699; x_wconf 90' lang='lat' dir='ltr'>causa</span> <span class='ocrx_word' id='word_1_186' title='bbox 1229 1660 1416 1712; x_wconf 90' lang='lat' dir='ltr'>ejusmodi</span> <span class='ocrx_word' id='word_1_187' title='bbox 1450 1660 1495 1697; x_wconf 88' lang='lat' dir='ltr'>ad</span> <span class='ocrx_word' id='word_1_188' title='bbox 1528 1659 1715 1711; x_wconf 82' lang='lat' dir='ltr'>Caepafios</span> 
     </span>
     <span class='ocr_line' id='line_1_24' title="bbox 327 1726 1714 1781; baseline -0.005 -12"><span class='ocrx_word' id='word_1_189' title='bbox 327 1730 457 1769; x_wconf 87' lang='lat' dir='ltr'>fratres</span> <span class='ocrx_word' id='word_1_190' title='bbox 488 1729 680 1781; x_wconf 86' lang='lat' dir='ltr'>confugit,</span> <span class='ocrx_word' id='word_1_191' title='bbox 702 1727 879 1766; x_wconf 88' lang='lat' dir='ltr'>homines</span> <span class='ocrx_word' id='word_1_192' title='bbox 900 1726 1118 1771; x_wconf 88' lang='lat' dir='ltr'>industrios,</span> <span class='ocrx_word' id='word_1_193' title='bbox 1150 1735 1265 1778; x_wconf 90' lang='lat' dir='ltr'>atque</span> <span class='ocrx_word' id='word_1_194' title='bbox 1285 1739 1330 1763; x_wconf 92' lang='lat' dir='ltr'>eo</span> <span class='ocrx_word' id='word_1_195' title='bbox 1349 1726 1494 1770; x_wconf 88' lang='lat' dir='ltr'>animo,</span> <span class='ocrx_word' id='word_1_196' title='bbox 1526 1734 1583 1770; x_wconf 91' lang='lat' dir='ltr'>ut,</span> <span class='ocrx_word' id='word_1_197' title='bbox 1606 1738 1714 1777; x_wconf 84' lang='lat' dir='ltr'>quae-</span> 
     </span>
     <span class='ocr_line' id='line_1_25' title="bbox 326 1789 1716 1849; baseline -0.005 -14"><span class='ocrx_word' id='word_1_198' title='bbox 326 1810 481 1849; x_wconf 88' lang='lat' dir='ltr'>cunque</span> <span class='ocrx_word' id='word_1_199' title='bbox 500 1795 652 1834; x_wconf 88' lang='lat' dir='ltr'>dicendi</span> <span class='ocrx_word' id='word_1_200' title='bbox 672 1794 833 1847; x_wconf 85' lang='lat' dir='ltr'>potestas</span> <span class='ocrx_word' id='word_1_201' title='bbox 854 1792 943 1832; x_wconf 85' lang='lat' dir='ltr'>effet</span> <span class='ocrx_word' id='word_1_202' title='bbox 968 1793 1067 1839; x_wconf 88' lang='lat' dir='ltr'>data,</span> <span class='ocrx_word' id='word_1_203' title='bbox 1097 1793 1139 1830; x_wconf 92' lang='lat' dir='ltr'>in</span> <span class='ocrx_word' id='word_1_204' title='bbox 1158 1791 1304 1831; x_wconf 89' lang='lat' dir='ltr'>honore</span> <span class='ocrx_word' id='word_1_205' title='bbox 1324 1800 1439 1844; x_wconf 89' lang='lat' dir='ltr'>atque</span> <span class='ocrx_word' id='word_1_206' title='bbox 1465 1791 1505 1829; x_wconf 91' lang='lat' dir='ltr'>in</span> <span class='ocrx_word' id='word_1_207' title='bbox 1526 1789 1716 1829; x_wconf 85' lang='lat' dir='ltr'>beneficio</span> 
     </span>
     <span class='ocr_line' id='line_1_26' title="bbox 327 1861 532 1917; baseline -0.005 -16"><span class='ocrx_word' id='word_1_208' title='bbox 327 1861 532 1917; x_wconf 54' lang='lat' dir='ltr'>ponerent.⁴</span> 
     </span>
    </p>

    <p class='ocr_par' dir='ltr' id='par_1_4' title="bbox 327 1923 1715 2510">
     <span class='ocr_line' id='line_1_27' title="bbox 381 1923 1713 1980; baseline -0.005 -12"><span class='ocrx_word' id='word_1_209' title='bbox 381 1930 495 1969; x_wconf 89' lang='lat' dir='ltr'>XXI.</span> <span class='ocrx_word' id='word_1_210' title='bbox 527 1929 615 1980; x_wconf 89' lang='lat' dir='ltr'>Jam</span> <span class='ocrx_word' id='word_1_211' title='bbox 650 1926 725 1965; x_wconf 93' lang='lat' dir='ltr'>hoc</span> <span class='ocrx_word' id='word_1_212' title='bbox 746 1939 901 1979; x_wconf 89' lang='lat' dir='ltr'>quoque</span> <span class='ocrx_word' id='word_1_213' title='bbox 928 1938 1048 1980; x_wconf 89' lang='lat' dir='ltr'>prope</span> <span class='ocrx_word' id='word_1_214' title='bbox 1081 1925 1315 1978; x_wconf 86' lang='lat' dir='ltr'>iniquiffime</span> <span class='ocrx_word' id='word_1_215' title='bbox 1347 1933 1614 1978; x_wconf 89' lang='lat' dir='ltr'>comparatum</span> <span class='ocrx_word' id='word_1_216' title='bbox 1646 1923 1713 1969; x_wconf 91' lang='lat' dir='ltr'>est,</span> 
     </span>
     <span class='ocr_line' id='line_1_28' title="bbox 327 1990 1713 2049; baseline -0.005 -14"><span class='ocrx_word' id='word_1_217' title='bbox 327 1996 431 2049; x_wconf 88' lang='lat' dir='ltr'>quod</span> <span class='ocrx_word' id='word_1_218' title='bbox 451 1996 492 2033; x_wconf 91' lang='lat' dir='ltr'>in</span> <span class='ocrx_word' id='word_1_219' title='bbox 512 1994 658 2033; x_wconf 88' lang='lat' dir='ltr'>morbis</span> <span class='ocrx_word' id='word_1_220' title='bbox 679 1994 864 2046; x_wconf 89' lang='lat' dir='ltr'>corporis,</span> <span class='ocrx_word' id='word_1_221' title='bbox 896 2002 939 2031; x_wconf 95' lang='lat' dir='ltr'>ut</span> <span class='ocrx_word' id='word_1_222' title='bbox 958 1992 1120 2045; x_wconf 89' lang='lat' dir='ltr'>quisque</span> <span class='ocrx_word' id='word_1_223' title='bbox 1140 1992 1192 2030; x_wconf 88' lang='lat' dir='ltr'>est</span> <span class='ocrx_word' id='word_1_224' title='bbox 1212 1992 1483 2036; x_wconf 85' lang='lat' dir='ltr'>difficillimus,</span> <span class='ocrx_word' id='word_1_225' title='bbox 1514 1991 1567 2028; x_wconf 86' lang='lat' dir='ltr'>ita</span> <span class='ocrx_word' id='word_1_226' title='bbox 1586 1990 1713 2028; x_wconf 90' lang='lat' dir='ltr'>medi-</span> 
     </span>
     <span class='ocr_line' id='line_1_29' title="bbox 328 2056 1713 2112; baseline -0.004 -12"><span class='ocrx_word' id='word_1_227' title='bbox 328 2076 394 2101; x_wconf 87' lang='lat' dir='ltr'>cus</span> <span class='ocrx_word' id='word_1_228' title='bbox 416 2060 670 2099; x_wconf 83' lang='lat' dir='ltr'>nobiliffimus</span> <span class='ocrx_word' id='word_1_229' title='bbox 691 2068 805 2112; x_wconf 88' lang='lat' dir='ltr'>atque</span> <span class='ocrx_word' id='word_1_230' title='bbox 835 2059 1007 2111; x_wconf 88' lang='lat' dir='ltr'>optimus</span> <span class='ocrx_word' id='word_1_231' title='bbox 1039 2058 1248 2110; x_wconf 79' lang='lat' dir='ltr'>quaeritur3</span> <span class='ocrx_word' id='word_1_232' title='bbox 1280 2057 1321 2095; x_wconf 90' lang='lat' dir='ltr'>in</span> <span class='ocrx_word' id='word_1_233' title='bbox 1351 2056 1530 2110; x_wconf 88' lang='lat' dir='ltr'>periculis</span> <span class='ocrx_word' id='word_1_234' title='bbox 1562 2056 1713 2109; x_wconf 85' lang='lat' dir='ltr'>capitis,</span> 
     </span>
     <span class='ocr_line' id='line_1_30' title="bbox 330 2123 1715 2181; baseline -0.005 -14"><span class='ocrx_word' id='word_1_235' title='bbox 330 2139 371 2168; x_wconf 92' lang='lat' dir='ltr'>ut</span> <span class='ocrx_word' id='word_1_236' title='bbox 392 2141 552 2181; x_wconf 84' lang='lat' dir='ltr'>quaeque</span> <span class='ocrx_word' id='word_1_237' title='bbox 571 2126 679 2164; x_wconf 86' lang='lat' dir='ltr'>causa</span> <span class='ocrx_word' id='word_1_238' title='bbox 698 2125 928 2164; x_wconf 87' lang='lat' dir='ltr'>difficillima</span> <span class='ocrx_word' id='word_1_239' title='bbox 948 2125 1014 2170; x_wconf 88' lang='lat' dir='ltr'>est,</span> <span class='ocrx_word' id='word_1_240' title='bbox 1035 2125 1089 2163; x_wconf 89' lang='lat' dir='ltr'>ita</span> <span class='ocrx_word' id='word_1_241' title='bbox 1107 2124 1335 2163; x_wconf 89' lang='lat' dir='ltr'>deterrimus</span> <span class='ocrx_word' id='word_1_242' title='bbox 1355 2123 1715 2175; x_wconf 87' lang='lat' dir='ltr'>obscuriffimusque</span> 
     </span>
     <span class='ocr_line' id='line_1_31' title="bbox 328 2188 1713 2248; baseline -0.005 -15"><span class='ocrx_word' id='word_1_243' title='bbox 328 2205 509 2248; x_wconf 89' lang='lat' dir='ltr'>patronus</span> <span class='ocrx_word' id='word_1_244' title='bbox 530 2192 732 2231; x_wconf 88' lang='lat' dir='ltr'>adhibetur</span> <span class='ocrx_word' id='word_1_245' title='bbox 751 2206 759 2229; x_wconf 93' lang='lat'><strong>:</strong></span> <span class='ocrx_word' id='word_1_246' title='bbox 793 2192 861 2229; x_wconf 80' lang='lat' dir='ltr'>nisi</span> <span class='ocrx_word' id='word_1_247' title='bbox 882 2190 981 2229; x_wconf 85' lang='lat' dir='ltr'>forte</span> <span class='ocrx_word' id='word_1_248' title='bbox 1010 2189 1090 2229; x_wconf 85' lang='lat' dir='ltr'>haec</span> <span class='ocrx_word' id='word_1_249' title='bbox 1111 2190 1219 2229; x_wconf 88' lang='lat' dir='ltr'>causa</span> <span class='ocrx_word' id='word_1_250' title='bbox 1238 2190 1305 2236; x_wconf 91' lang='lat' dir='ltr'>est,</span> <span class='ocrx_word' id='word_1_251' title='bbox 1326 2190 1430 2243; x_wconf 90' lang='lat' dir='ltr'>quod</span> <span class='ocrx_word' id='word_1_252' title='bbox 1451 2189 1592 2228; x_wconf 82' lang='lat' dir='ltr'>medici</span> <span class='ocrx_word' id='word_1_253' title='bbox 1614 2188 1713 2226; x_wconf 90' lang='lat' dir='ltr'>nihil</span> 
     </span>
     <span class='ocr_line' id='line_1_32' title="bbox 330 2255 1711 2314; baseline -0.004 -15"><span class='ocrx_word' id='word_1_254' title='bbox 330 2271 463 2314; x_wconf 80' lang='lat' dir='ltr'>praeter</span> <span class='ocrx_word' id='word_1_255' title='bbox 482 2259 704 2303; x_wconf 88' lang='lat' dir='ltr'>artificium,</span> <span class='ocrx_word' id='word_1_256' title='bbox 734 2267 898 2296; x_wconf 85' lang='lat' dir='ltr'>oratores</span> <span class='ocrx_word' id='word_1_257' title='bbox 926 2257 1041 2295; x_wconf 88' lang='lat' dir='ltr'>etiarn</span> <span class='ocrx_word' id='word_1_258' title='bbox 1062 2257 1341 2302; x_wconf 69' lang='lat' dir='ltr'>auetoritatem,</span> <span class='ocrx_word' id='word_1_259' title='bbox 1368 2256 1535 2309; x_wconf 84' lang='lat' dir='ltr'>praestare</span> <span class='ocrx_word' id='word_1_260' title='bbox 1555 2255 1711 2293; x_wconf 89' lang='lat' dir='ltr'>debent.</span> 
     </span>
     <span class='ocr_line' id='line_1_33' title="bbox 330 2315 1712 2377; baseline -0.006 -11"><span class='ocrx_word' id='word_1_261' title='bbox 330 2329 481 2366; x_wconf 75' lang='lat' dir='ltr'>Citatur</span> <span class='ocrx_word' id='word_1_262' title='bbox 502 2315 585 2364; x_wconf 21' lang='lat' dir='ltr'>reu-s</span> <span class='ocrx_word' id='word_1_263' title='bbox 603 2340 612 2363; x_wconf 90' lang='lat'><strong>:</strong></span> <span class='ocrx_word' id='word_1_264' title='bbox 645 2326 771 2377; x_wconf 89' lang='lat' dir='ltr'>agitur</span> <span class='ocrx_word' id='word_1_265' title='bbox 790 2323 921 2362; x_wconf 85' lang='lat' dir='ltr'>causa:</span> <span class='ocrx_word' id='word_1_266' title='bbox 944 2324 1074 2377; x_wconf 81' lang='lat' dir='ltr'>paucis</span> <span class='ocrx_word' id='word_1_267' title='bbox 1094 2323 1217 2362; x_wconf 87' lang='lat' dir='ltr'>verbis</span> <span class='ocrx_word' id='word_1_268' title='bbox 1237 2322 1399 2368; x_wconf 88' lang='lat' dir='ltr'>accusat,</span> <span class='ocrx_word' id='word_1_269' title='bbox 1421 2331 1464 2360; x_wconf 89' lang='lat' dir='ltr'>ut</span> <span class='ocrx_word' id='word_1_270' title='bbox 1484 2322 1530 2360; x_wconf 88' lang='lat' dir='ltr'>dc</span> <span class='ocrx_word' id='word_1_271' title='bbox 1550 2335 1589 2359; x_wconf 91' lang='lat' dir='ltr'>re</span> <span class='ocrx_word' id='word_1_272' title='bbox 1602 2321 1712 2373; x_wconf 91' lang='lat' dir='ltr'>judi-</span> 
     </span>
     <span class='ocr_line' id='line_1_34' title="bbox 330 2386 1712 2442; baseline -0.004 -12"><span class='ocrx_word' id='word_1_273' title='bbox 330 2401 425 2437; x_wconf 88' lang='lat' dir='ltr'>cata,</span> <span class='ocrx_word' id='word_1_274' title='bbox 460 2391 663 2429; x_wconf 89' lang='lat' dir='ltr'>Canutius.</span> <span class='ocrx_word' id='word_1_275' title='bbox 696 2390 839 2442; x_wconf 89' lang='lat' dir='ltr'>Incipit</span> <span class='ocrx_word' id='word_1_276' title='bbox 858 2389 977 2441; x_wconf 87' lang='lat' dir='ltr'>longo</span> <span class='ocrx_word' id='word_1_277' title='bbox 1001 2397 1038 2427; x_wconf 91' lang='lat' dir='ltr'>et</span> <span class='ocrx_word' id='word_1_278' title='bbox 1068 2388 1142 2426; x_wconf 86' lang='lat' dir='ltr'>alte</span> <span class='ocrx_word' id='word_1_279' title='bbox 1161 2388 1282 2442; x_wconf 91' lang='lat' dir='ltr'>petito</span> <span class='ocrx_word' id='word_1_280' title='bbox 1302 2388 1492 2442; x_wconf 84' lang='lat' dir='ltr'>prooemio</span> <span class='ocrx_word' id='word_1_281' title='bbox 1508 2386 1712 2439; x_wconf 87' lang='lat' dir='ltr'>responde-</span> 
     </span>
     <span class='ocr_line' id='line_1_35' title="bbox 333 2451 1714 2510; baseline -0.005 -15"><span class='ocrx_word' id='word_1_282' title='bbox 333 2471 370 2496; x_wconf 86' lang='lat' dir='ltr'>re</span> <span class='ocrx_word' id='word_1_283' title='bbox 392 2457 510 2510; x_wconf 87' lang='lat' dir='ltr'>major</span> <span class='ocrx_word' id='word_1_284' title='bbox 531 2455 734 2510; x_wconf 74' lang='lat' dir='ltr'>Caepafius.</span> <span class='ocrx_word' id='word_1_285' title='bbox 768 2455 900 2494; x_wconf 89' lang='lat' dir='ltr'>Primo</span> <span class='ocrx_word' id='word_1_286' title='bbox 919 2463 1061 2494; x_wconf 84' lang='lat' dir='ltr'>attente</span> <span class='ocrx_word' id='word_1_287' title='bbox 1079 2454 1232 2494; x_wconf 91' lang='lat' dir='ltr'>auditur</span> <span class='ocrx_word' id='word_1_288' title='bbox 1261 2455 1342 2508; x_wconf 86' lang='lat' dir='ltr'>ejus</span> <span class='ocrx_word' id='word_1_289' title='bbox 1363 2453 1510 2493; x_wconf 88' lang='lat' dir='ltr'>oratio:</span> <span class='ocrx_word' id='word_1_290' title='bbox 1545 2451 1714 2504; x_wconf 86' lang='lat' dir='ltr'>erigebat</span> 
     </span>
    </p>
   </div>
  </div>
 </body>
</html>
