2212 2835
812 197 952 236 PRO
1012 197 1057 235 P.
1118 196 1365 235 SYLLA.
1726 208 1804 250 293

411 310 506 336 cum
531 294 716 350 suppressa
743 308 834 334 voce
861 296 907 334 de
937 295 1073 333 scelere
1100 296 1144 334 P.
1168 295 1342 339 Lentuli,
1374 294 1420 333 de
1446 293 1600 333 audacia
1625 295 1806 347 conjura-

413 373 543 403 torum
563 363 757 408 omnium,
789 361 952 406 dixisset,
984 361 1258 400 tantummodo
1280 370 1322 399 ut
1346 375 1425 405 vos,
1458 362 1526 413 qui
1553 375 1594 399 ea
1620 362 1807 415 probatis,

412 430 595 468 exaudire
614 428 794 482 poffetis;
827 428 873 466 de
893 427 1082 480 supplicio
1103 428 1148 465 P.
1165 426 1340 471 Lentuli,
1362 427 1408 464 de
1428 440 1588 472 carcere,
1611 441 1751 480 magna
1770 437 1808 466 et

412 495 654 549 queribunda
672 507 766 533 voce
786 493 952 532 dicebat.

467 563 515 600 In
545 575 623 614 quo
653 561 828 614 primum
861 559 962 597 illud
992 567 1071 597 erat
1101 557 1323 604 absurdum,
1360 559 1480 611 quod,
1515 573 1607 598 cum
1637 573 1692 604 ea,
1724 574 1809 612 quae

412 628 549 667 leniter
576 628 736 672 dixerat,
767 627 875 665 vobis
903 626 1063 678 probare
1089 626 1256 671 volebat,
1289 639 1352 664 eos
1383 635 1528 672 autem,
1559 627 1627 679 qui
1660 627 1810 665 circum

406 694 604 748 judicium
623 694 784 739 stabant,
804 693 934 731 audire
953 693 1133 738 nolebat;
1157 707 1234 732 non
1254 693 1508 746 intelligebat,
1529 707 1584 739 ea,
1606 708 1691 746 quae
1711 694 1811 732 clare

411 762 568 807 diceret,
600 762 653 801 ita
680 761 769 800 illos
796 761 1009 805 audituros,
1041 760 1182 812 quibus
1211 760 1246 798 se
1274 760 1508 806 venditabat,
1541 770 1583 799 ut
1611 774 1676 799 vos
1708 775 1808 813 quo-

411 842 487 881 que
508 828 703 873 audiretis,
735 827 804 879 qui
823 827 864 864 id
885 840 961 864 non
982 826 1217 879 probabatis.
1250 826 1402 864 Deinde
1430 827 1594 865 alterum
1615 828 1698 879 jam
1723 841 1809 865 ora-

413 895 506 943 toris
541 894 696 939 vitium,
728 907 807 931 non
842 893 982 938 videre,
1015 892 1110 944 quid
1145 906 1308 944 quaeque
1342 893 1451 931 causa
1483 893 1676 946 postulet:
1708 892 1810 932 nihil

413 960 467 998 est
487 960 592 998 enim
614 968 695 998 tam
715 959 885 998 alienum
906 958 953 996 ab
974 972 1018 996 eo
1032 987 1042 1003 ,
1075 958 1143 1011 qui
1163 958 1328 996 alterum
1348 959 1622 1012 conjurationis
1645 960 1811 1003 accuset,

413 1040 532 1080 quam
566 1027 686 1065 videri
720 1027 1008 1078 conjuratorum
1041 1039 1199 1078 poenam
1233 1036 1479 1078 mortemque
1514 1026 1657 1079 lugere.
1691 1026 1811 1078 Qod

413 1107 507 1132 cum
527 1094 559 1131 is
580 1093 758 1132 tribunus
779 1092 900 1145 plebis
920 1091 1027 1136 facit,
1057 1092 1125 1144 qui
1147 1105 1245 1129 unus
1267 1092 1418 1130 videtur
1437 1106 1484 1130 ex
1505 1093 1580 1130 illis
1602 1093 1647 1131 ad
1668 1093 1808 1145 lugen-

415 1159 482 1198 dos
503 1160 722 1211 conjuratos
741 1158 909 1202 relictus,
932 1171 1009 1196 non
1030 1158 1176 1195 mirum
1197 1157 1274 1212 est;
1297 1158 1454 1196 difficile
1475 1159 1527 1196 est
1546 1160 1651 1197 enim
1673 1169 1809 1203 tacere,

418 1239 512 1264 cum
533 1225 684 1264 doleas:
717 1235 768 1270 te,
789 1224 816 1262 fi
838 1224 934 1277 quid
953 1223 1143 1277 ejusmodi
1161 1223 1270 1269 facis,
1294 1237 1370 1262 non
1392 1225 1510 1262 modo
1531 1226 1646 1263 talem
1667 1225 1812 1263 adoles-

414 1300 568 1330 centem
583 1320 594 1336 ,
625 1291 688 1329 sed
708 1291 749 1328 in
770 1304 812 1328 ea
832 1289 964 1336 causa,
996 1291 1035 1328 in
1056 1304 1131 1343 qua
1153 1299 1189 1328 te
1210 1290 1404 1329 vindicem
1424 1291 1697 1343 conjurationis
1719 1291 1811 1328 velis

415 1358 501 1404 effe,
526 1357 774 1396 vehementer
793 1357 974 1395 admiror.
1008 1357 1080 1395 Sed
1101 1355 1337 1410 reprehendo
1359 1367 1488 1395 tamen
1509 1357 1606 1395 illud
1626 1359 1809 1402 maxime,

417 1425 535 1478 quod,
557 1425 628 1463 isto
647 1425 804 1477 ingenio
825 1434 861 1462 et
881 1424 1085 1476 prudentia
1104 1423 1299 1476 praeditus,
1323 1424 1474 1462 causam
1493 1425 1713 1477 reipublicae
1734 1438 1813 1463 non

417 1501 538 1536 teneS,
569 1492 637 1543 qui
666 1492 848 1529 arbitrere
878 1490 985 1542 plebi
1015 1490 1203 1527 Romanae
1234 1502 1291 1526 res
1322 1503 1381 1527 eas
1412 1504 1490 1528 non
1521 1491 1687 1543 probari,
1719 1504 1813 1544 quas

382 1586 385 1590 .
418 1570 482 1595 me
502 1556 657 1595 consule
676 1570 811 1595 omnes
832 1555 926 1594 boni
946 1568 1016 1608 pro
1035 1554 1152 1593 salute
1171 1555 1374 1592 communi
1394 1555 1597 1608 gefferunt.

474 1623 547 1661 XI.
579 1623 758 1675 Ecquem
779 1631 822 1661 tu
840 1621 998 1668 horum,
1016 1622 1085 1674 qui
1104 1621 1253 1666 adsunt,
1272 1621 1414 1673 quibus
1436 1631 1472 1660 te
1492 1633 1624 1661 contra
1643 1623 1814 1675 ipsorum

418 1689 658 1734 voluntatem
680 1688 918 1734 venditabas,
938 1697 1004 1726 aut
1025 1697 1104 1726 tam
1125 1687 1349 1726 sceleratum
1370 1687 1501 1726 statuis
1523 1687 1646 1734 fuiffe,
1667 1698 1711 1727 ut
1730 1688 1813 1728 haec

417 1755 550 1794 omnia
568 1754 689 1808 perire
709 1753 886 1799 voluerit,
917 1763 982 1792 aut
1003 1763 1083 1792 tam
1101 1753 1299 1799 miserum,
1323 1763 1365 1792 ut
1385 1764 1422 1792 et
1447 1754 1480 1792 se
1500 1755 1621 1807 perire
1642 1764 1812 1808 cuperet,

417 1831 456 1862 et
475 1821 576 1860 nihil
597 1820 768 1866 haberet,
800 1820 906 1874 quod
926 1820 1072 1858 salvum
1093 1820 1164 1858 effe
1184 1820 1299 1859 vellet
1318 1821 1330 1858 ?
1363 1822 1428 1858 An
1449 1834 1536 1859 vero
1564 1821 1816 1860 clariffimum

417 1888 545 1926 virum
566 1887 714 1940 generis
739 1886 849 1925 vestri
877 1900 919 1924 ac
947 1887 1118 1924 nominis
1145 1900 1262 1924 nemo
1291 1885 1558 1940 reprehendit,
1589 1888 1657 1940 qui
1687 1887 1815 1925 filium

419 1953 535 1993 suum
551 1953 629 1991 vita
648 1953 834 2005 privavit,
867 1962 910 1990 ut
936 1953 976 1990 in
1005 1953 1148 1991 caeteris
1175 1952 1345 1991 firmaret
1371 1953 1610 2006 imperium:
1644 1963 1686 1992 tu
1711 1967 1814 1991 rem-

421 2019 622 2073 publicam
651 2018 915 2072 reprehendis,
947 2033 1032 2072 quae
1063 2019 1292 2059 domesticos
1323 2018 1474 2065 hostes,
1506 2034 1553 2058 ne
1584 2021 1630 2059 ab
1660 2021 1705 2059 iis
1739 2020 1816 2073 ipsa

420 2095 630 2132 necaretur,
661 2087 809 2124 necavit
831 2086 843 2124 ?

478 2152 613 2203 Itaque
633 2152 785 2190 attende
800 2153 898 2203 jam,
920 2152 1133 2203 Torquate,
1164 2165 1281 2204 quam
1302 2165 1372 2204 ego
1394 2150 1588 2204 defugiam
1610 2151 1813 2189 auetorita-

423 2227 502 2256 tem
525 2216 741 2255 consulatus
763 2219 853 2256 mei.
886 2218 1065 2256 Maxima
1084 2231 1200 2263 voce,
1233 2227 1275 2255 ut
1295 2231 1430 2256 omnes
1451 2217 1629 2255 exaudire
1649 2216 1786 2269 poffint
1802 2246 1812 2261 ‚

423 2284 534 2327 dico,
566 2282 788 2335 semperque
822 2283 977 2322 dicam:
1017 2284 1181 2323 adestote
1214 2296 1349 2322 omnes
1384 2284 1546 2327 animis,
1579 2283 1646 2333 qui
1679 2282 1812 2320 adestis

424 2349 675 2402 corporibus,
706 2362 873 2400 quorum
907 2363 980 2402 ego
1011 2350 1227 2402 frequentia
1257 2363 1487 2402 magnopere
1519 2349 1650 2386 laetor:
1683 2347 1816 2401 erigite

425 2424 572 2454 mentes
595 2414 775 2466 auresque
796 2414 955 2460 vestras,
986 2424 1024 2452 et
1047 2429 1109 2453 me
1129 2417 1174 2453 de
1195 2414 1387 2453 invidiofis
1409 2414 1520 2451 rebus
1536 2442 1545 2457 ‚
1578 2422 1620 2450 ut
1648 2413 1712 2450 ille
1741 2428 1814 2465 pu-

425 2491 492 2527 tat,
525 2480 718 2519 dicentem
739 2479 935 2518 attendite.
969 2480 1055 2532 Ego
1075 2480 1223 2526 consul,
1255 2493 1346 2518 cum
1368 2480 1555 2518 exercitus
1577 2479 1816 2532 perditorum
