2212 2835
708 129 848 171 PRO
909 125 1018 167 CN.
1078 123 1433 166 PLANCIO.
1694 134 1768 173 471

371 249 419 274 ne
445 234 546 274 nihil
572 233 645 273 tibi
664 240 800 286 praeter
826 230 1012 281 lacrymas
1038 239 1179 280 queam
1205 224 1360 262 reddere
1376 252 1388 269 ,
1419 235 1512 276 quas
1541 230 1583 260 tu
1610 220 1650 260 in
1679 220 1775 259 meis

374 302 644 340 acerbitatibus
666 299 851 353 plurimas
873 294 1054 334 effudisti.

432 369 541 421 Qid
575 367 680 405 enim
714 363 865 418 poffum
901 360 1020 404 aliud,
1052 359 1122 397 nisi
1159 356 1351 395 moerere?
1383 355 1452 393 nisi
1487 354 1603 393 flere?
1636 354 1704 392 nifi
1740 362 1777 391 te

374 449 468 474 cum
500 435 618 473 salute
650 445 734 471 mea
765 427 1006 482 complesti?
1038 425 1209 463 Salutem
1242 423 1314 460 tibi
1345 422 1463 459 iidem
1493 422 1579 459 dare
1606 421 1773 474 poffunt,

375 503 445 554 qui
465 500 566 540 mihi
586 499 844 538 reddiderunt.
879 495 972 533 Huc
992 491 1149 543 exsurge
1170 500 1312 533 tamen,
1344 488 1470 540 quaeso
1488 502 1496 526 ε
1530 488 1716 531 retinebo,
1739 497 1777 525 et

375 569 635 621 completstar5
669 578 738 604 nec
771 576 835 602 me
866 560 991 599 solum
1024 558 1309 610 deprecatorem
1335 553 1578 593 fortunarum
1606 563 1775 598 tuarum,

375 635 437 673 sed
473 634 661 672 comitem
692 631 946 681 sociumque,
978 624 1214 679 profitebor:
1248 631 1390 675 atque,
1423 630 1465 660 ut
1500 621 1632 674 spero,
1663 633 1780 658 nemo

375 702 447 739 erit
467 710 546 738 tam
567 697 714 738 crudeli
736 697 882 740 animo,
914 703 1072 745 tamque
1091 689 1323 734 inhumano,
1356 702 1427 727 nec
1448 698 1529 726 tam
1550 689 1775 732 immemor,

377 781 456 806 non
477 767 602 805 dicam
624 777 803 803 meorum
823 763 864 799 in
884 761 1007 799 bonos
1029 758 1257 796 meritorum
1278 785 1289 801 ,
1321 755 1382 793 sed
1408 755 1601 793 bonorum
1622 755 1662 792 in
1684 768 1747 792 me
1764 782 1777 798 ‚

377 834 446 886 qui
468 847 488 870 a
507 845 571 870 me
592 831 669 869 mei
691 828 917 867 servatorem
944 825 1080 878 capitis
1108 822 1264 861 divellat
1290 835 1332 860 ac
1359 820 1552 859 distrahat.
1585 820 1681 859 Non
1707 833 1779 872 ego

378 900 475 939 meis
510 907 691 937 ornatum
726 894 921 934 beneficiis
956 906 977 930 a
1010 892 1120 930 vobis
1155 890 1350 942 deprecor,
1387 888 1559 939 Judices‚
1594 887 1656 926 sed
1690 887 1779 924 cus-

378 966 512 1004 todem
546 964 675 1002 salutis
710 975 831 1000 meae:
876 973 953 997 non
988 957 1128 1010 opibus
1164 955 1384 999 contendo,
1417 967 1495 991 non
1528 953 1780 996 auetoritate,

379 1047 458 1071 non
478 1031 621 1085 gratia,
654 1029 715 1067 sed
736 1027 914 1081 precibus
930 1055 940 1070 ,
972 1024 1034 1063 sed
1054 1022 1235 1074 lacrymis
1251 1051 1262 1066 ‚
1295 1021 1356 1058 sed
1378 1020 1661 1058 misericordia:
1694 1033 1779 1057 me-

378 1111 550 1150 cumque
571 1109 636 1135 vos
658 1094 771 1133 simul
791 1093 856 1131 hic
877 1091 1112 1130 miserrimus
1133 1099 1170 1127 et
1190 1088 1362 1141 optimus
1382 1086 1591 1124 obtestatur
1618 1099 1750 1138 parens
1767 1114 1780 1130 ,

378 1174 417 1202 et
446 1178 516 1217 pro
548 1176 625 1201 uno
656 1161 738 1199 filio
769 1159 846 1198 duo
877 1168 1000 1211 patres
1032 1156 1293 1209 deprecamur.
1326 1152 1477 1197 Nolite,
1510 1152 1681 1203 judices,
1714 1165 1782 1204 per

380 1244 446 1270 vos
461 1260 472 1275 ‚
504 1243 571 1283 per
590 1228 761 1266 fortunas
776 1255 787 1272 ,
819 1239 885 1279 per
904 1224 1044 1262 liberos
1065 1222 1227 1265 vestros,
1257 1219 1428 1257 inimicis
1450 1219 1567 1262 meis,
1599 1216 1659 1255 his
1682 1232 1778 1270 prae-

380 1296 509 1334 sertim
526 1324 536 1340 ‚
569 1307 666 1347 quos
693 1306 765 1345 ego
785 1305 854 1344 pro
874 1290 992 1328 vestra
1012 1287 1128 1325 salute
1149 1285 1293 1337 suscepi
1311 1314 1322 1329 ,
1354 1285 1439 1322 dare
1459 1283 1633 1321 laetitiam
1651 1311 1661 1327 ‚
1693 1283 1781 1335 glo-

379 1362 567 1401 riantibus
588 1374 654 1400 vos
669 1361 754 1412 jam
774 1358 916 1397 oblitos
938 1355 1015 1394 mei
1033 1384 1045 1399 ,
1076 1352 1280 1405 salutisque
1299 1352 1379 1403 ejus
1399 1380 1409 1396 ,
1441 1364 1462 1388 a
1481 1363 1560 1402 quo
1581 1363 1665 1387 mea
1686 1349 1782 1388 salus

381 1429 597 1468 conservata
626 1427 692 1472 est,
725 1424 849 1464 hostes
880 1421 1056 1462 extitiffe.
1089 1419 1227 1458 Nolite
1258 1419 1436 1456 animum
1468 1430 1603 1454 meum
1639 1416 1782 1454 debili—

380 1505 461 1534 tare
481 1505 568 1533 tum
588 1494 696 1531 luftu
713 1520 724 1536 ,
755 1500 844 1528 tum
870 1489 988 1527 etiam
1015 1494 1126 1525 metu
1152 1492 1403 1522 commutatae
1427 1482 1552 1521 vestrae
1573 1481 1782 1521 voluntatis

378 1575 467 1614 erga
500 1573 591 1599 me:
629 1557 739 1597 finite
773 1569 866 1601 me,
898 1553 1004 1607 quod
1038 1551 1146 1591 vobis
1181 1549 1302 1588 fretus
1337 1548 1431 1587 huic
1465 1548 1560 1601 saepe
1593 1548 1779 1601 promifi,

381 1628 422 1666 id
453 1641 474 1665 a
507 1625 616 1664 vobis
648 1624 683 1662 ei
715 1622 937 1676 persolvere.
970 1621 1137 1672 Teque,
1170 1618 1218 1655 C.
1248 1616 1383 1661 Flavi,
1414 1628 1481 1653 oro
1513 1623 1552 1652 et
1585 1615 1783 1659 obtestor,

382 1693 452 1746 qui
471 1704 649 1730 meorum
670 1688 919 1728 consiliorum
940 1687 981 1724 in
1003 1684 1203 1724 consulatu
1224 1682 1346 1721 socius
1366 1710 1377 1727 ,
1409 1679 1671 1734 periculorum
1694 1693 1783 1732 par-

382 1761 531 1813 ticeps,
563 1771 719 1801 rerum,
750 1768 842 1808 quas
877 1754 995 1808 geffi,
1025 1752 1176 1804 adjutor
1209 1749 1344 1795 fuisti,
1376 1761 1517 1800 meque
1552 1761 1632 1785 non
1666 1747 1788 1785 modo

382 1827 530 1866 salvum
551 1825 712 1878 semper,
744 1823 806 1861 sed
833 1822 950 1859 etiam
980 1828 1162 1858 ornatum
1183 1817 1476 1867 florentemque,
1508 1813 1579 1851 effe
1600 1813 1751 1851 voluisti
1770 1831 1782 1858 3

385 1904 430 1932 ut
450 1892 549 1931 mihi
570 1905 636 1944 per
655 1890 726 1929 hos
747 1888 942 1927 conserves
963 1900 1054 1924 eum
1071 1915 1081 1930 ‚
1114 1898 1180 1938 per
1209 1896 1328 1936 quem
1349 1895 1412 1920 me
1440 1881 1513 1919 tibi
1533 1890 1570 1918 et
1600 1879 1661 1918 his
1688 1893 1785 1918 con-

386 1959 574 1998 servatum
604 1957 724 1995 vides.
758 1956 871 1994 Plura
901 1968 948 1992 ne
976 1954 1117 1997 dicam,
1149 1961 1224 1990 tuae
1255 1962 1319 1987 me
1349 1948 1465 1986 etiam
1496 1947 1675 1998 lacrymae
1706 1947 1787 1984 im-

386 2024 547 2078 pediunt
566 2053 576 2068 ,
607 2022 811 2074 vestraeque
830 2050 840 2065 ,
871 2020 1058 2071 Judices,
1089 2031 1168 2055 non
1198 2015 1324 2054 solum
1355 2027 1475 2052 meae:
1509 2012 1651 2065 quibus
1685 2025 1784 2064 ego,

389 2103 531 2142 magno
558 2089 598 2126 in
627 2097 735 2126 metu
766 2100 867 2130 me0,
900 2085 1027 2123 subito
1057 2084 1220 2122 inducor
1248 2082 1288 2119 in
1319 2079 1439 2133 spem,
1470 2092 1536 2116 vos
1567 2077 1718 2114 eosdem
1745 2078 1791 2114 in

385 2155 461 2194 hoc
496 2153 750 2192 conservando
785 2151 963 2195 futuros,
995 2150 1062 2203 qui
1096 2148 1247 2187 fueritis
1282 2147 1322 2184 in
1357 2159 1449 2189 me,
1481 2143 1666 2196 quoniam
1704 2142 1782 2180 istis

389 2222 519 2260 vestris
539 2221 717 2272 lacrymis
739 2219 783 2258 de
804 2219 880 2258 illis
903 2217 1079 2256 recordor
1096 2245 1107 2262 ‚
1139 2227 1231 2268 quas
1255 2225 1322 2266 pro
1343 2225 1406 2250 me
1427 2211 1519 2263 saepe
1545 2218 1582 2247 et
1612 2208 1792 2247 multum

388 2287 625 2343 profudistis.
