2212 2835
654 178 745 216 DE
804 177 998 216 LEGE
1056 177 1414 217 AGRARIA.
1674 191 1748 230 129

350 289 390 320 et
409 279 710 325 vendendarum,
741 289 780 318 et
799 280 1064 325 emendarum,
1095 280 1319 332 potestatem
1340 279 1626 333 permitteretis.
1659 280 1747 324 Sed,

350 347 456 399 quod
489 360 560 399 ego
591 345 768 383 nondum
799 345 920 382 statuo
951 344 1052 382 mihi
1081 343 1153 381 effe
1184 345 1408 389 dicendum,
1445 359 1512 383 vos
1544 354 1672 383 tamen
1709 346 1749 383 id

348 412 502 465 potestis
535 425 626 450 curn
658 410 797 447 animis
831 410 960 448 vestris
993 410 1175 461 cogitare.
1208 411 1347 448 Unum
1378 409 1455 448 hoc
1487 420 1588 449 certe
1619 411 1748 449 videor

350 476 451 516 mihi
470 476 657 514 veriffime
678 474 778 528 poffe
806 475 957 512 dicere:
991 484 1092 519 turn,
1123 488 1217 512 cum
1243 474 1401 513 haberet
1427 475 1509 513 haec
1536 477 1749 529 respublica

349 542 552 588 Luscinos,
585 540 796 586 Calatinos,
827 541 1031 586 Acidinos,
1063 539 1241 579 homines
1273 555 1352 579 non
1383 541 1508 580 solum
1535 540 1748 581 honoribus

348 609 498 663 populi,
529 608 720 661 rebusque
743 607 872 661 gestis,
904 621 1038 646 verum
1064 608 1181 646 etiam
1200 608 1384 661 patientia
1403 609 1652 662 paupertatis,
1684 624 1747 647 or-

347 685 484 721 natos;
515 683 554 714 et
583 684 683 719 tum,
715 688 808 712 cum
839 683 944 712 erant
971 675 1153 719 Catones,
1193 673 1382 727 Philippi,
1420 675 1547 720 Laelii,
1579 689 1749 728 quorum

350 736 978 795 sapientiam'temperantiamque
1003 741 1043 778 in
1069 740 1238 793 publicis
1258 741 1506 794 privatisque,
1538 741 1748 780 forensibus

348 808 654 860 domesticisque,
679 808 791 845 rebus
812 807 1105 860 perspexerati53
1128 816 1258 845 tamen
1275 806 1544 860 hujuscemodi
1560 822 1616 847 res
1637 822 1749 847 com-

348 873 458 913 miffa
476 873 626 912 nemini
646 873 711 918 est,
743 882 787 910 ut
807 873 911 911 idem
933 872 1136 926 judicaret,
1167 882 1206 911 et
1229 873 1421 918 venderet,
1453 883 1491 912 et
1514 872 1589 912 hoc
1610 874 1751 913 faceret

349 954 418 994 per
437 940 753 993 quinquennium
773 948 855 978 toto
875 940 916 977 in
936 940 1028 977 orbe
1048 948 1234 977 terrarum
1251 954 1260 978 ι
1292 939 1475 993 idemque
1495 955 1602 993 agros
1627 942 1749 980 vesli-

349 1006 452 1060 gales
473 1006 612 1059 populi
631 1005 802 1044 Romani
822 1005 1050 1043 abalienaret
1062 1023 1074 1050 ς
1097 1014 1150 1050 et,
1171 1019 1264 1043 cum
1282 1005 1476 1044 summam
1496 1017 1609 1045 tantae
1626 1022 1748 1061 pecu-

349 1073 424 1112 niae
449 1072 560 1111 nullo
585 1071 678 1110 teste
702 1071 772 1109 fibi
797 1071 876 1124 ipse
901 1085 949 1110 ex
974 1071 1038 1109 sua
1060 1071 1257 1110 voluntate
1283 1070 1443 1117 fecisset,
1475 1082 1561 1111 tum
1582 1073 1750 1127 denique

349 1148 508 1184 emeret,
538 1152 560 1177 a
578 1138 720 1191 quibus
742 1136 871 1182 vellet,
903 1137 1009 1189 quod
1029 1137 1233 1176 videretur.
1267 1139 1519 1177 Committite
1539 1153 1604 1178 vos
1628 1154 1748 1186 nunc,

351 1205 541 1257 Qirites,
571 1203 633 1242 his
653 1202 880 1242 hominibus
901 1202 984 1242 haec
1003 1204 1148 1249 omnia,
1178 1217 1274 1256 quos
1296 1204 1445 1243 odorari
1463 1204 1570 1244 hunc
1592 1206 1749 1246 decem-

348 1272 517 1310 viratum
535 1269 809 1324 suspicamini:
841 1269 1051 1323 reperietis,
1082 1278 1233 1322 partem
1259 1269 1329 1308 effe
1354 1283 1504 1316 eorum,
1536 1272 1677 1324 quibus
1703 1273 1751 1311 ad

348 1336 588 1383 habendum,
618 1345 782 1390 partem,
814 1336 956 1390 quibus
992 1336 1037 1375 ad
1067 1336 1391 1382 consumendum,
1424 1337 1525 1376 nihil
1557 1338 1645 1377 satis
1679 1339 1751 1378 effe

349 1404 536 1444 videatur.

403 1473 537 1511 XXV.
569 1472 651 1510 Hic
677 1485 749 1525 ego
769 1471 854 1524 jam
882 1471 995 1517 illud,
1027 1472 1132 1523 quod
1159 1472 1488 1525 expeditissimum
1515 1474 1574 1519 fit,
1606 1487 1655 1512 ne
1674 1473 1751 1512 dis-

350 1546 447 1591 puto
466 1538 641 1590 quidem,
663 1538 851 1589 Qirites,
874 1551 951 1576 non
972 1537 1043 1575 effe
1059 1536 1158 1575 hanc
1175 1539 1284 1576 vobis
1305 1552 1325 1576 a
1343 1539 1555 1590 majoribus
1576 1540 1749 1579 relictam

352 1603 687 1647 consuetudinem,
719 1612 763 1641 ut
793 1613 971 1641 emantur
996 1604 1075 1656 agri
1107 1617 1128 1641 a
1154 1605 1326 1657 privatis,
1358 1619 1436 1657 quo
1456 1605 1563 1658 plebs
1590 1607 1749 1659 publice

350 1669 584 1708 deducatur:
617 1670 801 1708 omnibus
821 1670 987 1721 legibus,
1016 1671 1114 1723 agris
1135 1671 1303 1723 publicis
1325 1672 1490 1724 privatos
1512 1672 1583 1710 effe
1602 1673 1749 1711 deduc-

351 1743 439 1774 tos:
470 1734 741 1788 hujuscemodi
771 1749 836 1773 me
865 1735 1013 1788 aliquid
1035 1737 1081 1774 ab
1101 1735 1177 1774 hoc
1197 1736 1354 1775 horrido
1383 1751 1424 1775 ac
1456 1747 1563 1776 truce
1593 1739 1750 1777 tribuno

349 1801 474 1855 plebis
494 1800 720 1855 expeecaffe:
742 1800 843 1840 hanc
859 1814 948 1840 vero
967 1803 1122 1840 emendi
1139 1812 1177 1841 et
1192 1803 1382 1842 vendendi
1398 1804 1749 1856 quaestuosiffimam

350 1881 394 1907 ac
414 1867 673 1921 turpissimam
693 1876 950 1907 mercaturam
971 1869 1135 1907 alienam
1163 1871 1310 1909 actione
1338 1871 1553 1916 tribunitia,
1585 1871 1749 1909 alienam

349 1934 537 1988 dignitate
556 1935 693 1988 populi
712 1935 899 1980 Romani,
930 1935 1075 1989 semper
1094 1937 1239 1990 putavi.

406 2000 525 2039 Libet
543 2014 652 2054 agros
673 2001 766 2040 emi.
799 2001 978 2040 Primum
1006 2016 1148 2054 quaero,
1180 2017 1277 2055 quos
1306 2005 1447 2056 agros?
1479 2013 1517 2042 et
1545 2005 1686 2057 quibus
1707 2005 1749 2043 in

351 2065 471 2105 locis?
493 2067 585 2106 nolo
601 2067 814 2120 suspensam
834 2077 873 2106 et
892 2067 1079 2107 incertam
1095 2069 1251 2121 plebem
1267 2070 1487 2109 Romanam
1505 2071 1664 2109 obscura
1683 2071 1747 2124 spe

351 2140 390 2170 et
415 2146 514 2171 caeca
537 2133 801 2186 expectatione
829 2134 1006 2187 pendere.
1039 2135 1216 2174 Albanus
1245 2150 1332 2189 ager
1361 2136 1428 2182 est,
1459 2137 1627 2182 SetinuS,
1660 2137 1746 2174 Pri-

352 2210 497 2242 vernas,
527 2198 752 2245 Fundanus,
792 2199 985 2245 Vestinus,
1024 2201 1224 2247 Falernus,
1263 2202 1488 2247 Linternus,
1529 2204 1745 2245 Cumanus,

355 2261 521 2301 Cafinas.
543 2263 689 2303 Audio.
712 2264 778 2303 Ab
793 2264 864 2302 alia
883 2274 1007 2318 porta,
1029 2267 1216 2319 Capenas,
1239 2266 1423 2313 Faliscus,
1446 2267 1620 2310 Sabinus,
1644 2267 1744 2304 Rea-

353 2328 472 2374 tinus,
494 2328 750 2376 Venafranus‚
772 2330 984 2378 Allifanus,
1007 2333 1267 2372 Trebulanus.
1301 2334 1435 2372 Habes
1457 2343 1601 2372 tantam
1624 2346 1742 2385 pecu-

353 2396 473 2441 niam,
504 2408 581 2448 qua
606 2393 720 2435 hosce
749 2410 884 2438 omnes
912 2412 1036 2452 agros,
1066 2408 1105 2438 et
1133 2409 1287 2441 caeteros
1313 2399 1456 2439 horum
1482 2399 1636 2445 smiles,
1666 2412 1744 2438 non

436 2463 509 2501 To
525 2474 578 2501 M.
609 2461 662 2502 V.
1406 2465 1442 2502 R
