2212 2835
635 169 771 209 PRO
830 171 882 209 A.
942 170 1352 209 CLUENTIO.
1645 187 1696 226 49

303 268 486 308 excitavit
511 269 720 323 abjectum,
749 278 788 308 et
807 269 920 308 simul
940 268 1051 308 saluti
1071 269 1264 323 desperare
1284 270 1421 309 vetuit.
1454 270 1698 324 Oppianicus

304 349 408 374 orare
438 335 643 376 hominem
663 336 797 389 coepit,
833 345 877 374 ut
906 335 976 374 fibi
996 336 1185 375 rationem
1213 337 1424 376 ostenderet
1448 338 1590 390 judicii
1609 351 1699 376 cor-

304 403 525 456 rumpendi,

359 469 431 507 Ille
450 477 593 513 autem,
625 467 958 520 quemadmodum
978 481 1025 506 ex
1056 467 1138 520 ipso
1160 467 1382 521 Oppianico
1405 470 1531 523 postea
1559 471 1611 511 est
1630 485 1699 510 au-

304 533 447 580 ditum,
477 534 631 587 negavit
652 548 890 587 quemquam
909 534 981 573 effe
1002 535 1042 572 in
1063 535 1233 579 civitate,
1264 544 1400 588 praeter
1420 535 1469 581 se,
1488 537 1560 588 qui
1580 538 1620 575 id
1640 538 1699 575 ef-

303 598 417 637 ficere
438 599 563 652 poffit.
587 599 661 638 Sed
679 600 809 653 primo
827 600 974 652 gravari
994 601 1128 653 coepit,
1150 600 1255 653 quod
1275 601 1497 640 aedilitatem
1518 601 1554 640 se
1574 611 1702 655 petere

304 679 398 704 cum
432 665 660 705 hominibus
689 666 937 705 nobiliffimis
953 695 965 712 ‚
1010 676 1050 705 et
1081 667 1268 707 invidiam
1302 677 1417 721 atque
1450 667 1702 708 offenfionem

304 732 441 771 timere
462 733 640 772 dicebat:
672 733 756 787 post
774 744 965 779 exoratus,
997 734 1111 774 initio
1130 747 1381 788 permagnam
1401 736 1607 789 pecuniam
1629 750 1701 789 po·-

304 800 427 853 poscit
441 819 453 846 5
485 800 623 841 deinde
642 801 689 839 ad
718 801 758 839 id
777 802 965 854 pervenit,
987 802 1093 855 quod
1113 802 1255 841 confici
1274 803 1418 856 potuit,
1435 812 1474 841 et
1489 802 1704 842 sestertium

305 866 480 906 sexcenta
499 868 751 921 quadraginta
780 868 920 907 deferri
941 869 988 907 ad
1006 869 1043 908 se
1070 869 1235 908 domum
1260 870 1383 923 juffit.
1419 871 1519 922 Qae
1539 871 1704 923 pecunia

305 933 420 973 fimul
441 944 555 988 atque
574 935 621 974 ad
640 949 732 975 eum
752 935 875 975 delata
893 936 961 981 est,
993 935 1116 975 homo
1134 936 1414 990 impuriffimus
1435 937 1564 976 statim
1584 938 1705 990 coepit

306 999 348 1038 in
368 1000 556 1052 ejusmodi
572 1010 701 1041 mente
721 1010 759 1039 et
774 1002 1009 1054 cogitatione
1028 1002 1176 1047 versari,
1190 1002 1290 1040 nihil
1311 1003 1383 1041 esse
1400 1003 1474 1042 suis
1491 1004 1704 1042 rationibus

306 1066 457 1112 utilius,
479 1080 598 1119 quam
617 1067 886 1121 Oppianicum
904 1068 1179 1108 condemnari:
1201 1068 1272 1106 illo
1291 1069 1478 1115 absoluto,
1496 1071 1704 1123 pecuniam

305 1133 417 1173 illam
447 1143 514 1172 aut
540 1134 741 1185 judicibus
773 1133 1073 1187 dispertiendam
1089 1162 1101 1179 ,
1136 1144 1202 1173 aut
1235 1135 1303 1188 ipsi
1337 1135 1409 1174 effe
1443 1136 1674 1176 reddendam
1689 1156 1702 1183 ς

306 1199 502 1246 damnato,
524 1199 779 1252 repetiturum
800 1199 872 1238 effe
903 1200 1118 1239 neminem.
1155 1201 1290 1253 Itaque
1310 1215 1392 1240 rem
1412 1203 1607 1255 excogitat
1626 1203 1706 1242 fin-

305 1265 491 1318 gularem.
527 1267 660 1319 Atque
680 1265 776 1312 haec,
798 1266 970 1318 Judices‚
1003 1280 1089 1319 quae
1110 1280 1194 1305 vere
1214 1268 1398 1306 dicuntur
1417 1281 1438 1306 a
1458 1269 1585 1314 nobis,
1606 1268 1706 1308 faci-

306 1333 381 1371 lius
402 1333 577 1378 credetis,
607 1333 634 1371 fi
655 1347 748 1372 cum
769 1334 907 1372 animis
930 1333 1057 1373 vestris
1078 1333 1197 1387 longo
1217 1334 1419 1374 intervallo
1445 1335 1632 1374 recordari
1655 1337 1703 1375 C.

306 1400 450 1439 Staieni
469 1401 590 1439 vitam
610 1410 648 1439 et
678 1410 854 1440 naturam
875 1400 1072 1440 volueritis
1092 1415 1101 1439 :
1134 1415 1225 1440 narn
1245 1402 1405 1455 perinde
1436 1411 1480 1441 ut
1499 1402 1634 1455 opinio
1653 1403 1707 1442 est

305 1466 354 1505 de
374 1466 559 1520 cujusque
577 1467 767 1513 moribus,
787 1467 855 1514 ita,
877 1467 974 1521 quid
993 1468 1039 1507 ab
1060 1481 1106 1506 eo
1126 1466 1288 1515 factum,
1319 1477 1359 1507 et
1379 1482 1457 1507 non
1478 1468 1624 1508 faetum
1645 1470 1704 1516 fit,

304 1533 515 1572 existimari
534 1534 671 1587 potest.

361 1600 516 1639 XXVI.
549 1602 656 1639 Cum
675 1600 766 1639 effet
785 1614 913 1654 egens,
936 1601 1197 1654 sumptuosus,
1226 1601 1362 1648 audax,
1389 1602 1566 1648 callidus,
1585 1602 1704 1656 perfi-

308 1664 448 1711 diosus,
483 1675 522 1704 et
555 1679 648 1705 curn
682 1667 790 1706 domi
825 1668 910 1713 suae,
946 1667 1182 1706 miserrimus
1203 1677 1242 1707 et
1264 1668 1518 1715 inaniffimus,
1550 1679 1706 1708 tantum

307 1745 564 1771 nummorum
595 1734 763 1787 pofitum
792 1735 938 1773 videret
953 1753 965 1780 ς
997 1734 1044 1773 ad
1064 1748 1223 1773 omnem
1251 1736 1442 1775 malitiam
1469 1745 1507 1774 et
1528 1735 1705 1775 fraudem

306 1799 449 1838 versare
460 1808 633 1838 mentem
650 1800 755 1839 suam
772 1801 916 1854 coepit:
941 1802 1097 1840 Demne
1110 1802 1311 1855 judicibus
1329 1803 1341 1840 ?
1364 1802 1465 1841 mihi
1481 1803 1601 1856 igitur
1619 1803 1704 1856 ipfi,

306 1874 442 1918 praeter
456 1866 676 1919 periculum
692 1875 729 1905 et
745 1866 963 1913 infamiam,
981 1868 1077 1921 quid
1092 1878 1283 1921 quaeretur
1301 1869 1314 1906 ?
1337 1868 1454 1907 Nihil
1470 1869 1705 1923 excogitem,

307 1934 564 1984 quamobrem
591 1934 811 1987 Oppianico
839 1935 1012 1974 damnari
1031 1935 1174 1974 necess‘e
1194 1935 1237 1974 s1t
1254 1936 1268 1974 ?
1295 1936 1364 1989 qui
1385 1936 1541 1975 tandem
1559 1937 1572 1974 ?
1605 1935 1706 1974 nihil

307 1999 413 2038 enim
433 1999 498 2045 est,
526 2001 631 2053 quod
651 2000 732 2039 fieri
753 2015 830 2040 non
852 2001 977 2055 posfit.
1010 2002 1048 2040 Si
1068 2003 1156 2055 quis
1177 2016 1266 2040 eum
1288 2002 1387 2041 forte
1408 2003 1511 2041 casus
1532 2016 1579 2041 ex
1600 2003 1704 2056 peri-

305 2064 398 2103 culo
417 2066 614 2119 eripuerit,
635 2080 763 2105 nonne
783 2068 1023 2106 reddendum
1044 2068 1096 2106 est
1114 2068 1127 2105 ?
1159 2068 1464 2121 praecipitantem
1485 2069 1605 2121 igitur
1625 2068 1704 2106 im-

308 2131 511 2183 pellamus,
528 2133 672 2186 inquit‚
686 2143 723 2172 et
735 2135 930 2187 perditum
948 2135 1245 2188 prosternamus.
1265 2136 1381 2188 Capit
1395 2134 1472 2174 hoc
1484 2135 1703 2180 confilium,

310 2206 354 2235 ut
372 2201 577 2250 pecuniam
598 2201 829 2253 quibusdam
856 2202 1056 2255 judicibus
1076 2202 1270 2241 leviffimis
1291 2202 1533 2255 polliceatur,
1567 2202 1705 2240 deinde

308 2278 392 2302 eam
414 2266 537 2318 postea
556 2268 768 2321 supprimat
783 2288 795 2315 3
828 2278 886 2315 ut,
918 2270 1103 2322 quoniam
1129 2283 1258 2322 graves
1279 2268 1458 2308 homines
1479 2270 1543 2307 sua
1573 2269 1705 2320 sponte

310 2331 684 2384 severejudicaturos
706 2336 879 2388 putabat,
914 2336 1001 2382 hos,
1034 2338 1102 2389 qui
1133 2337 1292 2375 leviores
1312 2346 1431 2382 erant,
1459 2335 1705 2374 destitutione

293 2398 423 2452 viratos
456 2399 676 2452 Oppianico
710 2403 897 2442 redderet.
930 2404 1078 2456 Itaque,
1112 2413 1153 2441 ut
1180 2413 1259 2440 erat
1286 2403 1433 2455 semper
1459 2401 1704 2455 praeposterus

307 2473 424 2518 atque
444 2465 652 2518 perversus,
685 2467 845 2508 initium
876 2469 970 2509 facit
997 2484 1017 2508 a
1038 2470 1193 2514 Bulbo;
1226 2479 1263 2507 et
1283 2482 1389 2512 eum,
1424 2468 1529 2521 quod
1553 2468 1705 2520 jamdiu

390 2532 458 2571 To
471 2544 522 2571 M.
545 2533 596 2572 V.
1362 2534 1401 2571 G
