2212 2835
821 163 960 203 PRO
1019 163 1065 201 P.
1124 160 1372 200 SYLLA.
1729 175 1808 217 303

464 263 579 302 XXI.
611 263 700 314 Jam
720 275 823 307 vero,
854 261 960 315 quod
980 260 1149 313 subjicit,
1181 259 1438 313 Pompeianos
1465 257 1537 298 effe
1564 273 1585 298 a
1605 259 1709 313 Sylla
1728 261 1807 300 im-

409 330 554 384 pulsos,
585 339 628 368 ut
648 329 694 368 ad
714 329 824 368 istam
844 329 1168 381 conjurationem,
1199 336 1237 364 et
1257 327 1303 364 ad
1323 325 1399 365 hoc
1426 326 1619 365 nefarium
1645 326 1810 374 facinus,

410 397 662 442 accederent3
694 396 735 434 id
754 394 973 448 cujusmodi
994 394 1065 438 sit,
1096 392 1312 445 intelligere
1339 406 1418 431 non
1447 392 1613 445 possum.
1645 396 1710 432 An
1737 395 1811 433 tibi

412 463 640 517 Pompeiani
671 461 881 514 conjurasse
911 460 1124 499 videntur?
1155 460 1243 511 quis
1275 458 1352 497 hoc
1384 472 1558 511 unquam
1585 460 1716 499 dixit?
1747 471 1813 500 aut

410 543 496 582 quae
515 528 592 566 fuit
612 528 719 567 istius
741 528 794 566 rei
814 527 875 566 vel
896 527 1062 565 minima
1080 525 1245 578 suspicio
1263 525 1276 562 ?
1309 525 1536 577 Disjunxit,
1567 526 1716 578 inquit,
1747 540 1811 565 eos

409 609 430 634 a
448 595 596 634 colonis
610 624 622 641 ,
654 603 722 640 ut,
754 593 829 632 hoc
851 593 1001 631 diffidio
1020 606 1063 631 ac
1083 592 1307 631 diffenfione
1324 590 1422 630 faeta
1436 621 1447 637 ‚
1478 592 1669 645 oppidum
1690 593 1730 630 in
1750 593 1812 631 sua

408 661 591 715 potestate
611 660 750 714 poffet,
781 669 820 698 et
842 660 1118 713 Pompeianos,
1149 657 1303 697 habere.
1337 659 1517 697 Primum
1537 660 1666 698 omnis
1688 660 1812 699 Pom-

407 728 635 780 peianorum
655 727 964 780 colonorumque
990 725 1161 764 diffenfio
1183 725 1305 763 delata
1333 725 1379 762 ad
1405 735 1584 778 patronos
1607 725 1659 764 est
1674 755 1685 771 ,
1716 740 1811 765 cum

403 794 488 847 jam
508 794 770 839 inveterasset,
802 807 844 832 ac
871 793 1017 832 multos
1043 806 1162 831 annos
1187 791 1276 830 effet
1301 793 1516 844 exagitata:
1551 792 1688 830 deinde
1714 793 1767 831 ita
1792 806 1814 831 a

410 861 581 913 patronis
603 874 658 898 res
683 861 840 913 cognita
865 860 918 898 est
935 889 946 905 ,
978 868 1021 898 ut
1048 859 1155 898 nulla
1181 859 1222 897 in
1249 872 1288 896 re
1314 872 1335 896 a
1362 868 1587 897 caeterorum
1614 859 1813 898 sententiis

411 927 514 978 Sylla
533 926 741 965 dissenserit
759 942 768 965 2
800 926 992 980 postremo
1012 926 1140 964 coloni
1161 925 1231 979 ips1
1252 925 1301 964 fic
1322 925 1563 978 intelligunt,
1590 940 1667 965 non
1688 927 1810 965 Pom-

413 994 566 1046 peianos
587 1007 608 1031 a
628 994 730 1046 Sylla
750 994 887 1046 magiS,
918 1007 1036 1046 quam
1057 992 1143 1038 sese,
1174 992 1246 1031 effe
1266 991 1453 1031 defensos.

466 1061 600 1112 Atque
620 1058 721 1105 hoc,
753 1060 909 1111 Judices
925 1088 935 1104 ,
967 1073 1013 1097 ex
1041 1058 1113 1097 hac
1139 1058 1356 1110 frequentia
1382 1059 1612 1097 colonorum
1628 1088 1638 1104 ,
1670 1058 1813 1097 hones-

411 1126 642 1165 tiffimorum
664 1126 887 1171 hominum,
909 1126 1123 1178 intelligere
1143 1125 1326 1178 potestis;
1359 1125 1428 1177 qui
1449 1126 1598 1170 adsunt,
1624 1126 1813 1172 laborant,

412 1191 519 1231 hunc
549 1202 786 1245 patronum,
818 1191 1086 1238 defensorem,
1119 1191 1317 1230 custodem
1354 1191 1459 1230 illius
1492 1192 1678 1237 coloniae,
1710 1193 1736 1230 fi
1770 1193 1812 1230 in

411 1259 521 1297 omni
540 1258 695 1297 fortuna
715 1268 829 1312 atque
849 1259 958 1297 omni
978 1257 1125 1297 honore
1147 1258 1390 1296 incolumem
1410 1257 1550 1296 habere
1572 1273 1649 1296 non
1670 1268 1812 1311 potue-

412 1335 516 1371 runt,
547 1327 586 1364 in
608 1325 683 1365 hoc
705 1335 834 1364 tamen
855 1325 955 1370 casu,
987 1340 1066 1378 quo
1086 1325 1249 1364 afflictus
1265 1326 1382 1377 jacet,
1405 1339 1472 1378 per
1492 1339 1556 1364 vos
1580 1326 1694 1363 tutari
1715 1328 1811 1364 con—

412 1390 630 1444 servareque
651 1393 831 1445 cupiunt.
865 1391 1016 1430 Adsunt
1037 1392 1117 1444 pari
1138 1391 1263 1429 studio
1282 1392 1534 1444 Pompeiani,
1566 1392 1635 1444 qui
1661 1392 1707 1429 ab
1736 1391 1813 1429 illis

411 1458 526 1497 etiam
548 1459 588 1496 in
609 1459 758 1497 crimen
780 1467 964 1497 vocantur
982 1473 990 1495 ε
1024 1458 1093 1509 qui
1113 1458 1166 1494 ita
1186 1457 1232 1494 de
1251 1457 1513 1496 ambulatione
1539 1467 1577 1496 et
1604 1458 1650 1496 de
1678 1457 1812 1496 suffra-

412 1525 485 1577 giis
507 1525 581 1563 suis
602 1539 695 1564 cum
718 1526 867 1564 colonis
897 1523 1158 1568 dissenserunt,
1191 1533 1234 1561 ut
1258 1523 1362 1561 idem
1391 1523 1436 1561 de
1464 1525 1668 1562 communi
1696 1525 1814 1564 salute

412 1590 607 1629 sentirent.
646 1593 701 1629 At
734 1605 781 1629 ne
815 1590 897 1629 haec
932 1590 1091 1642 quidem
1126 1591 1171 1628 P.
1205 1589 1317 1641 Syllae
1353 1588 1454 1627 mihi
1483 1590 1635 1628 videtur
1663 1591 1814 1629 filentio

412 1658 673 1710 praetereunda
692 1657 763 1695 effe
784 1658 925 1702 virtus,
957 1657 1061 1710 quod
1076 1686 1087 1701 ,
1118 1670 1210 1695 cum
1230 1656 1276 1694 ab
1297 1654 1373 1693 hoc
1394 1656 1460 1694 illa
1479 1656 1631 1694 colonia
1651 1657 1812 1694 deducta

414 1723 484 1769 fit,
520 1733 558 1762 et
591 1738 682 1762 cum
720 1725 928 1762 commoda
961 1724 1192 1762 colonorum
1227 1736 1247 1760 a
1281 1721 1446 1761 fortunis
1484 1723 1813 1775 Pompeianorum

413 1791 634 1844 reipublicae
654 1790 809 1830 fortuna
829 1791 1052 1843 dijunxerst,
1071 1792 1123 1829 ita
1143 1804 1251 1829 carus
1273 1790 1443 1842 utrisque
1463 1790 1515 1827 est
1534 1799 1648 1842 atque
1662 1792 1811 1842 jucun·

411 1857 496 1904 dus,
515 1867 558 1895 ut
577 1871 655 1896 non
676 1858 812 1896 alteros
833 1858 1052 1902 demovisse,
1071 1858 1131 1896 sed
1153 1857 1332 1909 utrosque
1353 1855 1599 1901 constituiffe,
1624 1857 1808 1895 videatur.

468 1925 602 1962 XXII.
635 1926 691 1962 At
710 1926 816 1963 enim
837 1935 875 1963 et
895 1925 1121 1977 gladiatores
1140 1954 1150 1969 ,
1181 1933 1218 1961 et
1239 1924 1366 1961 omnis
1396 1923 1462 1961 ista
1487 1924 1541 1961 vis
1560 1952 1570 1967 ,
1603 1924 1810 1976 rogationis

413 1990 580 2029 Caeciliae
600 1991 707 2028 causa
728 1992 1062 2044 comparabantur.
1095 1994 1228 2043 Atque
1247 1989 1322 2029 hoc
1344 1989 1431 2028 loco
1455 1991 1494 2027 in
1516 1991 1564 2028 L.
1590 1990 1809 2034 Caecilium,

413 2057 731 2110 pudentissimum
754 2068 868 2111 atque
888 2059 1167 2097 ornatiffimum
1187 2059 1315 2096 virum
1331 2087 1340 2102 ‚
1373 2056 1619 2095 vehementer
1640 2058 1809 2095 invectus

413 2124 464 2163 est
484 2139 492 2161 :
525 2125 633 2176 cujus
654 2139 726 2178 ego
747 2127 792 2163 de
814 2126 954 2164 virtute
974 2136 1011 2164 et
1030 2125 1264 2170 constantia,
1295 2125 1452 2176 Judices
1468 2154 1478 2168 ‚
1509 2134 1662 2162 tantum
1692 2124 1806 2167 dico;

413 2190 531 2229 talem
552 2189 656 2228 hunc
678 2193 717 2229 in
746 2192 812 2230 ista
834 2193 1054 2245 rogatione,
1086 2206 1204 2244 quam
1235 2191 1518 2243 promulgavit,
1552 2203 1628 2227 non
1657 2190 1702 2226 de
1729 2189 1805 2226 tol-

414 2257 539 2302 lenda,
566 2257 627 2294 sed
648 2258 693 2295 de
714 2258 882 2304 levanda,
906 2259 1121 2297 calamitate
1139 2258 1264 2296 fratris
1286 2258 1354 2302 sui,
1378 2256 1500 2301 fuiffe,
1524 2265 1566 2294 ut
1585 2256 1806 2293 consultum

413 2323 484 2361 effe
519 2323 681 2361 voluerit
716 2321 846 2368 fratri,
879 2334 1007 2362 tamen
1043 2338 1135 2362 cum
1173 2323 1368 2376 republica
1403 2334 1573 2374 pugnare
1608 2320 1775 2358 noluerit
1795 2336 1803 2360 :

413 2389 668 2442 promulgarit
688 2389 877 2443 impulsus
897 2403 1024 2428 amore
1044 2388 1223 2434 fraterno,
1243 2388 1426 2427 destiterit
1443 2386 1566 2423 fratris
1587 2387 1808 2424 auctoritate

413 2456 612 2494 deductus,
