2212 2835
656 230 797 270 PRO
857 229 906 269 c,
966 229 1307 270 RABIRIO.
1626 245 1700 287 157

295 343 450 389 propter
470 334 557 373 vitae
576 334 862 387 turpitudinem
885 332 1217 386 confugientibus,
1249 335 1510 388 congregare?
1541 349 1589 374 an
1609 351 1703 376 cum

297 402 442 448 Mario,
475 404 628 446 Scauro,
661 400 816 445 Catule,
848 400 1029 445 Metello,
1062 401 1243 446 Scaevola,
1275 416 1368 440 cum
1397 404 1508 441 bonis
1533 405 1702 457 denique

295 470 495 514 omnibus,
527 469 629 507 coire
649 481 728 506 non
748 467 867 506 modo
886 467 1031 512 salutis,
1062 481 1197 505 verum
1225 468 1342 506 etiam
1369 470 1546 522 periculi,
1580 471 1699 510 socie-

295 537 445 575 moem?
531 534 535 537 ’

349 603 464 641 VIII.
497 600 765 654 Tu'denique‚
797 601 983 646 Labiene,
1016 601 1112 654 quid
1133 600 1273 640 faceres
1297 602 1362 640 tali
1384 601 1424 640 in
1448 617 1500 649 re,
1532 618 1574 642 ac
1596 614 1699 644 tem-

292 669 411 723 pore?
443 671 548 708 Cum
567 669 728 722 ignaviae
749 668 845 707 ratio
865 678 902 706 te
922 669 963 706 in
983 667 1117 722 fugam
1139 678 1254 721 atque
1274 669 1314 707 in
1335 669 1494 709 latebras
1516 672 1696 725 impelle-

293 746 376 781 ret3
410 737 638 790 improbitas
658 745 696 774 et
716 735 824 774 furor
845 737 894 773 L.
918 736 1115 774 Saturnini
1142 737 1182 774 in
1211 737 1454 789 Capitolium
1477 739 1695 786 arcefferet3

294 802 480 840 Consules
501 803 547 840 ad
568 802 699 855 patriae
726 801 886 839 salutem
914 814 958 839 ac
985 801 1204 840 libertatem
1232 813 1436 842 vocarent:
1470 818 1587 857 quam
1610 815 1697 844 tan-

292 867 383 906 dem
403 869 684 913 auctoritatem,
717 881 833 920 quam
855 881 1005 912 vocem,
1037 869 1147 921 cujus
1169 868 1307 908 sed'tam
1328 870 1449 922 sequi,
1481 872 1591 924 cujus
1616 872 1696 910 im-

291 935 399 987 perio
433 949 575 987 parere,
607 934 849 988 potiffimum
883 934 1032 972 velles?
1070 936 1247 981 Patruus,
1280 937 1422 989 inquit,
1457 951 1566 976 meus
1603 953 1697 977 cum

292 1002 498 1040 Saturnino
517 1001 608 1040 fuit.
642 1002 751 1054 Qid
772 1002 784 1039 ?
816 1011 922 1055 pater
941 1002 1136 1055 quicum?
1167 1004 1262 1055 quid
1283 1004 1295 1041 ?
1328 1005 1540 1058 propinqui
1570 1007 1694 1051 vestri,

290 1069 440 1121 equites
462 1070 633 1107 Romani
652 1070 665 1106 ?
697 1069 820 1121 quid?
852 1069 981 1106 omnis
1000 1068 1237 1122 praefestura,
1269 1071 1388 1123 regio,
1411 1071 1588 1110 vicinitas
1611 1073 1694 1110 ves-

291 1136 376 1174 tra?
402 1136 524 1189 quid?
548 1150 636 1188 ager
656 1136 822 1174 Picenus
844 1135 1054 1180 universus,
1078 1145 1211 1174 utrum
1234 1137 1485 1176 tribunitium
1507 1138 1693 1186 furorem,

291 1215 338 1240 an
360 1203 600 1240 consularem
621 1202 901 1247 auctoritatem,
934 1202 1084 1240 secutus
1105 1202 1158 1240 est
1177 1202 1190 1239 ?

346 1269 545 1321 Equidem
566 1267 642 1308 hoc
663 1268 828 1314 affirmo,
861 1269 966 1322 quod
988 1278 1030 1308 tu
1051 1283 1155 1308 nunc
1177 1269 1223 1307 de
1244 1279 1311 1308 tuo
1330 1278 1469 1323 patruo
1496 1273 1692 1325 praedicas,

288 1336 490 1374 neminem
511 1349 684 1388 unquam
705 1334 831 1374 adhuc
852 1336 898 1374 de
919 1335 993 1374 sese
1013 1335 1086 1374 effe
1106 1335 1335 1375 confeffum.
1370 1338 1505 1377 Nemo
1531 1338 1597 1385 est,
1629 1340 1694 1378 in·-

289 1415 424 1454 quam,
445 1403 625 1441 inventus
647 1412 725 1441 tam
746 1402 985 1456 profligatus,
1008 1412 1088 1441 tam
1108 1403 1295 1456 perditus,
1319 1413 1398 1442 tam
1420 1404 1466 1442 ab
1483 1407 1592 1444 omni
1613 1420 1693 1445 non

290 1468 410 1507 modo
429 1467 640 1515 honestate,
662 1470 725 1508 sed
740 1470 858 1507 etiam
874 1469 1118 1508 fimulatione
1133 1469 1357 1516 honestatis,
1379 1471 1548 1518 relictus,
1570 1475 1638 1526 qui
1659 1474 1694 1512 se

288 1533 331 1571 in
353 1535 550 1586 Capitolio
576 1535 687 1573 fuiffe
712 1549 804 1573 cum
833 1537 1039 1573 Saturnino
1065 1534 1260 1574 fateretur.
1293 1539 1349 1575 At
1374 1537 1452 1576 fuit
1478 1539 1596 1577 vester
1622 1555 1692 1593 pa-

287 1599 411 1639 truus.
434 1602 466 1639 F
471 1602 568 1639 uerit
576 1620 588 1646 5
610 1611 649 1639 et
668 1602 798 1646 fuerit,
825 1601 932 1640 nulla
952 1601 1213 1655 desperati0ne
1233 1616 1362 1641 rerum
1384 1603 1551 1651 suarum,
1572 1607 1692 1646 nullis

289 1667 511 1706 domesticis
545 1667 783 1713 vulneribus,
819 1669 1002 1707 coaetus:
1043 1668 1240 1707 induxerit
1278 1683 1370 1708 eum
1406 1671 1455 1709 L.
1497 1674 1692 1712 Saturnini

287 1731 540 1779 familiaritas,
563 1743 606 1772 ut
625 1734 840 1773 amicitiam
861 1735 992 1788 patriae
1011 1744 1262 1788 praeponeret.
1296 1737 1497 1776 Idcircone
1517 1741 1692 1792 oportuit

285 1800 333 1838 C.
357 1800 564 1838 Rabirium
584 1800 787 1839 desciscere
807 1815 828 1839 a
847 1802 1045 1855 republica
1074 1801 1087 1838 ?
1119 1816 1198 1840 non
1225 1816 1446 1856 comparere
1472 1805 1512 1842 in
1539 1806 1605 1844 illa
1628 1821 1690 1844 ar-

288 1875 391 1904 mata
412 1866 666 1905 multitudine
686 1867 878 1906 bonorum
898 1868 911 1904 ?
944 1868 1161 1906 Consulum
1183 1870 1268 1907 voci
1289 1878 1404 1922 atque
1425 1871 1590 1924 imperio
1610 1887 1690 1911 non

286 1932 474 1970 obedire?
505 1934 630 1986 Atqui
657 1934 848 1980 videmus,
884 1934 967 1973 haec
994 1936 1035 1973 in
1062 1949 1191 1974 rerum
1218 1946 1352 1974 natura
1378 1937 1450 1975 tria
1475 1937 1612 1978 fuiffe:
1646 1950 1690 1979 ut

286 1997 352 2036 aut
383 2012 474 2037 cum
508 2000 712 2038 Saturnino
744 2001 846 2046 esset,
877 2011 942 2039 aut
972 2016 1064 2040 cum
1097 2002 1224 2047 bonis,
1255 2013 1321 2040 aut
1353 2003 1497 2043 lateret.
1536 2005 1687 2052 Latere,

286 2067 422 2104 mortis
457 2076 534 2104 erat
568 2067 682 2105 instar
717 2069 970 2121 turpiffimae:
1003 2083 1095 2107 cum
1125 2070 1331 2107 Saturnino
1363 2070 1446 2116 effe,
1478 2070 1619 2111 furoris
1650 2083 1688 2112 et

286 2131 463 2171 sceleris:
496 2134 631 2179 virtus,
655 2144 693 2172 et
713 2134 903 2181 honestas,
934 2145 971 2173 et
992 2136 1130 2188 pudor,
1153 2150 1247 2174 cum
1268 2138 1503 2176 Consulibus
1525 2139 1594 2177 effe
1619 2154 1686 2178 co-

285 2198 412 2250 gebat.
446 2200 536 2237 Hoc
565 2210 607 2237 tu
636 2201 755 2253 igitur
782 2203 820 2240 in
849 2203 998 2240 crimen
1026 2216 1152 2247 vocas,
1185 2204 1289 2254 quod
1316 2216 1408 2240 cum
1430 2205 1476 2242 iis
1498 2204 1614 2242 fuerit
1636 2207 1683 2243 C.

286 2265 483 2309 Rabirius,
515 2279 627 2317 quos,
659 2268 938 2307 amentiflimus
970 2267 1111 2314 fuiffet,
1144 2269 1169 2306 fi
1202 2269 1479 2322 oppugnaffet5
1514 2270 1684 2323 turpiffi-

287 2345 389 2375 mus,
423 2332 446 2369 si
469 2331 707 2383 reliquiffet?

341 2400 413 2436 IX.
448 2401 502 2436 At
535 2399 583 2436 C.
619 2399 828 2443 Decianus,
860 2401 907 2438 de
939 2415 1017 2453 quo
1049 2410 1091 2439 tu
1124 2402 1227 2454 saepe'
1249 2414 1545 2446 commemoraS,
1578 2402 1681 2453 quia,

282 2479 375 2502 cum
391 2463 594 2502 hominem
613 2466 795 2502 omnibus
812 2466 1000 2518 insignem
1017 2467 1118 2504 notis
1141 2466 1408 2519 turpitudinis,
1432 2467 1475 2503 P.
1500 2468 1681 2513 Furium,

283 2532 474 2570 accusaret
505 2532 658 2570 summo
688 2532 813 2570 studio
844 2532 1037 2571 bonorum
1063 2533 1258 2577 omnium,
1291 2533 1397 2584 queri
1423 2532 1476 2570 est
1501 2534 1610 2572 ausus
1642 2536 1683 2573 in
