2212 2835
338 158 391 195 24
766 148 1179 193 ORATIO,
1237 150 1312 187 ἃς.

335 243 517 295 potestate
548 244 733 296 praetoria,
762 244 952 296 quidquid
981 246 1217 290 auCtoritate,
1252 245 1340 291 fide,
1377 247 1598 292 constantia,
1634 249 1721 301 pos-

337 309 445 353 sum3
477 309 516 347 id
537 322 664 353 omne,
697 309 742 346 ad
762 308 861 347 hanc
881 323 964 348 rem
984 310 1278 356 conficiendam,
1311 311 1385 349 tibi
1410 321 1447 350 et
1473 312 1618 365 populo
1637 314 1720 352 Ro-

336 387 451 412 mano
471 374 654 426 polliceor
673 388 715 412 ac
735 373 879 414 defero.
911 375 1125 428 Testorque
1144 390 1278 415 omnes
1307 378 1426 422 Deos,
1454 387 1492 416 et
1511 391 1575 416 eos
1595 379 1721 417 maxi-

336 453 412 484 me,
445 441 514 492 qui
533 439 626 478 huic
657 440 743 478 loco
774 442 998 494 temploque
1018 443 1228 495 praefident,
1262 444 1330 496 qui
1360 445 1539 483 omniurn
1572 454 1719 484 mentes

335 519 483 550 eorum,
516 506 584 558 qui
614 506 660 543 ad
690 507 972 559 rempublicam
1003 508 1157 554 adeunt,
1180 510 1348 547 maxime
1378 510 1626 563 perspiciunt,
1660 524 1722 549 me

335 571 411 609 hoc
442 584 566 623 neque
597 580 731 624 rogatu
756 571 879 610 facere
908 573 1149 626 cujusquam,
1185 589 1309 627 neque
1339 589 1417 628 quo
1439 577 1515 615 Cn.
1544 576 1721 629 Pompeii

335 637 497 689 gratiam
519 635 619 675 mihi
635 650 702 689 per
716 636 815 676 hanc
835 638 984 677 causam
1004 640 1201 678 conciliari
1216 649 1366 693 putem,
1383 654 1508 694 neque
1523 655 1601 694 quo
1623 640 1722 680 mihi

336 716 384 740 ex
404 701 629 754 cujusquam
649 703 906 756 amplitudine
924 713 989 742 aut
1007 705 1175 758 praefidia
1193 707 1387 759 periculis,
1418 716 1483 745 aut
1502 707 1723 759 adjumenta

335 766 562 812 honoribus,
577 781 744 820 quaeram
759 783 769 807 ε
791 778 987 822 propterea
1006 771 1111 822 quod
1128 772 1297 824 pericula
1311 771 1437 817 facile,
1455 781 1498 811 ut
1517 772 1721 811 hominem

335 833 504 884 praestare
523 841 687 885 oportet,
709 834 928 872 innocentia
948 836 1039 873 testi
1058 836 1246 888 pellemus
1263 856 1275 882 5
1297 836 1486 876 honorem
1505 847 1635 876 autem
1651 851 1719 875 ne-

337 911 411 949 que
431 898 478 936 ab
499 911 590 942 uno,
611 911 737 950 neque
757 913 802 938 ex
823 899 898 938 hoc
916 900 1018 945 loco,
1045 900 1107 939 sed
1126 902 1258 940 eadem
1278 903 1402 940 nostra
1422 903 1488 941 illa
1507 903 1718 942 laboriofis-

336 962 428 999 slma
445 963 589 1000 ratione
607 963 707 1007 vitae,
728 964 754 1001 fi
775 964 891 1002 vestra
909 965 1084 1002 voluntas
1102 965 1211 1010 feret,
1233 967 1526 1018 consequemur.

378 1028 659 1077 Qamobrem,
680 1028 872 1079 quidquid
891 1029 931 1066 in
950 1027 1022 1066 hac
1042 1029 1150 1067 causa
1168 1029 1269 1067 mihi
1289 1030 1506 1084 susceptum
1526 1031 1591 1077 est,
1614 1032 1719 1084 Qi-

335 1092 439 1136 rites‚
472 1092 512 1130 id
542 1105 658 1130 omne
689 1106 752 1130 me
786 1093 1008 1145 reipublicae
1038 1095 1146 1132 causa
1164 1094 1357 1147 suscepisse
1387 1097 1599 1137 confirmo:
1632 1107 1719 1137 tan-

336 1167 500 1209 tumque
519 1157 634 1202 abest,
666 1166 710 1195 ut
729 1158 899 1209 aliquam
931 1158 1073 1197 bonam
1092 1161 1255 1212 gratiam
1275 1160 1376 1199 mihi
1396 1163 1558 1214 quaefiss‘e
1579 1165 1718 1210 videar,

335 1234 379 1262 ut
398 1223 539 1261 multas
558 1223 673 1261 etiam
695 1222 920 1268 fimultates,
938 1225 1081 1277 partIm
1100 1225 1274 1265 obscuras
1302 1228 1444 1280 partim
1464 1239 1623 1282 apertas,
1655 1232 1719 1270 in-

337 1290 523 1342 telligam,
558 1288 659 1327 mihi
690 1303 768 1327 non
799 1290 1027 1336 necessarias,
1059 1292 1166 1330 vobis
1197 1307 1275 1331 non
1305 1294 1475 1340 inutiles,
1508 1296 1715 1351 suscepiffe.

337 1355 409 1393 Sed
429 1368 500 1407 ego
520 1368 582 1392 me
598 1354 673 1392 hoc
693 1354 838 1393 honore
856 1356 1076 1409 praeditum,
1101 1359 1215 1396 tantis
1235 1359 1363 1398 vestris
1384 1361 1580 1400 beneficiis
1601 1362 1718 1402 affec-

336 1429 436 1465 tum,
458 1420 581 1465 statui,
603 1421 790 1472 QiriteS,
822 1421 980 1460 vestram
999 1423 1252 1470 voluntatem,
1284 1434 1321 1464 et
1341 1428 1562 1480 reipublicae
1588 1429 1719 1483 digni-

335 1495 468 1531 tatem,
497 1494 535 1524 et
554 1486 713 1525 salutem
731 1487 1016 1539 provinciarum
1046 1498 1159 1542 atque
1179 1490 1384 1540 sociorum,
1417 1494 1514 1533 meis
1533 1497 1717 1536 omnibus

336 1552 553 1593 commodis
573 1560 610 1592 et
628 1552 837 1592 rationibus
854 1553 1029 1606 praeferre
1047 1565 1232 1609 oportere.
