2212 2835
520 150 597 198 264
1026 142 1427 181 ORATIO

517 246 678 288 foenore,
720 243 857 281 fiducia
897 250 1024 279 tamen
1062 249 1228 292 accepta,
1272 238 1532 290 occupavisti:
1582 237 1679 276 hanc
1718 237 1898 276 fiduciam

518 311 757 350 commissam
790 310 861 347 tibi
891 309 1013 353 dicis;
1047 317 1150 345 tenes
1182 306 1311 350 hodie,
1342 319 1384 343 ac
1415 305 1588 358 poffides.
1621 306 1724 342 Eum
1756 314 1798 342 tu
1825 304 1898 342 tes-

520 388 600 416 tem
632 378 693 430 spe
724 376 969 428 recuperandi
999 374 1112 415 fundi
1142 373 1286 426 paterni
1319 372 1445 409 venire
1475 372 1521 409 ad
1552 370 1814 409 testimonium
1840 370 1898 407 di-

519 444 687 481 cendum
725 442 906 494 coegisti3
948 442 1015 493 qui
1054 440 1238 492 quoniam
1278 438 1541 476 testimonium
1581 437 1756 474 nondum
1789 435 1900 479 dixit,

520 509 705 561 quidnam
741 509 785 546 fit
814 508 1007 551 diffifflrus,
1038 507 1220 558 expeem.
1258 504 1363 542 Novi
1397 516 1516 555 genus
1551 502 1784 546 hominum,
1816 500 1904 539 novi

519 574 853 617 consuetudinem,
892 572 981 611 novi
1020 571 1236 608 libidinem.
1278 571 1423 620 Itaque,
1463 569 1528 606 etfi
1568 577 1691 612 teneo,
1733 566 1827 619 quid
1861 566 1905 604 sit

522 641 647 678 dicere
674 650 837 693 paratus,
869 637 967 676 nihil
989 647 1116 675 tamen
1136 645 1267 674 contra
1287 635 1488 686 disputabo
1508 635 1628 687 prius,
1659 646 1776 685 quam
1797 633 1905 670 dixe-

522 708 599 745 rit:
633 716 759 745 totum
790 706 895 743 enim
926 712 1133 746 convertet,
1164 711 1279 753 atque
1304 701 1376 738 alia
1405 700 1538 752 finget.
1572 699 1838 751 Qamobrem
1869 706 1907 735 et

520 774 588 810 ille
620 773 759 816 servet,
795 770 901 822 quod
931 769 1103 821 paravit;
1139 777 1177 804 et
1208 781 1279 819 ego
1311 779 1373 803 me
1404 766 1449 803 ad
1484 766 1548 811 id,
1580 767 1684 818 quod
1719 764 1902 808 attulerit,

524 840 719 890 integrum
741 836 982 875 conservabo.

579 905 712 943 XXII.
745 904 869 940 Venio
889 914 992 940 nunc
1013 900 1059 938 ad
1078 912 1162 938 eam
1183 899 1394 942 civitatem,
1425 897 1466 935 in
1487 910 1604 950 quam
1625 909 1696 949 ego
1722 896 1845 934 multa
1871 905 1909 933 et

524 984 664 1023 magna
683 970 804 1007 studia
823 978 861 1007 et
880 968 1006 1006 officia
1025 965 1175 1005 contuli
1191 984 1203 1010 3
1235 974 1273 1003 et
1292 978 1409 1017 quam
1435 977 1543 1002 meus
1569 962 1682 1001 frater
1707 963 1747 1000 in
1773 962 1908 1015 primis

522 1038 619 1074 colit
650 1045 763 1088 atque
793 1035 950 1086 diligit:
983 1046 1067 1085 quae
1099 1032 1124 1070 fi
1157 1032 1287 1069 civitas
1320 1044 1386 1083 per
1411 1030 1510 1067 viros
1539 1030 1674 1073 bonos,
1705 1027 1909 1081 gravesque

525 1102 718 1146 homines,
750 1100 918 1153 querelas
946 1099 992 1136 ad
1018 1111 1082 1136 vos
1109 1096 1310 1139 detuliffet,
1342 1095 1455 1148 paulo
1482 1107 1742 1133 commoverer
1773 1093 1908 1145 magis.

527 1169 647 1206 Nunc
673 1181 759 1205 vero
779 1167 873 1218 quid
899 1165 1064 1217 putem?
1096 1162 1311 1201 Trallianos
1333 1161 1546 1198 Maeandrio
1567 1160 1715 1198 causam
1741 1159 1911 1198 commi-

528 1235 618 1279 sifl'e,
649 1233 802 1272 homini
834 1232 974 1284 egenti,
1011 1229 1172 1274 sordido,
1208 1228 1283 1266 sine
1318 1226 1476 1272 honore,
1512 1227 1587 1264 fine
1620 1226 1911 1270 existimatione,

509 1301 604 1338 *sine
642 1299 784 1337 censu?
826 1297 907 1335 Ubi
944 1306 1048 1334 erant
1080 1295 1163 1338 illi,
1196 1292 1431 1345 Pythodori,
1463 1293 1659 1336 AEtideni,
1692 1291 1911 1344 Lepisones‚

527 1366 653 1403 caeteri
674 1364 849 1402 homines
871 1362 971 1415 apud
992 1375 1060 1399 nos
1082 1361 1176 1405 noti,
1197 1360 1296 1397 inter
1315 1359 1398 1397 suos
1421 1359 1566 1396 nobiles
1587 1359 1598 1395 ?
1631 1358 1697 1395 ubi
1717 1357 1784 1394 illa
1803 1369 1913 1408 mag-

531 1431 645 1469 nilica
675 1441 712 1469 et
742 1428 903 1482 gloriosa
933 1427 1131 1465 ostentatio
1162 1425 1357 1464 civitatis?
1389 1437 1516 1462 nonne
1547 1423 1635 1461 effet
1661 1423 1856 1476 puditum,
1887 1421 1914 1459 fi

531 1497 629 1535 hanc
650 1497 798 1534 causam
819 1503 971 1547 agerent
992 1493 1126 1536 severe,
1148 1505 1225 1529 non
1247 1490 1364 1529 modo
1383 1490 1568 1542 legatum,
1590 1489 1651 1527 sed
1672 1488 1917 1526 Trallianum

532 1564 707 1608 omnino,
738 1562 815 1600 dici
837 1559 1125 1599 Maeandrium?
1157 1556 1249 1595 huic
1271 1557 1336 1594 tali
1357 1556 1496 1609 legato,
1526 1555 1619 1593 huic
1640 1554 1798 1607 publico
1818 1553 1915 1598 testi,

532 1639 737 1682 patronum
758 1629 868 1667 suum
884 1628 966 1680 jam
987 1625 1076 1664 inde
1096 1638 1116 1662 a
1135 1632 1240 1677 patre
1267 1633 1379 1676 atque
1406 1622 1630 1675 majoribus,
1660 1622 1709 1660 L.
1733 1620 1918 1659 Flaccum

533 1695 780 1733 mactandum
801 1694 966 1732 civitatis
989 1690 1207 1729 testimonio
1228 1688 1492 1727 tradidissent?

590 1762 684 1800 Non
705 1761 756 1798 est
777 1761 841 1803 ita,
873 1758 1042 1809 Judices‚
1074 1768 1151 1792 non
1172 1755 1224 1792 est
1249 1752 1433 1806 profecto.
1466 1752 1559 1789 Vidi
1587 1765 1658 1803 ego
1686 1752 1726 1788 in
1748 1749 1917 1802 quodam

531 1826 680 1878 judicio
701 1839 820 1877 nuper
841 1822 1096 1862 Philodorum
1118 1819 1250 1857 testem
1271 1817 1528 1862 Trallianum,
1560 1817 1638 1854 vidi
1663 1814 1918 1860 Parrhafium,

537 1893 615 1930 vidi
652 1890 950 1933 Archidemum,
990 1901 1081 1925 curn
1115 1886 1272 1939 quidem
1309 1885 1411 1922 idem
1446 1883 1510 1921 hic
1545 1882 1644 1920 mihi
1682 1881 1917 1920 Maeandrius

538 1958 639 2010 quasi
672 1957 902 1995 ministrator
932 1954 1077 1998 aderat,
1109 1953 1334 2004 subjiciens,
1366 1950 1459 2003 quid
1490 1951 1529 1987 in
1562 1949 1644 1987 suos
1676 1949 1791 1992 cives,
1821 1947 1918 1986 civi-

538 2034 746 2076 tatemque,
779 2023 804 2060 s1
831 2023 984 2065 vellem,
1015 2021 1182 2058 dicerem
1204 2034 1212 2057 :
1246 2017 1344 2056 nihil
1371 2017 1476 2055 enim
1502 2016 1571 2054 illo
1597 2015 1755 2053 homine
1784 2014 1919 2059 levius,

539 2089 637 2128 nihil
672 2089 857 2141 egentius,
892 2086 1144 2138 inquinatius.
1181 2085 1321 2134 Qare,
1358 2083 1383 2120 fi
1417 2081 1522 2120 hunc
1555 2080 1698 2120 habent
1731 2081 1935 2118 auctorem·

540 2156 727 2194 Tralliani
747 2154 885 2192 doloris
907 2153 975 2197 sui,
996 2152 1020 2189 fi
1041 2151 1146 2189 hunc
1167 2149 1361 2188 custodem
1384 2149 1593 2191 literarum,
1616 2148 1640 2185 s1
1661 2146 1765 2185 hunc
1788 2145 1922 2184 testem

540 2222 701 2274 injuriae,
734 2221 758 2258 fi
780 2220 884 2258 hunc
906 2220 1098 2256 auctorem
1119 2216 1375 2269 querelarum,
1407 2214 1604 2252 remittant
1625 2213 1789 2265 spi'ritus,
1811 2225 1923 2250 com-

541 2288 709 2340 primant
730 2286 877 2324 animos
899 2285 995 2328 suOS,
1013 2284 1141 2321 sedent
1163 2281 1429 2334 arrogantiam,
1451 2279 1640 2317 fateantur
1660 2279 1699 2316 in
1719 2276 1922 2316 Maeandrii

542 2353 696 2407 persona
715 2352 784 2390 effe
804 2351 1009 2405 expreffam
1031 2349 1169 2387 faciem
1190 2348 1378 2387 civitatis:
1402 2347 1454 2384 sln
1476 2346 1590 2384 istum
1612 2345 1756 2397 semper
1776 2343 1834 2382 illi
1853 2341 1923 2395 ipfi

541 2420 648 2459 domi
675 2418 946 2473 proterendum
973 2416 1043 2456 effe
1070 2425 1107 2454 et
1133 2413 1442 2454 conculcandum
1469 2420 1696 2466 putaverunt
1711 2428 1724 2456 3
1755 2409 1922 2448 desinant
