2212 2835
637 128 780 166 PRO
839 126 1134 166 ARCHIA
1192 126 1450 167 POETA.

1667 143 1744 183 325

344 228 504 282 quidem
524 227 688 267 detracta
704 257 715 274 ,
747 228 903 280 Judices
920 257 931 273 ,
962 228 1059 281 quid
1076 228 1128 266 est
1145 257 1156 273 ,
1186 228 1293 281 quod
1323 229 1363 267 in
1390 228 1466 267 hoc
1494 237 1574 267 tam
1601 229 1744 283 exiguo

343 297 430 335 vitae
449 296 656 341 curriculo,
673 304 711 334 et
731 304 812 333 tam
833 295 952 340 brevi,
970 295 1085 334 tantis
1106 308 1175 334 nos
1196 296 1237 333 in
1255 295 1451 335 laboribus
1472 297 1741 336 exerceamus?

401 364 530 407 Certe,
562 362 588 400 fi
609 361 710 401 nihil
730 362 882 400 animus
903 361 1134 414 praesentiret
1161 361 1201 399 in
1222 361 1431 414 posterum,
1462 372 1500 401 et
1527 363 1567 408 fi,
1599 363 1742 415 quibus

343 429 563 482 regionibus
584 429 670 467 vitae
690 428 855 480 spatium
875 427 1215 479 circumscriptum
1239 427 1291 465 est
1305 456 1316 472 ,
1347 428 1489 467 eisdem
1516 443 1651 468 omnes
1673 444 1741 468 co-

344 496 548 548 gitationes
568 495 790 533 terminaret
809 493 915 539 suas3
946 506 1018 532 nec
1040 494 1154 532 tantis
1175 493 1210 531 se
1230 493 1425 532 laboribus
1445 494 1651 548 frangeret,
1674 511 1743 535 ne-

340 575 416 614 que
447 570 504 599 tot
540 561 640 600 curis
673 561 890 614 vigiliisque
919 569 1145 614 angeretur,
1175 573 1302 613 neque
1333 561 1448 600 toties
1481 562 1528 600 de
1560 564 1636 602 vita
1666 565 1743 617 ipsa

339 628 555 667 dimicaret.
588 629 709 667 Nunc
728 627 863 666 inlidet
883 627 1060 681 quaedam
1080 629 1121 667 in
1141 628 1294 681 optimo
1315 642 1471 681 quoque
1492 629 1627 676 virtus,
1658 645 1744 684 quae

339 696 470 733 noctes
497 704 535 733 et
559 694 640 734 dies
669 695 846 734 animum
875 694 1005 748 gloriae
1031 695 1198 734 stimulis
1228 696 1427 741 concitat;
1459 706 1575 750 atque
1604 698 1741 737 admo-

339 771 419 806 net,
451 775 528 801 non
559 775 651 800 cum
678 762 766 800 vitae
794 770 969 814 tempore
996 760 1069 800 effe
1095 761 1368 801 dimittendam
1395 765 1741 804 commemoratio-

338 842 430 866 nem
453 829 621 867 nominis
643 828 773 873 nostri,
804 828 867 865 sed
887 842 979 866 cum
1001 828 1111 866 omni
1130 828 1349 881 posteritate
1369 830 1656 882 adaequandam.

395 896 490 933 XII.
523 896 588 933 An
614 908 702 933 vero
730 904 809 933 tam
836 895 940 948 parvi
961 895 1082 933 animi
1105 895 1303 933 videamur
1322 895 1393 934 effe
1414 910 1549 936 omnes
1567 927 1578 943 ,
1610 900 1677 951 qui
1699 899 1738 937 in

338 963 534 1015 republica
554 971 668 1014 atque
689 962 727 999 in
749 961 809 1000 his
831 963 917 1000 vitae
938 962 1118 1015 periculis
1146 962 1417 1015 laboribusque
1443 964 1647 1010 versamur,
1682 976 1738 1011 ut,

338 1042 432 1066 cum
464 1029 583 1081 usque
614 1028 659 1066 ad
689 1038 909 1067 extremum
941 1028 1107 1081 spatium
1140 1029 1296 1067 nullum
1333 1030 1588 1082 tranquillum
1622 1041 1739 1085 atque

337 1095 504 1135 otiosum
537 1095 716 1149 spiritum
747 1095 986 1140 duxerimus,
1017 1095 1218 1134 nobiscum
1249 1096 1362 1134 simul
1394 1098 1580 1136 moritura
1608 1100 1741 1137 onmia

337 1163 597 1201 arbitremur?
621 1163 700 1206 An,
723 1176 816 1200 cum
836 1161 973 1200 statuas
994 1171 1032 1200 et
1052 1162 1253 1215 imagines,
1276 1177 1353 1201 non
1375 1164 1595 1203 animorum
1618 1167 1737 1205 fimu-

337 1229 465 1274 lacra,
496 1228 558 1267 sed
585 1242 793 1282 corporum
813 1257 824 1272 ,
855 1228 1018 1266 studiose
1046 1229 1164 1266 multi
1190 1229 1334 1267 summi
1360 1229 1538 1269 homines
1567 1233 1736 1284 relique—

337 1295 442 1340 rInt5
475 1295 725 1334 consiliorum
746 1294 962 1347 relinquere
979 1324 990 1340 ,
1021 1308 1063 1333 ac
1085 1295 1275 1334 virtutum
1297 1296 1510 1335 nostrarum
1526 1327 1536 1342 ‚
1567 1299 1737 1352 effigIem

337 1374 467 1400 nonne
501 1361 630 1400 multo
664 1361 780 1399 malle
815 1361 1025 1406 debemus,
1057 1360 1220 1399 summis
1256 1362 1420 1415 ingeniis
1455 1364 1664 1417 expreffam
1700 1376 1738 1405 et

337 1428 501 1482 politam
519 1429 531 1465 ?
563 1429 650 1481 Ego
670 1441 758 1466 vero
778 1428 930 1472 omnia,
962 1441 1048 1479 quae
1067 1428 1270 1480 gerebam,
1296 1429 1380 1481 jam
1402 1439 1488 1468 tum
1508 1430 1547 1469 in
1568 1433 1737 1484 gerendo

337 1494 510 1547 spargere
531 1508 595 1532 me
615 1508 657 1532 ac
678 1493 918 1532 disseminare
941 1493 1148 1531 arbitrabar
1175 1493 1216 1531 in
1243 1495 1346 1532 orbis
1373 1504 1479 1534 terrae
1507 1500 1736 1538 memoriam

338 1560 625 1614 sempiternam.
659 1561 757 1598 Haec
780 1573 870 1598 vero
891 1559 963 1597 five
984 1572 1004 1596 a
1024 1573 1113 1597 meo
1133 1559 1239 1598 sensu
1259 1561 1343 1613 post
1363 1566 1529 1601 mortem
1557 1564 1737 1603 abfutura

336 1627 403 1672 est,
434 1627 522 1672 five,
549 1636 591 1665 ut
609 1626 869 1680 sapientiffimi
889 1625 1067 1664 homines
1090 1636 1332 1680 putaverunt,
1356 1629 1402 1666 ad
1422 1629 1592 1682 aliquam
1613 1633 1735 1670 animi

337 1693 415 1731 mei
435 1702 584 1746 partem
605 1692 841 1746 pertinebit3
874 1706 977 1730 nunc
999 1692 1160 1744 quidem
1187 1702 1288 1731 certe
1309 1695 1542 1747 cogitatione
1569 1698 1736 1749 quadam

336 1759 477 1812 speque
498 1759 678 1797 delector.

393 1826 523 1878 Qare
543 1824 772 1870 conservate,
805 1826 975 1877 Judices,
1007 1824 1211 1864 hominem
1231 1826 1376 1879 pudore
1397 1840 1455 1873 eo,
1488 1841 1605 1880 quem
1634 1831 1732 1868 ami-

336 1905 472 1930 corum
493 1892 630 1930 videtis
652 1893 897 1946 comprobari
920 1902 1005 1930 tum
1027 1892 1228 1945 dignitate,
1260 1902 1346 1931 tum
1367 1894 1484 1932 etiam
1512 1897 1702 1935 venustate
1721 1918 1731 1942 3

336 1958 494 2010 ingenio
524 1967 652 1996 autem
687 1967 823 2003 tanto,
855 1968 1046 2011 quantum
1079 1959 1119 1996 id
1152 1960 1333 1997 convenit
1363 1960 1595 2006 existimari,
1628 1964 1733 2014 quod

336 2023 581 2061 summorum
610 2023 820 2062 hominum
852 2024 1016 2076 ingeniis
1049 2025 1267 2077 expetitum
1297 2024 1368 2063 effe
1402 2026 1588 2072 videatis3
1627 2029 1733 2066 causa

337 2081 425 2128 vero
446 2090 646 2142 ejusmodi,
679 2105 762 2143 quae
784 2091 971 2129 beneficio
992 2092 1101 2144 legis,
1133 2092 1355 2130 auctoritate
1376 2094 1597 2146 municipii,
1627 2096 1730 2132 testi-

337 2157 472 2194 monio
506 2157 684 2202 Luculli,
718 2158 856 2195 tabulis
893 2158 1069 2202 Metelli,
1101 2159 1390 2210 comprobetur.
1425 2160 1523 2210 Qae
1557 2173 1647 2197 cum
1680 2162 1731 2197 ita

338 2223 437 2266 sint5
471 2223 638 2275 petimus
666 2237 686 2260 a
713 2224 836 2268 vobis,
868 2224 1039 2274 Judices,
1071 2224 1095 2262 fi
1119 2238 1195 2276 qua
1215 2238 1290 2262 non
1311 2225 1428 2262 modo
1449 2224 1631 2268 humana,
1663 2239 1729 2263 vc-

339 2303 424 2327 rum
444 2290 559 2326 ctiam
581 2289 723 2334 divina,
755 2291 794 2327 in
818 2291 931 2328 tantis
953 2291 1117 2342 negotiis
1139 2291 1427 2329 commendatio
1448 2291 1560 2327 debet
1581 2291 1663 2336 effe,
1689 2302 1730 2330 ut

338 2370 442 2399 eum,
476 2356 643 2407 quivos,
676 2356 743 2406 qui
765 2356 902 2393 vestros
924 2358 1186 2408 imperatores,
1218 2357 1283 2408 qui
1313 2356 1446 2408 populi
1476 2357 1643 2394 Romani
1673 2373 1727 2396 res

337 2422 467 2475 gestas,
488 2421 634 2474 semper
651 2422 816 2467 ornavit,
836 2422 903 2474 qui
920 2423 1036 2460 ctiam
1055 2422 1114 2460 his
1132 2422 1348 2460 recentibus
1371 2421 1504 2459 nostris
1527 2422 1726 2477 vestrisque
