2212 2835
625 148 628 151 ’
684 143 825 182 PRO
886 144 994 184 CN.
1054 144 1406 186 PLANCIO.
1651 162 1738 202 ‚4:521

347 244 480 283 Nemo
503 243 667 297 Arpinas
688 257 766 282 non
788 244 945 283 Plancio
964 244 1124 290 studuit,
1156 258 1271 283 nemo
1293 245 1469 291 Soranus,
1502 258 1617 285 nemo
1636 247 1741 286 Casi-

346 325 427 356 nas,
451 324 566 350 nemo
586 311 786 363 Aquinas:
810 320 912 350 totus
933 311 999 349 ille
1020 313 1159 350 traetus
1180 311 1468 359 celeberrimus,
1487 312 1741 360 Venafranuss

348 375 545 415 Allifanus
560 395 573 422 3
605 385 684 415 tota
702 376 870 429 denique
890 376 1014 415 nostra
1033 376 1101 414 illa
1120 376 1259 429 aspera,
1290 386 1329 415 et
1348 378 1563 423 montuosa,
1586 388 1625 417 et
1645 379 1743 418 fide<

348 443 411 489 lis,
442 453 479 482 et
501 444 676 496 simplex,
707 452 745 482 et
765 442 908 482 fautrix
928 443 1083 482 suorum
1104 443 1223 494 regio,
1246 442 1281 481 se
1301 442 1417 496 hujus
1438 443 1583 483 honore
1602 447 1743 493 ornari,

347 509 384 551 se
406 511 533 562 augeri
554 510 739 562 dignitate
755 538 767 555 ,
796 509 1076 548 arbitrabatur:
1107 509 1322 561 iisdemque
1349 523 1454 549 nunc
1474 524 1495 548 a
1518 512 1745 566 municipiis

349 576 484 614 adsunt
503 577 651 628 equites
674 575 845 614 Romani
865 575 1037 627 publice,
1058 588 1152 613 cum
1170 574 1373 628 legationis
1393 576 1614 617 testimonio
1629 597 1642 624 3
1674 592 1745 618 nec

348 641 499 679 minore
518 654 623 679 nunc
643 641 730 679 sunt
750 640 1022 687 sollicitudine,
1047 655 1166 694 quam
1185 650 1273 681 tum
1292 652 1400 683 erant
1419 643 1543 682 studio
1560 659 1570 683 :
1601 645 1748 684 etenim

347 706 402 744 est
420 707 572 759 gravius
593 706 744 760 spoliari
763 706 944 753 fortunis,
966 721 1084 760 quam
1105 721 1183 748 non
1201 709 1332 762 augeri
1351 709 1555 762 dignitate.
1576 711 1683 764 Ergo
1702 721 1747 751 ut

348 772 422 811 alia
441 773 482 811 in
503 782 540 812 te
558 782 666 812 erant
684 773 901 819 illustriora,
931 774 1159 820 Laterenfis,
1188 789 1275 828 quae
1294 775 1369 814 tibi
1389 777 1552 829 majores
1573 779 1632 816 tui
1652 778 1746 817 reli-

349 848 511 892 querant
527 858 539 884 ;
561 840 611 878 fic
633 848 671 878 te
691 839 871 878 Plancius
889 838 965 879 hoe
985 854 1065 879 non
1084 840 1211 881 solum
1231 843 1453 896 municipii,
1475 856 1609 883 verum
1629 844 1748 884 etiam

351 906 576 950 vicinitatis,
603 919 739 959 genere
758 906 950 946 vincebat.
982 906 1069 946 Nifi
1087 906 1188 947 forte
1207 916 1245 947 te
1265 908 1468 955 Lavicana,
1490 918 1556 948 aut
1575 910 1749 950 Bovilla-

350 985 414 1018 na,
445 981 511 1011 aut
530 972 685 1011 Gabina
703 973 835 1012 civitas
856 973 1058 1026 adjuvabat
1073 992 1086 1020 3
1118 974 1261 1028 quibus
1281 989 1303 1014 e
1321 975 1548 1030 municipiis
1567 977 1633 1018 vix
1646 978 1748 1031 jam,

353 1039 424 1091 qui
443 1052 598 1078 carnem
617 1039 767 1079 Latinis
791 1048 939 1094 petant,
969 1041 1234 1081 inveniuntur.

353 1135 357 1136 γ
408 1105 649 1159 Adjungam,
680 1106 707 1145 s1
734 1106 806 1152 vis,
835 1106 892 1153 id,
923 1107 1028 1160 quod
1052 1115 1096 1147 tu
1122 1107 1240 1147 etiam
1268 1106 1362 1147 huic
1380 1108 1506 1149 obesse
1523 1116 1650 1164 putaS,
1679 1113 1753 1164 pa-¹

350 1180 453 1211 trem
483 1172 770 1225 publicanum:
801 1173 870 1227 qui
900 1174 995 1214 ordo
1024 1183 1170 1228 quanto
1196 1174 1421 1228 adjumento
1448 1176 1494 1216 fit
1517 1177 1559 1215 in
1584 1175 1750 1222 honore,

352 1239 442 1290 quis
461 1238 611 1292 nescit?
641 1239 734 1279 Flos
755 1240 860 1279 enim
881 1241 1060 1294 equitum
1080 1242 1368 1288 Romanorum,
1398 1251 1671 1282 ornamentum
1690 1244 1752 1282 ci-

354 1305 500 1352 vitatis,
529 1306 823 1347 firmamentum
855 1308 1093 1362 reipublicae,
1123 1309 1425 1362 publicanorum
1453 1310 1588 1349 ordine
1620 1311 1752 1351 conti·-

355 1380 485 1412 netur.
517 1373 618 1425 Qis
636 1373 689 1412 est
709 1373 842 1427 igitur,
872 1375 942 1427 qui
961 1383 1090 1427 neget,
1119 1374 1264 1414 ordinis
1291 1375 1372 1428 ejus
1391 1375 1563 1416 studium
1582 1376 1692 1417 fuisse
1710 1378 1754 1418 in

354 1436 504 1477 honore
523 1439 673 1478 Plancii
692 1439 880 1494 singulare
897 1441 912 1477 ἓ
943 1453 1069 1492 neque
1088 1440 1228 1492 injuria
1241 1454 1254 1479 :
1277 1440 1338 1479 vel
1358 1441 1465 1494 quod
1483 1451 1561 1482 erat
1579 1452 1686 1497 pater
1704 1444 1752 1489 is,

355 1504 428 1555 qui
458 1505 512 1543 est
543 1506 720 1558 princeps
746 1505 899 1558 jamdiu
929 1505 1257 1558 publicanorum3
1288 1506 1350 1545 vel
1376 1508 1482 1560 quod
1508 1510 1540 1548 is
1567 1510 1616 1549 ab
1641 1510 1754 1549 sociis

358 1568 473 1607 unice
493 1570 726 1623 diligebatur
736 1589 749 1616 3
780 1571 840 1609 vel
861 1570 967 1623 quod
986 1571 1273 1624 diligentiffime
1291 1573 1473 1625 rogabat3
1495 1574 1554 1613 vel
1575 1577 1667 1629 quia
1685 1589 1756 1629 pro

358 1634 443 1673 filio
463 1634 729 1688 supplicabat3
759 1635 820 1674 vel
848 1635 939 1688 quia
963 1634 1080 1688 hujus
1107 1636 1224 1688 ipfius
1249 1637 1291 1674 in
1311 1637 1428 1677 illum
1447 1639 1624 1680 ordinem
1645 1641 1754 1680 sum-

359 1713 427 1739 ma
457 1701 585 1739 officia
617 1701 814 1753 quaesturae
847 1700 1140 1754 tribunatusque
1172 1702 1395 1742 constabant
1411 1722 1423 1749 3
1460 1705 1522 1743 vel
1554 1706 1660 1759 quod
1694 1706 1756 1745 ill-i.

360 1765 403 1805 in
422 1765 498 1806 hoc
518 1767 689 1806 ornando
715 1767 892 1806 ordinem
918 1767 954 1806 se
972 1781 1119 1814 ornare,
1149 1777 1187 1807 et
1206 1769 1400 1808 consulere
1420 1770 1550 1810 liberis
1572 1771 1663 1818 suis,
1693 1786 1755 1811 ar-

361 1831 615 1872 bitrabantur.

417 1899 470 1936 X.
502 1899 669 1951 Aliquid
690 1908 879 1952 praeterea‚
911 1900 1069 1953 (timide
1089 1901 1191 1946 dico,
1222 1901 1285 1940 sed
1304 1910 1433 1942 tamen
1454 1903 1665 1943 dicendum
1682 1904 1753 1957 est)

358 1977 441 2003 non
475 1966 582 2005 enim
611 1966 765 2019 opibus,
796 1981 874 2006 non
906 1967 1093 2007 invidiosa
1121 1969 1256 2021 gratia,
1287 1983 1366 2008 non
1397 1972 1570 2024 potentia
1599 1972 1665 2010 vix
1694 1970 1756 2009 fe-

363 2031 478 2068 renda
494 2060 506 2076 ‚
542 2031 605 2070 sed
639 2035 1010 2074 commemoratione
1044 2035 1222 2074 beneficii
1239 2064 1251 2080 ,
1286 2035 1349 2075 sed
1382 2037 1639 2077 misericordia
1653 2066 1664 2082 ,
1695 2037 1758 2075 sed

361 2097 556 2150 precibu&
583 2099 731 2151 aliquid
749 2101 952 2141 attulimus
971 2102 1090 2140 etiam
1110 2116 1193 2141 nos.
1224 2102 1428 2155 Appellavi
1446 2104 1653 2157 populum,
1684 2104 1755 2141 tri—-

366 2163 493 2201 bubus
514 2163 668 2203 submifi
690 2180 767 2211 me,
786 2176 825 2205 et
844 2167 1074 2220 supplicavi:
1094 2169 1194 2206 ultro
1211 2167 1450 2208 mehercules
1467 2170 1502 2208 se
1518 2168 1617 2208 mihi
1639 2169 1756 2206 etiam

367 2227 583 2274 offerentes,
616 2230 716 2269 ultro
740 2232 982 2285 pollicentes,
1012 2234 1156 2286 rogavi.
1188 2234 1322 2272 Valuit
1349 2235 1457 2273 causa
1477 2234 1646 2287 rogandi,
1678 2248 1756 2271 non

366 2295 508 2346 gratIa:
542 2309 627 2341 nee,
659 2296 684 2335 sl
705 2298 761 2336 vir
784 2299 1053 2351 amphffimus,
1074 2299 1138 2337 cui
1159 2298 1259 2338 nihil
1279 2299 1344 2344 est,
1367 2300 1469 2352 quod
1492 2300 1641 2351 roganti
1661 2314 1756 2338 con-

367 2360 450 2398 cedi
472 2375 548 2399 non
564 2363 650 2413 jure
670 2363 804 2415 poffit,
833 2364 880 2402 de
900 2365 1031 2417 aliquo
1047 2394 1059 2410 ,
1091 2375 1133 2403 ut
1154 2366 1249 2404 dicis
1266 2394 1277 2410 ‚
1309 2379 1385 2403 non
1407 2365 1626 2418 impetravit
1644 2395 1655 2411 ,
1686 2380 1758 2419 ego

367 2428 450 2466 sum
473 2442 670 2480 arrogans,
701 2430 805 2482 quod
824 2444 888 2470 me
907 2431 1060 2471 valuiffe
1080 2432 1181 2472 dico.
1213 2432 1341 2476 Nam,
1372 2441 1415 2469 ut
1435 2432 1615 2473 omittam
1635 2433 1755 2490 illud,

453 2495 588 2534 ToM.
622 2495 672 2535 V.
1309 2498 1348 2536 K
1376 2497 1402 2535 k
1431 2497 1457 2536 k
