<?xml version="1.0" encoding="UTF-8"?>
<!DOCTYPE html PUBLIC "-//W3C//DTD XHTML 1.0 Transitional//EN"
    "http://www.w3.org/TR/xhtml1/DTD/xhtml1-transitional.dtd">
<html xmlns="http://www.w3.org/1999/xhtml" xml:lang="en" lang="en">
 <head>
  <title>
</title>
<meta http-equiv="Content-Type" content="text/html;charset=utf-8" />
  <meta name='ocr-system' content='tesseract 3.04.00' />
  <meta name='ocr-capabilities' content='ocr_page ocr_carea ocr_par ocr_line ocrx_word'/>
</head>
<body>
  <div class='ocr_page' id='page_1' title='image "./operacumindicibu05ciceuoft_0284.png"; bbox 0 0 2212 2835; ppageno 0'>
   <div class='ocr_carea' id='block_1_1' title="bbox 524 216 1428 272">
    <p class='ocr_par' dir='ltr' id='par_1_1' title="bbox 524 216 1428 272">
     <span class='ocr_line' id='line_1_1' title="bbox 524 216 1428 272; baseline -0.006 -13"><span class='ocrx_word' id='word_1_1' title='bbox 524 232 599 272; x_wconf 83' lang='lat'>272</span> <span class='ocrx_word' id='word_1_2' title='bbox 1030 216 1428 255; x_wconf 90' lang='lat' dir='ltr'><strong>ORATIO</strong></span> 
     </span>
    </p>
   </div>
   <div class='ocr_carea' id='block_1_2' title="bbox 506 312 1917 2545">
    <p class='ocr_par' dir='ltr' id='par_1_2' title="bbox 520 312 1907 694">
     <span class='ocr_line' id='line_1_2' title="bbox 521 312 1902 367; baseline -0.001 -16"><span class='ocrx_word' id='word_1_3' title='bbox 521 314 733 367; x_wconf 83' lang='lat' dir='ltr'><strong>emptiones</strong></span> <span class='ocrx_word' id='word_1_4' title='bbox 755 321 850 351; x_wconf 89' lang='lat' dir='ltr'>tuas.</span> <span class='ocrx_word' id='word_1_5' title='bbox 883 312 1119 365; x_wconf 88' lang='lat' dir='ltr'>Repudiant,</span> <span class='ocrx_word' id='word_1_6' title='bbox 1148 313 1340 365; x_wconf 84' lang='lat' dir='ltr'>rejiciunt.</span> <span class='ocrx_word' id='word_1_7' title='bbox 1372 314 1427 352; x_wconf 86' lang='lat' dir='ltr'>At</span> <span class='ocrx_word' id='word_1_8' title='bbox 1448 313 1515 366; x_wconf 88' lang='lat' dir='ltr'>qui</span> <span class='ocrx_word' id='word_1_9' title='bbox 1534 312 1739 352; x_wconf 83' lang='lat' dir='ltr'>homines?</span> <span class='ocrx_word' id='word_1_10' title='bbox 1763 314 1902 365; x_wconf 85' lang='lat' dir='ltr'>Perga-</span> 
     </span>
     <span class='ocr_line' id='line_1_3' title="bbox 520 379 1907 432; baseline -0.001 -14"><span class='ocrx_word' id='word_1_11' title='bbox 520 381 639 425; x_wconf 88' lang='lat' dir='ltr'>meni,</span> <span class='ocrx_word' id='word_1_12' title='bbox 670 380 880 417; x_wconf 84' lang='lat' dir='ltr'>laudatores</span> <span class='ocrx_word' id='word_1_13' title='bbox 902 380 973 418; x_wconf 90' lang='lat' dir='ltr'>tui.</span> <span class='ocrx_word' id='word_1_14' title='bbox 1007 381 1064 418; x_wconf 86' lang='lat' dir='ltr'>Ita</span> <span class='ocrx_word' id='word_1_15' title='bbox 1083 380 1187 417; x_wconf 91' lang='lat' dir='ltr'>enim</span> <span class='ocrx_word' id='word_1_16' title='bbox 1208 379 1308 418; x_wconf 89' lang='lat' dir='ltr'>mihi</span> <span class='ocrx_word' id='word_1_17' title='bbox 1327 380 1481 432; x_wconf 84' lang='lat' dir='ltr'>gloriari</span> <span class='ocrx_word' id='word_1_18' title='bbox 1501 379 1599 418; x_wconf 89' lang='lat' dir='ltr'>visus</span> <span class='ocrx_word' id='word_1_19' title='bbox 1627 392 1664 416; x_wconf 88' lang='lat' dir='ltr'>es</span> <span class='ocrx_word' id='word_1_20' title='bbox 1692 379 1907 416; x_wconf 79' lang='lat' dir='ltr'>laudatione</span> 
     </span>
     <span class='ocr_line' id='line_1_4' title="bbox 520 442 1904 497; baseline -0.002 -14"><span class='ocrx_word' id='word_1_21' title='bbox 520 446 857 497; x_wconf 80' lang='lat' dir='ltr'>Pergamenorum,</span> <span class='ocrx_word' id='word_1_22' title='bbox 876 444 977 496; x_wconf 74' lang='lat' dir='ltr'>quasi</span> <span class='ocrx_word' id='word_1_23' title='bbox 997 442 1184 482; x_wconf 79' lang='lat' dir='ltr'>honorem</span> <span class='ocrx_word' id='word_1_24' title='bbox 1207 446 1397 497; x_wconf 86' lang='lat' dir='ltr'>majorum</span> <span class='ocrx_word' id='word_1_25' title='bbox 1419 454 1575 483; x_wconf 87' lang='lat' dir='ltr'>tuorum</span> <span class='ocrx_word' id='word_1_26' title='bbox 1591 444 1774 482; x_wconf 85' lang='lat' dir='ltr'>affecutus</span> <span class='ocrx_word' id='word_1_27' title='bbox 1795 442 1883 481; x_wconf 85' lang='lat' dir='ltr'>effes</span> <span class='ocrx_word' id='word_1_28' title='bbox 1891 460 1904 487; x_wconf 64' lang='grc' dir='ltr'>ς</span> 
     </span>
     <span class='ocr_line' id='line_1_5' title="bbox 520 509 1905 563; baseline -0.001 -15"><span class='ocrx_word' id='word_1_29' title='bbox 520 519 558 548; x_wconf 91' lang='lat' dir='ltr'>et</span> <span class='ocrx_word' id='word_1_30' title='bbox 578 509 653 548; x_wconf 91' lang='lat' dir='ltr'>hoc</span> <span class='ocrx_word' id='word_1_31' title='bbox 675 520 711 549; x_wconf 89' lang='lat' dir='ltr'>te</span> <span class='ocrx_word' id='word_1_32' title='bbox 731 510 961 563; x_wconf 88' lang='lat' dir='ltr'>superiorem</span> <span class='ocrx_word' id='word_1_33' title='bbox 983 511 1140 562; x_wconf 86' lang='lat' dir='ltr'>putabas</span> <span class='ocrx_word' id='word_1_34' title='bbox 1160 510 1244 555; x_wconf 83' lang='lat' dir='ltr'>effe,</span> <span class='ocrx_word' id='word_1_35' title='bbox 1275 525 1391 563; x_wconf 89' lang='lat' dir='ltr'>quam</span> <span class='ocrx_word' id='word_1_36' title='bbox 1413 510 1594 555; x_wconf 80' lang='lat' dir='ltr'>Laelium,</span> <span class='ocrx_word' id='word_1_37' title='bbox 1625 510 1730 563; x_wconf 89' lang='lat' dir='ltr'>quod</span> <span class='ocrx_word' id='word_1_38' title='bbox 1750 518 1787 547; x_wconf 91' lang='lat' dir='ltr'>te</span> <span class='ocrx_word' id='word_1_39' title='bbox 1807 509 1905 547; x_wconf 86' lang='lat' dir='ltr'>civi-</span> 
     </span>
     <span class='ocr_line' id='line_1_6' title="bbox 521 576 1906 629; baseline -0.001 -15"><span class='ocrx_word' id='word_1_40' title='bbox 521 586 575 614; x_wconf 85' lang='lat' dir='ltr'>tas</span> <span class='ocrx_word' id='word_1_41' title='bbox 597 578 827 629; x_wconf 85' lang='lat' dir='ltr'>Pergamena</span> <span class='ocrx_word' id='word_1_42' title='bbox 846 576 1027 614; x_wconf 83' lang='lat' dir='ltr'>laudaret.</span> <span class='ocrx_word' id='word_1_43' title='bbox 1061 577 1173 614; x_wconf 92' lang='lat' dir='ltr'>Num</span> <span class='ocrx_word' id='word_1_44' title='bbox 1200 576 1393 614; x_wconf 88' lang='lat' dir='ltr'>honestior</span> <span class='ocrx_word' id='word_1_45' title='bbox 1419 576 1471 614; x_wconf 87' lang='lat' dir='ltr'>est</span> <span class='ocrx_word' id='word_1_46' title='bbox 1497 577 1629 615; x_wconf 87' lang='lat' dir='ltr'>civitas</span> <span class='ocrx_word' id='word_1_47' title='bbox 1657 577 1906 629; x_wconf 88' lang='lat' dir='ltr'>Pergamena,</span> 
     </span>
     <span class='ocr_line' id='line_1_7' title="bbox 520 642 1451 694; baseline 0 -14"><span class='ocrx_word' id='word_1_48' title='bbox 520 656 639 694; x_wconf 84' lang='lat' dir='ltr'>quam</span> <span class='ocrx_word' id='word_1_49' title='bbox 661 644 829 694; x_wconf 86' lang='lat' dir='ltr'>Smyrnae</span> <span class='ocrx_word' id='word_1_50' title='bbox 849 643 861 679; x_wconf 91' lang='lat'>?</span> <span class='ocrx_word' id='word_1_51' title='bbox 894 644 947 680; x_wconf 82' lang='lat' dir='ltr'>At</span> <span class='ocrx_word' id='word_1_52' title='bbox 967 655 1015 680; x_wconf 87' lang='lat' dir='ltr'>ne</span> <span class='ocrx_word' id='word_1_53' title='bbox 1032 642 1100 694; x_wconf 88' lang='lat' dir='ltr'>ipfi</span> <span class='ocrx_word' id='word_1_54' title='bbox 1123 642 1282 694; x_wconf 87' lang='lat' dir='ltr'>quidem</span> <span class='ocrx_word' id='word_1_55' title='bbox 1303 643 1451 680; x_wconf 88' lang='lat' dir='ltr'>dicunt.</span> 
     </span>
    </p>

    <p class='ocr_par' dir='ltr' id='par_1_3' title="bbox 506 707 1909 1287">
     <span class='ocr_line' id='line_1_8' title="bbox 575 707 1905 762; baseline -0.001 -16"><span class='ocrx_word' id='word_1_56' title='bbox 575 709 727 746; x_wconf 89' lang='lat' dir='ltr'>XXXI.</span> <span class='ocrx_word' id='word_1_57' title='bbox 760 708 914 746; x_wconf 89' lang='lat' dir='ltr'>Vellem</span> <span class='ocrx_word' id='word_1_58' title='bbox 943 716 1094 746; x_wconf 88' lang='lat' dir='ltr'>tantum</span> <span class='ocrx_word' id='word_1_59' title='bbox 1120 707 1259 745; x_wconf 88' lang='lat' dir='ltr'>habere</span> <span class='ocrx_word' id='word_1_60' title='bbox 1285 709 1370 753; x_wconf 89' lang='lat' dir='ltr'>otii,</span> <span class='ocrx_word' id='word_1_61' title='bbox 1401 718 1445 746; x_wconf 93' lang='lat' dir='ltr'>ut</span> <span class='ocrx_word' id='word_1_62' title='bbox 1471 708 1613 762; x_wconf 82' lang='lat' dir='ltr'>poffem</span> <span class='ocrx_word' id='word_1_63' title='bbox 1640 708 1794 746; x_wconf 90' lang='lat' dir='ltr'>recitare</span> <span class='ocrx_word' id='word_1_64' title='bbox 1821 707 1905 760; x_wconf 89' lang='lat' dir='ltr'>pse-</span> 
     </span>
     <span class='ocr_line' id='line_1_9' title="bbox 522 773 1904 827; baseline -0.001 -15"><span class='ocrx_word' id='word_1_65' title='bbox 522 773 671 827; x_wconf 87' lang='lat' dir='ltr'>phisma</span> <span class='ocrx_word' id='word_1_66' title='bbox 691 776 991 826; x_wconf 68' lang='lat' dir='ltr'>Smyrnaeorum,</span> <span class='ocrx_word' id='word_1_67' title='bbox 1023 773 1128 825; x_wconf 92' lang='lat' dir='ltr'>quod</span> <span class='ocrx_word' id='word_1_68' title='bbox 1157 773 1332 811; x_wconf 87' lang='lat' dir='ltr'>fecerunt</span> <span class='ocrx_word' id='word_1_69' title='bbox 1357 775 1397 812; x_wconf 89' lang='lat' dir='ltr'>in</span> <span class='ocrx_word' id='word_1_70' title='bbox 1425 775 1652 813; x_wconf 84' lang='lat' dir='ltr'>Castricium</span> <span class='ocrx_word' id='word_1_71' title='bbox 1677 783 1904 813; x_wconf 88' lang='lat' dir='ltr'>mortuum:</span> 
     </span>
     <span class='ocr_line' id='line_1_10' title="bbox 520 838 1906 892; baseline -0.001 -15"><span class='ocrx_word' id='word_1_72' title='bbox 520 840 709 892; x_wconf 88' lang='lat' dir='ltr'>primum,</span> <span class='ocrx_word' id='word_1_73' title='bbox 738 849 780 877; x_wconf 93' lang='lat' dir='ltr'>ut</span> <span class='ocrx_word' id='word_1_74' title='bbox 800 840 839 877; x_wconf 91' lang='lat' dir='ltr'>in</span> <span class='ocrx_word' id='word_1_75' title='bbox 860 839 1049 892; x_wconf 89' lang='lat' dir='ltr'>oppidum</span> <span class='ocrx_word' id='word_1_76' title='bbox 1070 838 1362 883; x_wconf 84' lang='lat' dir='ltr'>introferretur;</span> <span class='ocrx_word' id='word_1_77' title='bbox 1395 839 1499 890; x_wconf 91' lang='lat' dir='ltr'>quod</span> <span class='ocrx_word' id='word_1_78' title='bbox 1525 839 1607 877; x_wconf 87' lang='lat' dir='ltr'>aliis</span> <span class='ocrx_word' id='word_1_79' title='bbox 1626 853 1706 877; x_wconf 90' lang='lat' dir='ltr'>non</span> <span class='ocrx_word' id='word_1_80' title='bbox 1725 839 1906 878; x_wconf 86' lang='lat' dir='ltr'>concedi-</span> 
     </span>
     <span class='ocr_line' id='line_1_11' title="bbox 521 903 1908 958; baseline -0.001 -15"><span class='ocrx_word' id='word_1_81' title='bbox 521 915 607 944; x_wconf 87' lang='lat' dir='ltr'>tur:</span> <span class='ocrx_word' id='word_1_82' title='bbox 640 906 790 950; x_wconf 89' lang='lat' dir='ltr'>deinde,</span> <span class='ocrx_word' id='word_1_83' title='bbox 812 915 856 944; x_wconf 91' lang='lat' dir='ltr'>ut</span> <span class='ocrx_word' id='word_1_84' title='bbox 874 905 1016 943; x_wconf 91' lang='lat' dir='ltr'>ferrent</span> <span class='ocrx_word' id='word_1_85' title='bbox 1036 903 1175 957; x_wconf 87' lang='lat' dir='ltr'>ephebi</span> <span class='ocrx_word' id='word_1_86' title='bbox 1194 920 1203 942; x_wconf 79' lang='lat' dir='ltr'>t</span> <span class='ocrx_word' id='word_1_87' title='bbox 1227 904 1432 958; x_wconf 89' lang='lat' dir='ltr'>postremo,</span> <span class='ocrx_word' id='word_1_88' title='bbox 1454 913 1497 942; x_wconf 91' lang='lat' dir='ltr'>ut</span> <span class='ocrx_word' id='word_1_89' title='bbox 1517 905 1780 957; x_wconf 85' lang='lat' dir='ltr'>imponeretur</span> <span class='ocrx_word' id='word_1_90' title='bbox 1799 918 1908 942; x_wconf 86' lang='lat' dir='ltr'>aurea</span> 
     </span>
     <span class='ocr_line' id='line_1_12' title="bbox 521 970 1908 1024; baseline -0.001 -14"><span class='ocrx_word' id='word_1_91' title='bbox 521 986 660 1010; x_wconf 82' lang='lat' dir='ltr'>corona</span> <span class='ocrx_word' id='word_1_92' title='bbox 694 981 861 1011; x_wconf 89' lang='lat' dir='ltr'>mortuo.</span> <span class='ocrx_word' id='word_1_93' title='bbox 899 973 996 1010; x_wconf 89' lang='lat' dir='ltr'>Haec</span> <span class='ocrx_word' id='word_1_94' title='bbox 1030 972 1075 1009; x_wconf 90' lang='lat' dir='ltr'>P.</span> <span class='ocrx_word' id='word_1_95' title='bbox 1108 971 1292 1024; x_wconf 85' lang='lat' dir='ltr'>Scipioni,</span> <span class='ocrx_word' id='word_1_96' title='bbox 1329 970 1533 1009; x_wconf 86' lang='lat' dir='ltr'>clariffimo</span> <span class='ocrx_word' id='word_1_97' title='bbox 1567 972 1663 1016; x_wconf 90' lang='lat' dir='ltr'>viro,</span> <span class='ocrx_word' id='word_1_98' title='bbox 1695 984 1786 1009; x_wconf 92' lang='lat' dir='ltr'>cum</span> <span class='ocrx_word' id='word_1_99' title='bbox 1820 970 1908 1008; x_wconf 84' lang='lat' dir='ltr'>effet</span> 
     </span>
     <span class='ocr_line' id='line_1_13' title="bbox 521 1036 1905 1090; baseline -0.001 -14"><span class='ocrx_word' id='word_1_100' title='bbox 521 1039 697 1090; x_wconf 80' lang='lat' dir='ltr'>Pergami</span> <span class='ocrx_word' id='word_1_101' title='bbox 719 1047 909 1085; x_wconf 88' lang='lat' dir='ltr'>mortuus,</span> <span class='ocrx_word' id='word_1_102' title='bbox 932 1037 1029 1076; x_wconf 67' lang='lat' dir='ltr'>faeta</span> <span class='ocrx_word' id='word_1_103' title='bbox 1050 1050 1127 1076; x_wconf 91' lang='lat' dir='ltr'>non</span> <span class='ocrx_word' id='word_1_104' title='bbox 1147 1037 1247 1075; x_wconf 84' lang='lat' dir='ltr'>sunt.</span> <span class='ocrx_word' id='word_1_105' title='bbox 1280 1039 1334 1075; x_wconf 89' lang='lat' dir='ltr'>At</span> <span class='ocrx_word' id='word_1_106' title='bbox 1356 1037 1584 1075; x_wconf 87' lang='lat' dir='ltr'>Castricium</span> <span class='ocrx_word' id='word_1_107' title='bbox 1605 1036 1747 1089; x_wconf 90' lang='lat' dir='ltr'>quibus</span> <span class='ocrx_word' id='word_1_108' title='bbox 1767 1037 1905 1082; x_wconf 89' lang='lat' dir='ltr'>verbis,</span> 
     </span>
     <span class='ocr_line' id='line_1_14' title="bbox 521 1103 1909 1157; baseline -0.001 -15"><span class='ocrx_word' id='word_1_109' title='bbox 521 1105 590 1143; x_wconf 89' lang='lat' dir='ltr'>Dii</span> <span class='ocrx_word' id='word_1_110' title='bbox 611 1105 849 1143; x_wconf 82' lang='lat' dir='ltr'>immortales</span> <span class='ocrx_word' id='word_1_111' title='bbox 869 1103 876 1141; x_wconf 90' lang='lat'>!</span> <span class='ocrx_word' id='word_1_112' title='bbox 900 1105 1024 1144; x_wconf 83' lang='lat' dir='ltr'>Decus</span> <span class='ocrx_word' id='word_1_113' title='bbox 1036 1104 1188 1156; x_wconf 78' lang='lat' dir='ltr'>patriae,</span> <span class='ocrx_word' id='word_1_114' title='bbox 1209 1112 1453 1142; x_wconf 82' lang='lat' dir='ltr'>ornamentum</span> <span class='ocrx_word' id='word_1_115' title='bbox 1465 1104 1592 1157; x_wconf 82' lang='lat' dir='ltr'>populi</span> <span class='ocrx_word' id='word_1_116' title='bbox 1606 1104 1771 1149; x_wconf 81' lang='lat' dir='ltr'>Romani,</span> <span class='ocrx_word' id='word_1_117' title='bbox 1779 1104 1909 1157; x_wconf 86' lang='lat' dir='ltr'>florem</span> 
     </span>
     <span class='ocr_line' id='line_1_15' title="bbox 506 1169 1909 1223; baseline -0.001 -14"><span class='ocrx_word' id='word_1_118' title='bbox 506 1171 731 1222; x_wconf 77' lang='lat' dir='ltr'>juventutis,</span> <span class='ocrx_word' id='word_1_119' title='bbox 763 1171 969 1223; x_wconf 84' lang='lat' dir='ltr'>appellant.</span> <span class='ocrx_word' id='word_1_120' title='bbox 1001 1171 1143 1221; x_wconf 84' lang='lat' dir='ltr'>Qare,</span> <span class='ocrx_word' id='word_1_121' title='bbox 1176 1169 1359 1214; x_wconf 85' lang='lat' dir='ltr'>Deciane,</span> <span class='ocrx_word' id='word_1_122' title='bbox 1386 1169 1411 1207; x_wconf 90' lang='lat' dir='ltr'>s1</span> <span class='ocrx_word' id='word_1_123' title='bbox 1431 1170 1594 1222; x_wconf 87' lang='lat' dir='ltr'>cupidus</span> <span class='ocrx_word' id='word_1_124' title='bbox 1614 1183 1652 1207; x_wconf 91' lang='lat' dir='ltr'>es</span> <span class='ocrx_word' id='word_1_125' title='bbox 1672 1169 1816 1222; x_wconf 87' lang='lat' dir='ltr'>gloriae,</span> <span class='ocrx_word' id='word_1_126' title='bbox 1838 1169 1909 1207; x_wconf 87' lang='lat' dir='ltr'>alia</span> 
     </span>
     <span class='ocr_line' id='line_1_16' title="bbox 520 1236 1070 1287; baseline -0.002 -13"><span class='ocrx_word' id='word_1_127' title='bbox 520 1245 744 1274; x_wconf 83' lang='lat' dir='ltr'>ornamenta</span> <span class='ocrx_word' id='word_1_128' title='bbox 763 1236 895 1274; x_wconf 90' lang='lat' dir='ltr'>censeo</span> <span class='ocrx_word' id='word_1_129' title='bbox 914 1249 1070 1287; x_wconf 87' lang='lat' dir='ltr'>quaeras.</span> 
     </span>
    </p>

    <p class='ocr_par' dir='ltr' id='par_1_4' title="bbox 519 1301 1908 1819">
     <span class='ocr_line' id='line_1_17' title="bbox 576 1301 1905 1355; baseline 0.001 -15"><span class='ocrx_word' id='word_1_130' title='bbox 576 1303 801 1355; x_wconf 80' lang='lat' dir='ltr'>Pergameni</span> <span class='ocrx_word' id='word_1_131' title='bbox 822 1312 858 1340; x_wconf 90' lang='lat' dir='ltr'>te</span> <span class='ocrx_word' id='word_1_132' title='bbox 879 1301 1098 1340; x_wconf 82' lang='lat' dir='ltr'>deriserunt.</span> <span class='ocrx_word' id='word_1_133' title='bbox 1133 1303 1272 1354; x_wconf 82' lang='lat' dir='ltr'>Qid?</span> <span class='ocrx_word' id='word_1_134' title='bbox 1303 1312 1345 1341; x_wconf 89' lang='lat' dir='ltr'>tu</span> <span class='ocrx_word' id='word_1_135' title='bbox 1372 1303 1454 1341; x_wconf 89' lang='lat' dir='ltr'>ludi</span> <span class='ocrx_word' id='word_1_136' title='bbox 1481 1312 1518 1341; x_wconf 89' lang='lat' dir='ltr'>te</span> <span class='ocrx_word' id='word_1_137' title='bbox 1545 1317 1622 1342; x_wconf 92' lang='lat' dir='ltr'>non</span> <span class='ocrx_word' id='word_1_138' title='bbox 1650 1302 1905 1355; x_wconf 88' lang='lat' dir='ltr'>intelligebas,</span> 
     </span>
     <span class='ocr_line' id='line_1_18' title="bbox 521 1368 1906 1422; baseline -0.001 -15"><span class='ocrx_word' id='word_1_139' title='bbox 521 1383 611 1407; x_wconf 89' lang='lat' dir='ltr'>cum</span> <span class='ocrx_word' id='word_1_140' title='bbox 634 1370 707 1407; x_wconf 88' lang='lat' dir='ltr'>tibi</span> <span class='ocrx_word' id='word_1_141' title='bbox 726 1368 808 1407; x_wconf 83' lang='lat' dir='ltr'>haec</span> <span class='ocrx_word' id='word_1_142' title='bbox 829 1369 1052 1413; x_wconf 81' lang='lat' dir='ltr'>recitabant,</span> <span class='ocrx_word' id='word_1_143' title='bbox 1083 1370 1333 1408; x_wconf 84' lang='lat' dir='ltr'>clariffimum</span> <span class='ocrx_word' id='word_1_144' title='bbox 1352 1371 1495 1414; x_wconf 89' lang='lat' dir='ltr'>virum,</span> <span class='ocrx_word' id='word_1_145' title='bbox 1526 1369 1823 1422; x_wconf 84' lang='lat' dir='ltr'>praestantiffima</span> <span class='ocrx_word' id='word_1_146' title='bbox 1848 1369 1906 1406; x_wconf 86' lang='lat' dir='ltr'>sa-</span> 
     </span>
     <span class='ocr_line' id='line_1_19' title="bbox 520 1434 1907 1489; baseline 0 -16"><span class='ocrx_word' id='word_1_147' title='bbox 520 1436 677 1489; x_wconf 88' lang='lat' dir='ltr'>pientia,</span> <span class='ocrx_word' id='word_1_148' title='bbox 713 1435 891 1488; x_wconf 85' lang='lat' dir='ltr'>fingulari</span> <span class='ocrx_word' id='word_1_149' title='bbox 925 1435 1082 1487; x_wconf 85' lang='lat' dir='ltr'>ingenio</span> <span class='ocrx_word' id='word_1_150' title='bbox 1102 1435 1114 1472; x_wconf 91' lang='lat'>?</span> <span class='ocrx_word' id='word_1_151' title='bbox 1153 1434 1253 1473; x_wconf 90' lang='lat' dir='ltr'>mihi</span> <span class='ocrx_word' id='word_1_152' title='bbox 1286 1436 1410 1481; x_wconf 88' lang='lat' dir='ltr'>crede,</span> <span class='ocrx_word' id='word_1_153' title='bbox 1446 1436 1643 1474; x_wconf 87' lang='lat' dir='ltr'>ludebant.</span> <span class='ocrx_word' id='word_1_154' title='bbox 1679 1437 1785 1475; x_wconf 90' lang='lat' dir='ltr'>Cum</span> <span class='ocrx_word' id='word_1_155' title='bbox 1817 1448 1907 1473; x_wconf 92' lang='lat' dir='ltr'>vero</span> 
     </span>
     <span class='ocr_line' id='line_1_20' title="bbox 520 1500 1907 1554; baseline 0 -15"><span class='ocrx_word' id='word_1_156' title='bbox 520 1515 701 1539; x_wconf 85' lang='lat' dir='ltr'>coronam</span> <span class='ocrx_word' id='word_1_157' title='bbox 733 1514 884 1539; x_wconf 85' lang='lat' dir='ltr'>auream</span> <span class='ocrx_word' id='word_1_158' title='bbox 915 1500 1035 1538; x_wconf 86' lang='lat' dir='ltr'>literis</span> <span class='ocrx_word' id='word_1_159' title='bbox 1066 1500 1330 1552; x_wconf 83' lang='lat' dir='ltr'>imponebant,</span> <span class='ocrx_word' id='word_1_160' title='bbox 1361 1514 1400 1539; x_wconf 88' lang='lat' dir='ltr'>re</span> <span class='ocrx_word' id='word_1_161' title='bbox 1431 1514 1515 1539; x_wconf 89' lang='lat' dir='ltr'>vera</span> <span class='ocrx_word' id='word_1_162' title='bbox 1544 1515 1621 1539; x_wconf 87' lang='lat' dir='ltr'>non</span> <span class='ocrx_word' id='word_1_163' title='bbox 1651 1502 1738 1554; x_wconf 87' lang='lat' dir='ltr'>plus</span> <span class='ocrx_word' id='word_1_164' title='bbox 1769 1514 1907 1539; x_wconf 86' lang='lat' dir='ltr'>aurum</span> 
     </span>
     <span class='ocr_line' id='line_1_21' title="bbox 520 1566 1908 1620; baseline -0.001 -14"><span class='ocrx_word' id='word_1_165' title='bbox 520 1568 606 1613; x_wconf 88' lang='lat' dir='ltr'>tibi,</span> <span class='ocrx_word' id='word_1_166' title='bbox 624 1581 741 1620; x_wconf 86' lang='lat' dir='ltr'>quam</span> <span class='ocrx_word' id='word_1_167' title='bbox 762 1566 991 1612; x_wconf 85' lang='lat' dir='ltr'>monedulae,</span> <span class='ocrx_word' id='word_1_168' title='bbox 1007 1567 1326 1612; x_wconf 68' lang='lat' dir='ltr'>committebant,</span> <span class='ocrx_word' id='word_1_169' title='bbox 1346 1580 1392 1605; x_wconf 89' lang='lat' dir='ltr'>ne</span> <span class='ocrx_word' id='word_1_170' title='bbox 1413 1576 1498 1606; x_wconf 89' lang='lat' dir='ltr'>tum</span> <span class='ocrx_word' id='word_1_171' title='bbox 1519 1568 1676 1620; x_wconf 88' lang='lat' dir='ltr'>quidem</span> <span class='ocrx_word' id='word_1_172' title='bbox 1697 1567 1908 1606; x_wconf 90' lang='lat' dir='ltr'>hominum</span> 
     </span>
     <span class='ocr_line' id='line_1_22' title="bbox 519 1633 1908 1687; baseline -0.001 -14"><span class='ocrx_word' id='word_1_173' title='bbox 519 1635 754 1673; x_wconf 86' lang='lat' dir='ltr'>venustatem</span> <span class='ocrx_word' id='word_1_174' title='bbox 775 1643 812 1672; x_wconf 90' lang='lat' dir='ltr'>et</span> <span class='ocrx_word' id='word_1_175' title='bbox 831 1633 983 1672; x_wconf 85' lang='lat' dir='ltr'>facetias</span> <span class='ocrx_word' id='word_1_176' title='bbox 1003 1633 1211 1687; x_wconf 84' lang='lat' dir='ltr'>perspicere</span> <span class='ocrx_word' id='word_1_177' title='bbox 1231 1633 1415 1687; x_wconf 87' lang='lat' dir='ltr'>potuisti?</span> <span class='ocrx_word' id='word_1_178' title='bbox 1448 1634 1512 1673; x_wconf 85' lang='lat' dir='ltr'>Isti</span> <span class='ocrx_word' id='word_1_179' title='bbox 1533 1635 1664 1687; x_wconf 89' lang='lat' dir='ltr'>igitur,</span> <span class='ocrx_word' id='word_1_180' title='bbox 1686 1634 1747 1673; x_wconf 90' lang='lat' dir='ltr'>isti</span> <span class='ocrx_word' id='word_1_181' title='bbox 1766 1635 1908 1687; x_wconf 85' lang='lat' dir='ltr'>Perga-</span> 
     </span>
     <span class='ocr_line' id='line_1_23' title="bbox 522 1699 1907 1755; baseline -0.002 -15"><span class='ocrx_word' id='word_1_182' title='bbox 522 1702 642 1747; x_wconf 89' lang='lat' dir='ltr'>meni,</span> <span class='ocrx_word' id='word_1_183' title='bbox 674 1701 981 1755; x_wconf 85' lang='lat' dir='ltr'>proscriptiones,</span> <span class='ocrx_word' id='word_1_184' title='bbox 1015 1712 1108 1752; x_wconf 85' lang='lat' dir='ltr'>quas</span> <span class='ocrx_word' id='word_1_185' title='bbox 1130 1709 1172 1737; x_wconf 91' lang='lat' dir='ltr'>tu</span> <span class='ocrx_word' id='word_1_186' title='bbox 1195 1699 1388 1745; x_wconf 86' lang='lat' dir='ltr'>afferebas,</span> <span class='ocrx_word' id='word_1_187' title='bbox 1421 1702 1726 1753; x_wconf 89' lang='lat' dir='ltr'>repudiaverunt.</span> <span class='ocrx_word' id='word_1_188' title='bbox 1759 1702 1804 1739; x_wconf 90' lang='lat' dir='ltr'>P.</span> <span class='ocrx_word' id='word_1_189' title='bbox 1828 1700 1907 1737; x_wconf 91' lang='lat' dir='ltr'>Or-</span> 
     </span>
     <span class='ocr_line' id='line_1_24' title="bbox 520 1765 1860 1819; baseline -0.001 -13"><span class='ocrx_word' id='word_1_190' title='bbox 520 1769 621 1813; x_wconf 88' lang='lat' dir='ltr'>bius,</span> <span class='ocrx_word' id='word_1_191' title='bbox 652 1766 773 1806; x_wconf 91' lang='lat' dir='ltr'>homo</span> <span class='ocrx_word' id='word_1_192' title='bbox 792 1777 830 1805; x_wconf 90' lang='lat' dir='ltr'>et</span> <span class='ocrx_word' id='word_1_193' title='bbox 849 1767 1015 1819; x_wconf 90' lang='lat' dir='ltr'>prudens</span> <span class='ocrx_word' id='word_1_194' title='bbox 1035 1774 1072 1803; x_wconf 90' lang='lat' dir='ltr'>et</span> <span class='ocrx_word' id='word_1_195' title='bbox 1092 1765 1290 1809; x_wconf 86' lang='lat' dir='ltr'>innocens,</span> <span class='ocrx_word' id='word_1_196' title='bbox 1321 1775 1453 1804; x_wconf 88' lang='lat' dir='ltr'>contra</span> <span class='ocrx_word' id='word_1_197' title='bbox 1473 1776 1509 1803; x_wconf 92' lang='lat' dir='ltr'>te</span> <span class='ocrx_word' id='word_1_198' title='bbox 1529 1766 1660 1804; x_wconf 89' lang='lat' dir='ltr'>omnia</span> <span class='ocrx_word' id='word_1_199' title='bbox 1679 1766 1860 1804; x_wconf 90' lang='lat' dir='ltr'>decrevit.</span> 
     </span>
    </p>

    <p class='ocr_par' dir='ltr' id='par_1_5' title="bbox 521 1830 1917 2545">
     <span class='ocr_line' id='line_1_25' title="bbox 576 1830 1905 1884; baseline -0.002 -13"><span class='ocrx_word' id='word_1_200' title='bbox 576 1833 750 1871; x_wconf 84' lang='lat' dir='ltr'>XXXII.</span> <span class='ocrx_word' id='word_1_201' title='bbox 781 1833 828 1870; x_wconf 87' lang='lat' dir='ltr'>In</span> <span class='ocrx_word' id='word_1_202' title='bbox 853 1833 896 1870; x_wconf 86' lang='lat' dir='ltr'>P.</span> <span class='ocrx_word' id='word_1_203' title='bbox 922 1830 1157 1875; x_wconf 89' lang='lat' dir='ltr'>Globulum,</span> <span class='ocrx_word' id='word_1_204' title='bbox 1187 1844 1321 1868; x_wconf 91' lang='lat' dir='ltr'>meum</span> <span class='ocrx_word' id='word_1_205' title='bbox 1343 1830 1604 1875; x_wconf 74' lang='lat' dir='ltr'>necessarium,</span> <span class='ocrx_word' id='word_1_206' title='bbox 1637 1830 1741 1869; x_wconf 87' lang='lat' dir='ltr'>fuisti</span> <span class='ocrx_word' id='word_1_207' title='bbox 1761 1832 1905 1884; x_wconf 87' lang='lat' dir='ltr'>gratio-</span> 
     </span>
     <span class='ocr_line' id='line_1_26' title="bbox 521 1897 1907 1950; baseline -0.001 -14"><span class='ocrx_word' id='word_1_208' title='bbox 521 1898 604 1936; x_wconf 81' lang='lat' dir='ltr'>fior.</span> <span class='ocrx_word' id='word_1_209' title='bbox 638 1898 800 1936; x_wconf 86' lang='lat' dir='ltr'>Utinam</span> <span class='ocrx_word' id='word_1_210' title='bbox 815 1910 945 1949; x_wconf 84' lang='lat' dir='ltr'>neque</span> <span class='ocrx_word' id='word_1_211' title='bbox 966 1897 1106 1949; x_wconf 88' lang='lat' dir='ltr'>ipsum,</span> <span class='ocrx_word' id='word_1_212' title='bbox 1137 1910 1261 1949; x_wconf 89' lang='lat' dir='ltr'>neque</span> <span class='ocrx_word' id='word_1_213' title='bbox 1285 1910 1362 1941; x_wconf 90' lang='lat' dir='ltr'>me,</span> <span class='ocrx_word' id='word_1_214' title='bbox 1393 1897 1622 1950; x_wconf 79' lang='lat' dir='ltr'>poeniteret!</span> <span class='ocrx_word' id='word_1_215' title='bbox 1656 1898 1842 1935; x_wconf 89' lang='lat' dir='ltr'>Flaccum</span> <span class='ocrx_word' id='word_1_216' title='bbox 1866 1897 1907 1935; x_wconf 91' lang='lat' dir='ltr'>in</span> 
     </span>
     <span class='ocr_line' id='line_1_27' title="bbox 521 1962 1908 2015; baseline -0.001 -13"><span class='ocrx_word' id='word_1_217' title='bbox 521 1965 626 2002; x_wconf 87' lang='lat' dir='ltr'>curia</span> <span class='ocrx_word' id='word_1_218' title='bbox 646 1963 901 2001; x_wconf 83' lang='lat' dir='ltr'>decreviffent.</span> <span class='ocrx_word' id='word_1_219' title='bbox 918 1963 1114 2001; x_wconf 88' lang='lat' dir='ltr'>Veridicas</span> <span class='ocrx_word' id='word_1_220' title='bbox 1135 1963 1308 2015; x_wconf 85' lang='lat' dir='ltr'>adjungis</span> <span class='ocrx_word' id='word_1_221' title='bbox 1329 1963 1453 2001; x_wconf 86' lang='lat' dir='ltr'>causas</span> <span class='ocrx_word' id='word_1_222' title='bbox 1474 1963 1781 2008; x_wconf 84' lang='lat' dir='ltr'>inimicitiarum,</span> <span class='ocrx_word' id='word_1_223' title='bbox 1803 1962 1908 2015; x_wconf 92' lang='lat' dir='ltr'>quod</span> 
     </span>
     <span class='ocr_line' id='line_1_28' title="bbox 522 2029 1907 2083; baseline -0.001 -15"><span class='ocrx_word' id='word_1_224' title='bbox 522 2031 619 2083; x_wconf 89' lang='lat' dir='ltr'>patri</span> <span class='ocrx_word' id='word_1_225' title='bbox 640 2031 687 2068; x_wconf 90' lang='lat' dir='ltr'>L.</span> <span class='ocrx_word' id='word_1_226' title='bbox 711 2030 855 2074; x_wconf 85' lang='lat' dir='ltr'>Flacci,</span> <span class='ocrx_word' id='word_1_227' title='bbox 887 2029 987 2067; x_wconf 84' lang='lat' dir='ltr'>aedili</span> <span class='ocrx_word' id='word_1_228' title='bbox 1007 2029 1146 2073; x_wconf 89' lang='lat' dir='ltr'>curuli,</span> <span class='ocrx_word' id='word_1_229' title='bbox 1177 2039 1282 2082; x_wconf 81' lang='lat' dir='ltr'>pater</span> <span class='ocrx_word' id='word_1_230' title='bbox 1302 2038 1404 2074; x_wconf 84' lang='lat' dir='ltr'>tuus,</span> <span class='ocrx_word' id='word_1_231' title='bbox 1437 2030 1612 2067; x_wconf 86' lang='lat' dir='ltr'>tribunus</span> <span class='ocrx_word' id='word_1_232' title='bbox 1634 2030 1772 2082; x_wconf 86' lang='lat' dir='ltr'>plebis,</span> <span class='ocrx_word' id='word_1_233' title='bbox 1803 2029 1907 2067; x_wconf 90' lang='lat' dir='ltr'>diem</span> 
     </span>
     <span class='ocr_line' id='line_1_29' title="bbox 521 2095 1917 2148; baseline -0.001 -13"><span class='ocrx_word' id='word_1_234' title='bbox 521 2097 673 2135; x_wconf 87' lang='lat' dir='ltr'>dixerit.</span> <span class='ocrx_word' id='word_1_235' title='bbox 692 2098 747 2134; x_wconf 90' lang='lat' dir='ltr'>At</span> <span class='ocrx_word' id='word_1_236' title='bbox 767 2096 865 2133; x_wconf 89' lang='lat' dir='ltr'>istud</span> <span class='ocrx_word' id='word_1_237' title='bbox 885 2109 931 2133; x_wconf 91' lang='lat' dir='ltr'>ne</span> <span class='ocrx_word' id='word_1_238' title='bbox 952 2096 1019 2148; x_wconf 89' lang='lat' dir='ltr'>ips1</span> <span class='ocrx_word' id='word_1_239' title='bbox 1041 2095 1198 2148; x_wconf 86' lang='lat' dir='ltr'>quidem</span> <span class='ocrx_word' id='word_1_240' title='bbox 1220 2096 1316 2148; x_wconf 84' lang='lat' dir='ltr'>patri</span> <span class='ocrx_word' id='word_1_241' title='bbox 1334 2096 1463 2134; x_wconf 87' lang='lat' dir='ltr'>Flacci</span> <span class='ocrx_word' id='word_1_242' title='bbox 1484 2096 1591 2133; x_wconf 83' lang='lat' dir='ltr'>valde</span> <span class='ocrx_word' id='word_1_243' title='bbox 1611 2096 1818 2134; x_wconf 82' lang='lat' dir='ltr'>molestum</span> <span class='ocrx_word' id='word_1_244' title='bbox 1838 2095 1917 2134; x_wconf 88' lang='lat' dir='ltr'>effe-</span> 
     </span>
     <span class='ocr_line' id='line_1_30' title="bbox 522 2161 1909 2214; baseline -0.001 -14"><span class='ocrx_word' id='word_1_245' title='bbox 522 2162 681 2200; x_wconf 80' lang='lat' dir='ltr'>debuit:</span> <span class='ocrx_word' id='word_1_246' title='bbox 715 2161 920 2214; x_wconf 81' lang='lat' dir='ltr'>praesertim</span> <span class='ocrx_word' id='word_1_247' title='bbox 951 2175 1042 2199; x_wconf 88' lang='lat' dir='ltr'>cum</span> <span class='ocrx_word' id='word_1_248' title='bbox 1075 2161 1154 2206; x_wconf 85' lang='lat' dir='ltr'>ille,</span> <span class='ocrx_word' id='word_1_249' title='bbox 1184 2162 1247 2198; x_wconf 90' lang='lat' dir='ltr'>cui</span> <span class='ocrx_word' id='word_1_250' title='bbox 1279 2161 1357 2199; x_wconf 86' lang='lat' dir='ltr'>dies</span> <span class='ocrx_word' id='word_1_251' title='bbox 1390 2162 1488 2199; x_wconf 64' lang='lat' dir='ltr'>dicta</span> <span class='ocrx_word' id='word_1_252' title='bbox 1518 2161 1583 2206; x_wconf 87' lang='lat' dir='ltr'>est,</span> <span class='ocrx_word' id='word_1_253' title='bbox 1615 2171 1753 2214; x_wconf 79' lang='lat' dir='ltr'>praetor</span> <span class='ocrx_word' id='word_1_254' title='bbox 1783 2161 1909 2214; x_wconf 86' lang='lat' dir='ltr'>postea</span> 
     </span>
     <span class='ocr_line' id='line_1_31' title="bbox 522 2226 1906 2280; baseline -0.001 -14"><span class='ocrx_word' id='word_1_255' title='bbox 522 2227 642 2266; x_wconf 72' lang='lat' dir='ltr'>faCtus</span> <span class='ocrx_word' id='word_1_256' title='bbox 669 2227 726 2272; x_wconf 74' lang='lat' dir='ltr'>sit,</span> <span class='ocrx_word' id='word_1_257' title='bbox 757 2237 794 2264; x_wconf 89' lang='lat' dir='ltr'>et</span> <span class='ocrx_word' id='word_1_258' title='bbox 822 2227 979 2271; x_wconf 78' lang='lat' dir='ltr'>consu13</span> <span class='ocrx_word' id='word_1_259' title='bbox 1011 2227 1090 2271; x_wconf 90' lang='lat' dir='ltr'>ille,</span> <span class='ocrx_word' id='word_1_260' title='bbox 1121 2227 1189 2279; x_wconf 88' lang='lat' dir='ltr'>qui</span> <span class='ocrx_word' id='word_1_261' title='bbox 1215 2227 1318 2265; x_wconf 89' lang='lat' dir='ltr'>diem</span> <span class='ocrx_word' id='word_1_262' title='bbox 1344 2226 1456 2271; x_wconf 87' lang='lat' dir='ltr'>dixit,</span> <span class='ocrx_word' id='word_1_263' title='bbox 1488 2241 1565 2265; x_wconf 83' lang='lat' dir='ltr'>non</span> <span class='ocrx_word' id='word_1_264' title='bbox 1594 2228 1761 2279; x_wconf 79' lang='lat' dir='ltr'>pot&#39;uerit</span> <span class='ocrx_word' id='word_1_265' title='bbox 1779 2227 1906 2280; x_wconf 88' lang='lat' dir='ltr'>priva-</span> 
     </span>
     <span class='ocr_line' id='line_1_32' title="bbox 523 2293 1906 2346; baseline -0.001 -14"><span class='ocrx_word' id='word_1_266' title='bbox 523 2304 583 2332; x_wconf 82' lang='lat' dir='ltr'>tus</span> <span class='ocrx_word' id='word_1_267' title='bbox 604 2295 642 2331; x_wconf 91' lang='lat' dir='ltr'>in</span> <span class='ocrx_word' id='word_1_268' title='bbox 668 2294 822 2331; x_wconf 83' lang='lat' dir='ltr'>civitate</span> <span class='ocrx_word' id='word_1_269' title='bbox 842 2293 1049 2330; x_wconf 77' lang='lat' dir='ltr'>consistere.</span> <span class='ocrx_word' id='word_1_270' title='bbox 1083 2293 1167 2337; x_wconf 84' lang='lat' dir='ltr'>Sed,</span> <span class='ocrx_word' id='word_1_271' title='bbox 1200 2293 1223 2330; x_wconf 91' lang='lat' dir='ltr'>s1</span> <span class='ocrx_word' id='word_1_272' title='bbox 1239 2293 1357 2344; x_wconf 86' lang='lat' dir='ltr'>justas</span> <span class='ocrx_word' id='word_1_273' title='bbox 1378 2293 1600 2331; x_wconf 85' lang='lat' dir='ltr'>inimicitias</span> <span class='ocrx_word' id='word_1_274' title='bbox 1622 2294 1794 2346; x_wconf 85' lang='lat' dir='ltr'>putabas,</span> <span class='ocrx_word' id='word_1_275' title='bbox 1824 2305 1906 2337; x_wconf 87' lang='lat' dir='ltr'>cur,</span> 
     </span>
     <span class='ocr_line' id='line_1_33' title="bbox 523 2357 1904 2411; baseline -0.002 -14"><span class='ocrx_word' id='word_1_276' title='bbox 523 2373 614 2397; x_wconf 88' lang='lat' dir='ltr'>cum</span> <span class='ocrx_word' id='word_1_277' title='bbox 636 2359 812 2397; x_wconf 83' lang='lat' dir='ltr'>tribunus</span> <span class='ocrx_word' id='word_1_278' title='bbox 834 2358 1006 2396; x_wconf 87' lang='lat' dir='ltr'>militum</span> <span class='ocrx_word' id='word_1_279' title='bbox 1030 2359 1188 2396; x_wconf 86' lang='lat' dir='ltr'>Flaccus</span> <span class='ocrx_word' id='word_1_280' title='bbox 1208 2357 1310 2403; x_wconf 78' lang='lat' dir='ltr'>effer,</span> <span class='ocrx_word' id='word_1_281' title='bbox 1330 2359 1368 2395; x_wconf 89' lang='grc'>111</span> <span class='ocrx_word' id='word_1_282' title='bbox 1390 2360 1469 2411; x_wconf 72' lang='lat' dir='ltr'>ejus</span> <span class='ocrx_word' id='word_1_283' title='bbox 1486 2359 1638 2410; x_wconf 80' lang='lat' dir='ltr'>legione</span> <span class='ocrx_word' id='word_1_284' title='bbox 1656 2359 1766 2397; x_wconf 84' lang='lat' dir='ltr'>miles</span> <span class='ocrx_word' id='word_1_285' title='bbox 1786 2357 1904 2401; x_wconf 87' lang='lat' dir='ltr'>fuisti,</span> 
     </span>
     <span class='ocr_line' id='line_1_34' title="bbox 523 2424 1904 2478; baseline -0.001 -15"><span class='ocrx_word' id='word_1_286' title='bbox 523 2440 614 2464; x_wconf 87' lang='lat' dir='ltr'>cum</span> <span class='ocrx_word' id='word_1_287' title='bbox 637 2426 706 2464; x_wconf 86' lang='lat' dir='ltr'>tibi</span> <span class='ocrx_word' id='word_1_288' title='bbox 728 2440 794 2478; x_wconf 87' lang='lat' dir='ltr'>per</span> <span class='ocrx_word' id='word_1_289' title='bbox 814 2426 913 2478; x_wconf 85' lang='lat' dir='ltr'>leges</span> <span class='ocrx_word' id='word_1_290' title='bbox 936 2425 1118 2463; x_wconf 88' lang='lat' dir='ltr'>militares</span> <span class='ocrx_word' id='word_1_291' title='bbox 1139 2424 1304 2477; x_wconf 83' lang='lat' dir='ltr'>effugere</span> <span class='ocrx_word' id='word_1_292' title='bbox 1324 2425 1455 2463; x_wconf 85' lang='lat' dir='ltr'>liceret</span> <span class='ocrx_word' id='word_1_293' title='bbox 1476 2426 1719 2477; x_wconf 75' lang='lat' dir='ltr'>iniquitatem</span> <span class='ocrx_word' id='word_1_294' title='bbox 1738 2424 1904 2463; x_wconf 86' lang='lat' dir='ltr'>tribuni?</span> 
     </span>
     <span class='ocr_line' id='line_1_35' title="bbox 523 2489 1904 2545; baseline -0.003 -15"><span class='ocrx_word' id='word_1_295' title='bbox 523 2495 605 2530; x_wconf 75' lang='lat' dir='ltr'>Cur</span> <span class='ocrx_word' id='word_1_296' title='bbox 625 2501 751 2530; x_wconf 85' lang='lat' dir='ltr'>autem</span> <span class='ocrx_word' id='word_1_297' title='bbox 771 2502 908 2545; x_wconf 75' lang='lat' dir='ltr'>praetor</span> <span class='ocrx_word' id='word_1_298' title='bbox 930 2501 978 2537; x_wconf 92' lang='lat' dir='ltr'>te,</span> <span class='ocrx_word' id='word_1_299' title='bbox 997 2492 1202 2530; x_wconf 82' lang='lat' dir='ltr'>inimicum</span> <span class='ocrx_word' id='word_1_300' title='bbox 1219 2501 1436 2545; x_wconf 84' lang='lat' dir='ltr'>paternum,</span> <span class='ocrx_word' id='word_1_301' title='bbox 1455 2493 1493 2530; x_wconf 86' lang='lat' dir='ltr'>in</span> <span class='ocrx_word' id='word_1_302' title='bbox 1511 2492 1712 2531; x_wconf 83' lang='lat' dir='ltr'>confilium</span> <span class='ocrx_word' id='word_1_303' title='bbox 1734 2489 1904 2530; x_wconf 80' lang='lat' dir='ltr'>vocavit?</span> 
     </span>
    </p>
   </div>
  </div>
 </body>
</html>
