2212 2835
678 156 820 198 PRO
880 157 928 196 L.
989 157 1326 198 MURENA.
1642 174 1715 217 231

319 266 497 312 paternus
516 256 681 302 amicus,
714 258 791 296 Cn.
814 256 1049 303 Postumius,
1082 268 1207 304 vetus,
1240 268 1282 297 ut
1301 259 1352 297 ait
1373 259 1465 312 ipse,
1490 260 1655 307 vicinus,
1678 276 1722 301 ac

318 324 557 371 necessarius,
587 325 657 378 qui
678 324 961 363 neceffitudinis
982 324 1107 363 causas
1128 326 1349 378 complures
1373 328 1550 379 protulit,
1583 328 1718 367 {imul-

317 391 406 429 tatis
434 391 582 430 nullam
609 403 913 430 commemorare
938 391 1094 443 potuit:
1126 391 1276 430 accusat
1303 394 1381 430 Ser.
1415 394 1623 446 Sulpicius,
1656 395 1717 434 so-

319 457 413 496 dalis
435 457 521 503 filii,
551 458 662 510 cujus
683 457 841 510 ingenio
860 457 1008 509 paterni
1028 470 1162 495 omnes
1184 457 1377 497 neceffarii
1397 461 1625 499 munitiores
1647 461 1718 499 effe

318 524 536 564 debebant:
568 523 717 562 accusat
738 524 801 562 M.
826 524 938 568 Cato,
970 523 1053 576 qui,
1081 537 1304 576 quanquam
1323 538 1343 562 a
1363 525 1532 564 Murena
1552 528 1658 565 nulla
1678 542 1717 566 re

317 604 491 644 unquam
510 590 655 629 alienus
676 589 766 635 fuit,
785 599 913 628 tamen
933 603 976 627 ea
991 590 1214 629 conditione
1234 591 1345 630 nobis
1366 602 1443 630 erat
1463 592 1503 630 in
1523 591 1596 632 hac
1617 595 1715 632 civi-

315 666 393 695 tate
420 667 546 703 natus,
579 667 621 696 ut
642 659 722 710 ejus
743 670 833 710 opes
855 666 892 695 et
913 657 1116 710 ingenium
1137 658 1309 712 praefidio
1330 658 1466 697 multis
1487 660 1604 699 etiam
1622 661 1716 699 alie-

315 719 491 765 nissimis,
523 719 595 759 vix·
608 721 793 773 cuiquam
814 719 978 758 inimico
998 719 1132 765 exitio,
1163 719 1234 758 effe
1255 721 1423 759 deberet.

368 787 627 840 Respondebo
657 787 778 840 igitur
804 786 1003 825 Postumio
1031 786 1221 840 pslmum,
1253 788 1322 840 qui
1349 787 1474 826 nescio
1500 803 1578 842 quo
1603 792 1715 842 paffito

313 851 415 892 mihi
432 854 583 893 videtur
602 853 800 907 praetorius
821 853 1045 891 candidatus
1066 853 1107 891 in
1135 853 1389 900 consularem,
1421 856 1524 907 quasi
1545 856 1713 895 desulto-

313 919 391 957 rius
413 920 453 957 in
474 920 748 972 quadrigarum
768 919 1023 964 curriculum,
1055 919 1261 959 incurrere.
1295 922 1418 974 Cujus
1439 923 1712 975 competitores

312 985 338 1024 sl
360 985 459 1024 nihil
480 986 741 1039 deliquerunt,
763 986 943 1039 dignitati
963 999 1098 1025 eorum
1118 987 1313 1032 conceffit,
1335 1001 1426 1026 cum
1448 999 1575 1041 petere
1595 990 1711 1028 desti-

311 1052 387 1091 tit:
419 1053 474 1091 sm
505 1063 635 1092 autem
667 1067 803 1092 eorum
834 1053 973 1105 aliquis
1002 1053 1160 1106 largitus
1187 1054 1268 1098 est;
1300 1056 1534 1108 expetendus
1563 1058 1710 1096 amicus

311 1118 377 1164 est,
399 1120 467 1172 qui
487 1120 651 1158 alienam
671 1120 801 1173 potius
822 1119 1018 1171 injuriam,
1040 1133 1157 1171 quam
1177 1120 1297 1165 suam,
1322 1121 1577 1174 persequatur.
1601 1125 1625 1149 *
1644 1126 1667 1149 ἦ
1685 1126 1710 1150 ÷÷÷

367 1181 564 1220 XXVIII.
596 1181 724 1219 Venio
743 1193 848 1218 nunc
876 1180 922 1217 ad
950 1180 1014 1218 M.
1045 1181 1251 1226 Catonem,
1283 1182 1389 1234 quod
1409 1183 1461 1220 est
1482 1184 1709 1224 firmamen-

309 1256 397 1286 tum
417 1261 459 1286 ac
479 1248 598 1286 robur
617 1248 736 1287 totius
756 1247 1006 1286 accusationis
1025 1262 1034 1285 :
1067 1248 1136 1300 qui
1155 1256 1283 1286 tamen
1305 1249 1359 1286 ita
1377 1250 1500 1302 gravis
1521 1251 1573 1289 est
1592 1265 1708 1290 accu-

310 1314 406 1354 sator
429 1324 468 1354 et
487 1314 710 1361 vehemens,
732 1324 776 1354 ut
796 1315 924 1354 multo
945 1314 1066 1368 magIs
1087 1316 1167 1368 ejus
1188 1317 1469 1362 auctoritatem,
1492 1332 1609 1371 quarn
1630 1320 1708 1357 cri-

309 1380 580 1427 minationem,
619 1380 902 1436 pertimescam.
954 1382 1000 1419 In
1039 1395 1119 1434 quo
1157 1395 1229 1434 ego
1267 1383 1495 1429 accusatore,
1536 1385 1707 1435 Judices,

307 1447 480 1500 primum
508 1448 607 1486 illud
634 1448 878 1502 deprecabor,
910 1460 957 1485 ne
983 1447 1079 1500 quid
1108 1448 1157 1485 L.
1186 1448 1365 1486 Murenae
1392 1450 1558 1502 dignitas
1585 1451 1708 1497 illius,

307 1526 357 1553 ne
383 1515 478 1567 quid
505 1516 719 1568 expectatio
745 1515 976 1559 tribunatus,
1008 1527 1056 1551 ne
1082 1513 1177 1566 quid
1205 1515 1324 1552 totius
1354 1515 1441 1554 vitae
1468 1517 1646 1569 splendor
1671 1527 1709 1556 et

306 1581 484 1633 gravitaS‚
503 1590 657 1620 noceat:
676 1581 845 1633 denique
864 1593 912 1618 ne
932 1593 973 1618 ea
993 1579 1063 1618 soli
1082 1579 1176 1618 huic
1197 1580 1323 1619 obsmt
1339 1582 1439 1620 bona
1454 1583 1517 1622 M.
1531 1585 1705 1630 Catonis,

306 1659 393 1698 quae
413 1646 479 1685 ille
499 1646 659 1701 adeptus
679 1647 745 1693 est,
768 1655 811 1685 ut
831 1646 966 1685 multis
986 1646 1156 1699 prodeffe
1176 1646 1309 1700 poffet.
1343 1648 1407 1686 Bis
1428 1649 1560 1688 consul
1581 1650 1706 1689 fuerat

307 1713 353 1751 P.
377 1711 599 1758 Africanus,
630 1722 668 1752 et
688 1713 784 1752 duos
805 1723 962 1752 terrores
983 1712 1099 1765 hujus
1120 1714 1290 1766 imperii,
1314 1713 1589 1769 Carthaginem
1612 1717 1705 1755 Nu·

305 1778 586 1832 mantiamque,
617 1779 817 1825 deleverat,
849 1792 941 1817 cum
973 1779 1160 1818 accusavit
1187 1781 1235 1819 L.
1272 1781 1457 1820 Cottam:
1490 1792 1567 1820 erat
1593 1784 1633 1820 in
1659 1796 1707 1822 eo

306 1839 456 1879 summa
484 1841 717 1895 eloquentia,
749 1841 898 1880 summa
930 1841 1038 1887 fides,
1074 1841 1226 1881 summa
1255 1842 1469 1896 integritas,
1501 1845 1704 1883 auctoritas

304 1915 422 1953 tanta,
454 1917 597 1960 quanta
616 1909 656 1947 in
677 1908 759 1962 ipso
778 1909 944 1961 imperio
964 1909 1101 1962 populi
1122 1909 1307 1954 Romani,
1339 1910 1443 1962 quod
1464 1910 1569 1949 illius
1590 1925 1709 1964 opera

303 1974 518 2014 tenebatur.
551 1976 654 2030 Saepe
673 1974 748 2015 hoc
769 1977 930 2028 majores
952 1984 1043 2014 natu
1065 1976 1190 2014 dicere
1209 1976 1352 2022 audivi,
1384 1975 1483 2016 hanc
1505 1979 1701 2017 accusato-

305 2040 355 2078 ris
373 2040 558 2079 eximiam
578 2041 805 2095 dignitatern
825 2042 1041 2095 plurimum
1059 2043 1106 2081 L.
1127 2043 1253 2081 Cottae
1268 2042 1470 2095 profuiss'e:
1494 2044 1703 2083 noluerunt

305 2105 566 2158 sapientiffimi
585 2107 780 2153 homines,
803 2109 870 2161 qui
894 2117 978 2147 tum
1000 2123 1081 2147 rem
1102 2109 1210 2147 illam
1225 2110 1467 2161 judicabant,
1486 2112 1538 2148 ita
1558 2125 1699 2163 quem-

304 2185 422 2224 quam
443 2172 573 2211 cadere
593 2175 632 2212 in
646 2174 812 2225 judicio,
845 2184 888 2212 ut
907 2175 1039 2213 nimiis
1064 2175 1262 2213 adversarii
1283 2176 1427 2214 viribus
1448 2177 1618 2228 abjectus
1641 2178 1699 2214 vi-

305 2238 470 2277 deretur.
492 2239 628 2291 Qid?
652 2241 728 2278 Ser.
750 2241 919 2279 Galbam
939 2241 1046 2293 (nam
1063 2241 1248 2296 traditum
1264 2242 1460 2280 memoriae
1481 2242 1550 2294 est)
1571 2256 1699 2279 nonne

304 2318 445 2357 proavo
484 2314 564 2350 tuo,
604 2304 810 2345 fortiffimo
845 2317 959 2359 atque
997 2307 1262 2346 florentissimo
1301 2308 1394 2353 viro,
1435 2308 1498 2346 M.
1541 2309 1695 2352 Catoni,

304 2386 328 2410 ἅ
350 2386 374 2411 ἧς
397 2387 420 2412 *
451 2387 511 2424 Ea
543 2386 671 2431 omnia,
703 2401 782 2439 quae
812 2398 847 2425 et
883 2388 1071 2441 Postumio,
1102 2397 1138 2428 et
1169 2390 1249 2428 Ser.
1281 2388 1445 2441 Sulpicio,
1477 2386 1694 2440 adolescenti,

301 2448 575 2502 respotgfizstmt,
607 2447 862 2500 defiderantur.
