2212 2835
604 153 695 194 DE
753 154 947 194 LEGE
1005 155 1364 196 AGRARIA.
1624 172 1697 214 143

299 249 533 298 faceffimus,
554 252 793 293 otiofiffimos
815 253 986 294 reddam.
1009 255 1170 293 Etenim
1187 255 1264 293 illis
1280 254 1460 302 honores,
1482 256 1697 310 potestates,

299 318 457 364 divitiae,
488 333 535 358 ex
567 319 742 358 tumultu
773 329 887 373 atque
915 333 962 358 ex
990 320 1280 360 diffenfionibus
1309 321 1457 360 civium
1484 325 1699 377 comparari

299 384 422 425 solent
440 401 450 425 ι
481 399 564 431 vos,
595 399 765 438 quorum
783 387 904 439 gratia
923 387 963 424 in
984 385 1171 439 suffragiis
1192 387 1374 433 confistit‚
1403 388 1558 428 libertas
1580 391 1620 428 in
1640 390 1698 428 le-

299 452 429 504 gibus,
459 452 582 490 honos
604 452 644 490 in
658 452 818 504 judiciis
840 461 877 490 et
898 452 1077 505 aequitate
1098 453 1356 505 magistratus,
1386 463 1425 492 et
1448 468 1505 493 res
1527 455 1697 495 familia-

299 531 357 556 res
377 519 418 556 in
437 531 544 571 pace,
575 519 685 556 omni
705 518 850 557 ratione
869 519 997 557 otium
1018 528 1144 557 tenere
1164 518 1323 558 debetis.
1356 520 1477 566 Nam,
1509 521 1536 560 fi
1557 522 1598 568 ii,
1628 524 1698 576 qui

297 592 453 636 propter
472 583 654 622 desidiam
674 584 715 622 in
734 584 816 623 otio
835 585 985 630 vivunt,
1014 593 1144 623 tamen
1164 584 1206 623 in
1225 584 1289 623 sua
1310 585 1415 639 turpi
1433 586 1570 626 inertia
1589 589 1697 641 capi-

299 659 370 688 unt
389 650 630 703 voluptatem
640 669 651 695 5
674 650 743 689 sub
759 651 839 704 ipso
859 651 954 697 otio,
977 665 1056 704 quo
1077 665 1141 690 vos
1157 651 1355 691 fortunam
1376 653 1520 706 regitis,
1543 654 1569 692 fi
1589 653 1696 693 hunc

298 716 453 762 statum,
489 730 607 770 quern
641 716 805 763 habetis,
841 717 912 756 effe
946 718 1151 757 meliorem
1185 732 1264 757 non
1299 719 1500 772 ignoratiS,
1537 734 1615 760 non
1653 730 1697 759 ut

234 790 238 793 ’
298 783 515 836 quaefitum,
546 783 607 822 sed
627 784 705 822 vita
724 794 879 837 partum
900 785 1027 823 otium
1047 785 1261 824 tenueritis.
1295 786 1414 836 Qod
1441 799 1512 839 ego
1541 796 1579 825 et
1599 800 1695 826 con-

297 850 440 895 cordia,
472 864 590 903 quam
610 849 712 888 mihi
731 850 914 889 constitui
933 864 1025 889 cum
1046 850 1207 904 collega,
1238 850 1471 890 invitissimis
1492 853 1538 890 iis
1559 851 1695 891 homi-

296 916 427 962 nibus,
448 930 545 969 quos
561 917 601 955 in
616 915 818 955 consulatu
837 917 1019 956 inimicos
1040 917 1110 955 effe
1131 927 1169 956 et
1188 918 1328 956 animis
1349 927 1386 957 et
1406 920 1576 973 corporis
1597 920 1694 958 aeli-

297 983 369 1021 bus
389 983 554 1036 providi,
585 983 767 1022 omnibus
787 983 964 1037 prospexi
984 983 1083 1028 sane,
1114 993 1152 1022 et
1171 985 1359 1023 revocavi.
1393 985 1503 1024 Idem
1524 986 1693 1026 tribunis

296 1049 421 1102 plebis
438 1049 673 1095 denuntiavi,
691 1050 785 1102 quid
803 1050 1031 1095 turbulenti,
1049 1063 1112 1088 me
1129 1050 1311 1096 Consule,
1327 1051 1551 1090 conflarent.
1574 1054 1693 1093 Sum-

296 1129 410 1155 mum
430 1125 469 1155 et
489 1116 751 1154 firmiffimum
771 1116 824 1154 est
844 1116 942 1154 illud
960 1116 1238 1154 communibus
1265 1116 1431 1155 fortunis
1458 1117 1691 1171 praesidium,

296 1183 487 1234 Qirites,
508 1191 565 1228 ut,
586 1182 717 1235 quales
737 1195 803 1221 vos
824 1181 1012 1221 hodierno
1032 1182 1094 1220 die
1114 1182 1285 1220 maxima
1299 1182 1486 1222 concione
1501 1183 1602 1222 mihi
1621 1198 1692 1238 pro

295 1248 413 1299 salute
427 1247 546 1287 vestra
561 1248 787 1302 praebuistis,
806 1248 898 1287 tales
913 1248 1071 1301 reliquis
1088 1248 1329 1301 temporibus
1346 1249 1493 1302 populo
1510 1250 1692 1290 Romano

293 1315 507 1368 praebeatis.
529 1315 604 1353 Pro
620 1324 724 1354 certo
740 1315 927 1369 polliceor
945 1315 1022 1355 hoc
1041 1315 1150 1354 vobis
1173 1324 1289 1368 atque
1309 1315 1514 1361 confirmo,
1537 1330 1600 1354 me
1619 1317 1691 1356 effe

293 1380 570 1435 perfee‘mrum,
602 1391 646 1421 ut
666 1383 750 1435 jam
778 1383 934 1421 tandem
959 1382 1032 1429 illi,
1064 1382 1134 1435 qui
1159 1381 1299 1421 honori
1329 1382 1552 1421 inviderunt
1582 1397 1688 1429 meo,

294 1458 423 1488 tamen
461 1461 528 1488 vos
562 1448 755 1488 universos
789 1449 830 1488 in
865 1448 1035 1488 Consule
1068 1448 1274 1502 deligendo
1307 1448 1525 1502 plurimum
1558 1448 1689 1488 vidiffe

293 1513 496 1553 fateantur.
