2212 2835
390 190 463 230 182
827 179 1231 220 ORATIO
1309 179 1366 218 ΙΙ.

387 287 587 341 gladiatori
620 286 679 323 ilii
709 282 885 322 confecto
915 290 952 319 et
985 280 1112 318 saucio
1143 279 1314 317 consules
1346 277 1666 332 imperatoresque
1696 277 1778 317 ves-

388 364 466 392 tros
499 353 708 405 opponite:
750 348 886 387 deinde
921 356 1054 385 contra
1091 346 1200 384 illam
1238 345 1511 398 naufragorum
1546 345 1704 395 ejectam
1739 357 1781 382 ac

389 420 630 458 debilitatam
652 430 813 455 manum
834 415 969 453 florem
998 413 1117 452 totius
1144 412 1263 450 Italiae
1291 425 1333 449 ac
1361 412 1477 450 robur
1496 410 1662 448 educite.
1694 411 1784 461 Jam

389 500 477 524 vero
509 486 620 523 urbes
655 484 897 522 coloniarum
931 495 974 519 ae
1009 480 1316 533 municipiorum
1351 478 1637 531 respondebunt
1673 476 1784 515 Cati-

390 553 479 592 linae
514 552 677 590 tumulis
711 550 954 590 silvestribus.
994 548 1137 600 Neque
1176 560 1264 584 vero
1301 556 1451 585 caeteras
1487 546 1629 598 copiaS,
1670 557 1784 582 orna-

392 629 535 663 menta,
567 618 733 672 praefidia
764 616 894 659 vestra,
925 628 1018 652 cum
1048 614 1153 651 illius
1185 612 1342 651 latronis
1374 612 1503 665 inopia
1533 621 1649 663 atque
1679 609 1786 662 eges-

393 696 468 725 tate
499 685 671 724 conferre
701 684 834 722 debeo.
875 682 946 720 Sed
976 681 1017 726 fi,
1048 680 1193 719 omiffis
1224 679 1285 717 his
1317 680 1431 718 rebus
1461 679 1660 722 omnibus,
1696 676 1789 729 qui-

393 753 465 792 bus
501 767 568 791 nos
604 751 904 804 suppeditamus‚
935 756 1022 800 eget
1056 747 1134 792 ille,
1170 746 1313 792 senatu,
1348 746 1546 798 equitibus
1582 743 1787 787 Romanis,

394 820 552 874 populo,
597 820 704 863 urbe,
746 817 887 860 aerario,
928 813 1193 866 vectigalibus,
1238 814 1376 850 cuneta
1416 812 1537 856 Italia,
1578 810 1789 865 provinciis

395 887 593 930 omnibus,
628 885 765 923 exteris
802 881 1056 924 nationibus;
1092 879 1134 924 s1,
1170 879 1345 931 inquam,
1384 877 1446 915 his
1482 877 1594 915 rebus
1631 876 1790 920 omiffis,

395 953 490 1006 ipsas
522 952 661 995 causas,
693 965 778 1002 quae
810 950 909 986 inter
940 947 977 985 se
1007 945 1240 998 confligunt,
1271 944 1503 983 contendere
1534 943 1714 987 velimus,
1745 954 1793 979 ex

398 1034 442 1058 eo
462 1018 558 1071 ipso,
589 1031 705 1070 quam
734 1015 841 1054 valde
868 1014 927 1052 illi
948 1014 1113 1066 jaceant,
1144 1011 1359 1064 intelligere
1386 1010 1598 1064 possumus.
1631 1010 1693 1047 Ex
1720 1006 1794 1046 hac

397 1087 503 1124 enim
524 1094 629 1138 parte
656 1084 781 1137 pudor
801 1090 961 1136 pugnat,
992 1079 1103 1117 illinc
1123 1079 1360 1132 petulantia:
1393 1077 1486 1116 hinc
1510 1076 1713 1131 pudicitia,
1742 1074 1794 1113 il-

397 1153 477 1191 linc
509 1152 710 1204 stuprum:
741 1148 836 1186 hinc
869 1147 974 1191 fides,
1005 1145 1116 1183 illinc
1142 1143 1363 1183 fraudatio:
1395 1143 1489 1182 hinc
1517 1144 1652 1196 pietas,
1683 1141 1796 1180 illine

399 1219 549 1258 scelus:
590 1217 684 1255 hinc
722 1213 954 1258 constantia,
993 1212 1105 1250 illinc
1143 1210 1278 1250 furor:
1318 1209 1412 1250 hinc
1450 1209 1646 1254 honestas,
1685 1208 1796 1246 illine

399 1283 628 1338 turpitudo:
666 1281 760 1320 hinc
793 1279 1048 1323 continentia,
1083 1278 1195 1316 illinc
1228 1277 1379 1316 libido:
1421 1277 1590 1329 denique
1623 1275 1797 1327 aequitas,

400 1349 666 1403 temperantia,
697 1346 900 1391 fortitudo,
932 1345 1148 1399 prudentia,
1178 1344 1338 1382 virtutes
1358 1356 1508 1388 omnes,
1535 1350 1684 1381 certant
1703 1353 1797 1379 cum

402 1417 619 1469 iniquitate,
655 1428 748 1453 cum
782 1413 948 1457 luxuria,
983 1425 1077 1449 cum
1111 1411 1275 1463 ignavia,
1311 1423 1404 1448 curn
1438 1409 1666 1453 temeritate,
1702 1419 1798 1445 cum

402 1484 506 1522 vitiis
525 1482 736 1521 omnibus:
769 1480 962 1534 postremo
981 1479 1102 1531 copiae
1128 1491 1222 1515 cum
1248 1477 1424 1530 egestate,
1455 1476 1556 1515 bona
1583 1475 1680 1513 ratio
1705 1486 1801 1512 cum

402 1551 563 1604 perdita,
595 1562 702 1588 mens
724 1548 807 1587 sana
833 1560 925 1586 cum
952 1545 1132 1590 amentia,
1163 1545 1265 1582 bona
1289 1544 1458 1596 denique
1484 1543 1564 1596 spes
1590 1554 1684 1580 cum
1709 1553 1800 1579 om-

403 1618 516 1656 nium
551 1630 680 1655 rerum
714 1614 984 1668 desperatione,
1024 1611 1216 1664 confligit.
1257 1612 1304 1650 In
1335 1609 1561 1663 hujusmodi
1593 1607 1803 1648 certamine

403 1697 448 1722 ac
475 1684 620 1736 praelio,
651 1695 793 1727 nonne,
824 1681 941 1719 etiarn
968 1679 994 1718 fi
1019 1677 1231 1716 hominum
1261 1677 1384 1716 studia
1407 1676 1601 1721 deficiant,
1632 1674 1704 1713 Dii
1733 1672 1803 1726 ipfi

406 1750 644 1788 immortales
672 1757 812 1801 cogent
840 1747 887 1784 ab
913 1745 974 1783 his
1002 1743 1294 1797 praeclarisfirnis
1321 1743 1530 1781 virtutibus
1558 1750 1617 1780 tot
1642 1749 1681 1779 et
1701 1746 1805 1778 tanta

407 1818 499 1856 vitia
520 1816 682 1869 superari
702 1815 714 1851 ?

463 1883 558 1920 XII.
591 1882 690 1932 Qae
711 1893 802 1918 cum
830 1879 882 1916 ita
908 1878 993 1922 sint,
1025 1876 1215 1927 Qirites,
1246 1888 1328 1920 VOS,
1366 1873 1700 1927 quemadmodum
1722 1873 1806 1926 jam

405 1958 516 1987 antea
536 1948 631 1992 dixi,
663 1946 780 1984 vestra
799 1946 896 1983 tecta
915 1944 1096 1983 custodiis
1117 1942 1336 1996 vigiliisque
1359 1940 1553 1979 defendite
1571 1955 1580 1978 ι
1613 1938 1728 1984 mihi,
1759 1946 1804 1976 ut

410 2015 497 2054 urbi
518 2014 594 2052 fine
615 2014 735 2052 vestro
756 2022 881 2058 motu,
912 2026 954 2050 ac
976 2011 1052 2049 fine
1073 2009 1154 2047 ullo
1184 2009 1373 2053 tumultu,
1405 2008 1490 2046 satis
1518 2007 1606 2045 effet
1631 2004 1806 2059 praefidii,

409 2081 633 2120 consultum
664 2093 706 2118 ac
733 2079 927 2132 provisum
958 2077 1023 2115 est.
1057 2075 1200 2114 Coloni
1227 2088 1375 2120 omnes,
1406 2073 1699 2126 municipesque
1725 2069 1808 2109 ves-

405 2144 470 2187 tri,
502 2143 679 2181 certiores
711 2155 731 2178 a
763 2153 824 2178 me
856 2139 946 2177 facti
977 2139 1023 2176 de
1050 2136 1123 2175 hac
1155 2139 1339 2176 nocturna
1366 2135 1587 2174 excursione
1615 2132 1807 2177 Catilinae,

412 2209 525 2248 facile
560 2209 671 2247 urbes
706 2207 786 2245 suas
821 2206 990 2258 finesque
1027 2203 1258 2242 defendent:
1300 2202 1542 2256 gladiatores,
1580 2213 1698 2253 quam
1737 2197 1807 2236 fibi

413 2276 480 2313 ille
518 2275 731 2313 maximam
768 2285 942 2315 manum,
982 2280 1020 2308 et
1058 2269 1320 2313 certiffimam,
1359 2267 1440 2306 fore
1480 2266 1644 2320 putavit,
1684 2276 1808 2317 quan-

413 2355 531 2394 quam
567 2341 726 2379 meliore
758 2339 889 2376 animo
924 2337 1026 2381 sunt,
1057 2349 1174 2388 quam
1210 2347 1292 2388 pars
1331 2333 1595 2388 patriciorum,
1628 2329 1810 2384 potestate

417 2417 544 2446 tamen
581 2406 703 2445 nostra
740 2404 1056 2443 continebuntur.
1097 2403 1165 2454 Q
1194 2401 1397 2446 Metellus,
1437 2413 1556 2451 quem
1593 2411 1679 2450 ego,
1720 2408 1810 2448 pro-

418 2473 579 2527 spiciens
610 2472 699 2518 hoc,
732 2472 770 2510 in
799 2483 935 2523 agrum
967 2468 1218 2509 Gallicanum
1246 2468 1515 2518 Picenumque
1541 2462 1716 2518 praemifi,
1747 2468 1813 2499 aut
