2212 2835
633 189 771 229 PRo
828 190 1126 230 ARCHIA
1184 193 1441 233 POETA.
1656 210 1734 251 317

396 288 485 327 Hac
506 296 609 327 tanta
629 288 850 328 celebritate
870 288 982 328 famae
1001 302 1095 328 cum
1121 289 1209 328 esset
1231 291 1313 342 jam
1342 292 1560 331 absentibus
1589 301 1701 331 notus
1719 322 1731 338 ,

341 354 511 393 Romam
533 356 638 393 venit
655 385 666 401 ‚
698 356 826 393 lWario
846 355 1001 393 consule
1017 384 1028 401 ,
1059 365 1097 393 et
1125 356 1267 394 Catulo
1285 372 1293 394 :
1327 360 1457 396 nastus
1485 359 1537 396 est
1557 360 1732 412 primum

340 420 512 459 consules
532 435 595 460 eos
612 450 624 466 ,
655 435 823 474 quorum
844 421 938 459 alter
964 434 1020 459 res
1047 421 1094 458 ad
1119 421 1364 461 scribendum
1392 425 1578 463 maximas
1595 454 1606 470 ,
1638 426 1733 464 alter

338 499 430 525 cum
452 500 508 526 res
528 487 661 539 gestas,
687 497 773 526 tum
793 488 909 525 etiam
928 487 1099 525 studium
1120 496 1235 539 atque
1254 502 1375 533 aures,
1397 489 1577 528 adhibere
1596 492 1729 543 poffet.

338 553 474 591 Statim
495 553 669 598 Luculli,
699 566 792 591 cum
812 561 1058 606 praetextatus
1079 553 1194 591 etiam
1217 562 1300 592 tum
1323 553 1485 594 Archias
1506 556 1607 601 effet,
1639 571 1731 596 eum

335 618 499 656 domum
520 617 626 656 suam
647 628 885 672 receperunt.
918 619 989 657 Sed
1009 620 1127 658 etiam
1154 617 1230 658 hoc
1258 634 1335 659 non
1362 621 1486 660 solum
1514 623 1662 675 ingenii
1688 636 1730 662 ac

333 683 544 729 literarum,
576 698 709 724 verum
737 686 853 724 etiam
880 695 1022 724 naturae
1042 696 1158 738 atque
1179 687 1347 733 virtutis,
1379 687 1478 733 fuit;
1511 698 1554 727 ut
1574 689 1727 735 domus,

333 764 419 802 quae
438 749 554 803 hujus
575 751 837 790 adolescentiae
857 752 983 805 prima
1001 751 1119 790 fuerit
1136 782 1147 797 ,
1178 753 1310 791 eadem
1329 753 1418 792 effet
1437 753 1730 794 familiariffima

330 816 528 855 senectuti.
552 819 646 856 Erat
667 819 906 871 temporibus
928 819 1005 856 illis
1020 819 1218 871 jucundus
1241 820 1478 871 QMetello
1498 821 1557 859 illi
1576 823 1726 861 Numi-

331 883 420 921 dico
435 912 446 928 ,
477 892 514 921 et
534 884 614 936 ejus
637 884 707 922 Pio
728 883 808 922 filio
827 899 836 923 ι
868 885 1091 924 audiebatur
1110 900 1130 923 a
1150 887 1212 924 M.
1237 887 1402 925 AEmilio
1421 902 1429 926 :
1463 888 1614 926 vivebat
1633 903 1727 928 cum

331 949 566 1000 QCatulo,
597 957 634 988 et
654 959 772 1002 patre,
804 959 842 988 et
868 951 976 990 filio:
1009 965 1030 989 a
1056 953 1105 990 L.
1130 952 1259 991 Crasso
1279 953 1504 992 colebatur:
1537 955 1725 994 Lucullos
1748 990 1760 996 ,

331 1028 433 1060 vero,
464 1024 502 1053 et
523 1015 711 1060 Drusum,
742 1025 780 1054 et
801 1017 996 1062 Offivios,
1028 1027 1065 1056 et
1094 1019 1300 1063 Catonern,
1332 1030 1370 1057 et
1398 1028 1517 1058 totam
1546 1021 1724 1060 Horten-

330 1080 471 1119 fiorum
491 1081 655 1120 domum
675 1082 892 1121 devinctam
913 1083 1189 1122 consuetudine
1209 1098 1302 1122 cum
1327 1094 1471 1124 teneret
1488 1115 1499 1131 ,
1530 1087 1724 1126 afficieba-

329 1155 393 1185 tur
426 1147 579 1186 summo
613 1146 773 1193 honore,
806 1148 911 1200 quod
940 1162 1028 1188 eum
1063 1163 1141 1187 non
1172 1149 1297 1188 solum
1325 1151 1516 1197 colebant,
1548 1153 1616 1204 qui
1650 1154 1723 1192 ali-

328 1213 422 1264 quid
443 1213 638 1266 percipere
658 1223 772 1267 atque
792 1215 920 1252 audire
940 1214 1155 1261 studebant,
1178 1229 1311 1254 verum
1333 1217 1465 1262 etiam,
1488 1217 1511 1255 fi
1533 1218 1602 1270 qui
1623 1218 1723 1258 forte

327 1277 569 1318 fimulabant.
964 1333 972 1339 β

379 1345 452 1384 IV.
484 1346 660 1392 Interim,
680 1346 765 1386 satis
784 1347 902 1401 longo
923 1348 1138 1395 intervallo,
1156 1363 1247 1388 cum
1269 1349 1356 1388 effet
1374 1363 1466 1389 cum
1487 1352 1535 1390 L.
1552 1351 1722 1390 Lucullo

324 1411 366 1449 in
388 1411 558 1451 Siciliam
579 1412 772 1467 profectus
789 1442 800 1458 ,
832 1423 869 1452 et
896 1428 988 1452 cum
1017 1429 1064 1453 ex
1084 1429 1126 1452 ea
1146 1416 1344 1468 provincia
1364 1431 1456 1455 curn
1477 1418 1613 1456 eodem
1634 1419 1719 1456 Lu-

324 1477 429 1516 cullo
448 1478 661 1525 decederet,
684 1480 790 1518 venit
810 1480 1063 1518 Heracleam:
1096 1495 1182 1532 quae
1202 1494 1294 1519 cum
1316 1482 1404 1520 effet
1425 1483 1558 1521 civitas
1579 1483 1719 1536 aequis-

324 1542 518 1595 fimojure
537 1558 579 1582 ac
600 1543 758 1589 foedere,
790 1544 951 1583 adscribi
972 1545 1007 1582 se
1027 1546 1067 1583 in
1088 1559 1172 1584 eam
1193 1546 1389 1585 civitatem
1411 1549 1562 1594 voluit3
1585 1550 1717 1602 idque,

321 1622 414 1647 cum
449 1609 526 1662 ipse
559 1623 626 1663 per
660 1610 695 1647 se
727 1610 867 1663 dignus
903 1620 1125 1664 putaretur,
1162 1621 1247 1650 tum
1278 1615 1500 1652 auctoritate
1530 1624 1567 1653 et
1598 1617 1719 1668 gratia

322 1675 483 1714 Luculli
513 1676 559 1714 ab
592 1677 902 1716 Heraclienfibus
930 1678 1164 1730 impetravit.
1198 1680 1299 1717 Data
1328 1680 1380 1718 est
1409 1681 1542 1719 civitas
1573 1682 1717 1719 Silvani

321 1741 405 1794 lege
419 1769 430 1786 ,
461 1751 498 1780 et
519 1742 706 1781 Carbonis
721 1772 732 1787 ‚
766 1744 807 1781 Si
830 1744 892 1797 qui
901 1744 1101 1796 flederatis
1128 1745 1340 1784 civitatibus
1359 1746 1532 1800 adscripti
1532 1748 1604 1800 sui
1625 1747 1684 1786 bnt
1700 1765 1714 1792 ς

306 1808 349 1861 fi
364 1818 441 1846 tum
457 1837 467 1853 ,
499 1823 577 1848 cum
597 1809 859 1861 lexferebatur
874 1839 885 1855 ‚
917 1810 953 1848 in
974 1812 1089 1849 Italia
1108 1810 1316 1850 domicilium
1342 1813 1537 1867 habu-ssent
1553 1832 1564 1858 ;
1596 1823 1634 1851 et
1651 1843 1661 1858 ,
1678 1814 1722 1865 st

305 1875 505 1927 fixaginta
523 1875 641 1913 diebus
665 1875 766 1928 apud
780 1885 977 1928 praetorem
1004 1876 1107 1930 gffent
1128 1878 1283 1931 prqfff.
1317 1880 1422 1917 Cum
1450 1878 1515 1918 hic
1545 1880 1714 1918 domici-

320 1940 418 1977 lium
440 1941 577 1978 Romae
598 1942 742 1979 multos
758 1943 840 1994 jam
861 1956 979 1980 annos
1000 1941 1157 1981 haberet
1175 1972 1185 1988 ‚
1217 1943 1400 1996 professus
1422 1945 1474 1983 est
1494 1946 1594 1999 apud
1614 1960 1712 2000 pra:-

320 2014 458 2051 torem,
491 2007 793 2056 QMetellum‚
825 2007 1165 2048 familiariffimum
1187 2010 1313 2049 suum.

374 2071 412 2109 Si
434 2070 533 2110 nihil
553 2073 655 2111 aliud
670 2102 681 2118 ,
714 2074 779 2111 nisi
803 2075 849 2111 de
870 2075 1022 2113 civitate
1037 2104 1047 2120 ,
1079 2089 1122 2113 ac
1143 2076 1227 2129 lege
1241 2106 1252 2121 ,
1284 2077 1451 2116 dicimus
1466 2107 1476 2123 ‚
1507 2077 1604 2115 nihil
1625 2079 1712 2115 dico

318 2137 512 2189 amplius:
544 2139 651 2176 causa
671 2138 771 2176 dicta
791 2139 856 2177 est.
890 2141 998 2191 Qid
1018 2142 1123 2179 enim
1151 2141 1291 2181 horum
1320 2142 1534 2187 infirmari,
1567 2144 1707 2186 Grati,

318 2202 470 2255 potest?
508 2204 752 2242 Heracleaene
783 2205 855 2242 effe
890 2215 974 2243 tum
1009 2206 1242 2259 adscriptum
1278 2208 1432 2260 negabis
1452 2209 1464 2245 ?
1502 2208 1618 2246 Adest
1653 2208 1709 2245 vir

317 2269 467 2306 summa
497 2270 732 2314 auctoritate,
763 2280 800 2308 et
829 2271 1027 2322 religione,
1059 2282 1097 2310 et
1127 2272 1216 2317 fide,
1250 2274 1311 2311 M.
1336 2274 1540 2317 Lucullus,
1572 2273 1640 2323 qui
1671 2273 1707 2310 se

316 2348 393 2371 non
428 2334 588 2386 opinari,
620 2334 680 2372 sed
711 2335 829 2380 scire3
863 2350 938 2375 non
971 2337 1162 2382 audivisse,
1197 2338 1255 2375 sed
1288 2337 1442 2382 vidifl‘e5
1476 2351 1551 2375 non
1584 2338 1703 2375 inter-

314 2399 435 2444 fuiffe,
469 2400 527 2438 sed
549 2399 675 2453 egiffe,
707 2400 815 2438 dicit.
850 2402 1000 2440 Adsunt
1028 2403 1289 2440 Heraclienses
1319 2403 1447 2454 legati,
1480 2403 1704 2442 nobiliffimi

312 2465 519 2505 homines:
553 2466 666 2519 hujus
693 2467 832 2518 judicii
864 2468 971 2505 causa
1000 2482 1091 2506 cum
1124 2469 1325 2513 mandatis,
1357 2479 1394 2506 ct
1424 2482 1514 2506 cum
1545 2469 1704 2522 publico
