2212 2835
495 173 582 212 DE
642 170 1118 211 HARUSPICUM
1176 170 1574 210 RESPONSIS.
1658 185 1732 223 421

340 271 579 324 loquuntur,
610 286 656 310 an
677 272 789 325 patrii
815 271 1043 324 penatesque
1064 270 1133 309 Dii
1153 271 1165 308 ?
1198 271 1322 309 Multi
1340 272 1445 310 enim
1467 271 1566 317 sunt,
1599 273 1713 310 credo
1727 301 1739 317 ,

340 338 381 376 in
402 352 498 391 quos
518 339 636 391 hujus
657 338 839 377 maleficii
859 338 1020 390 suspicio
1040 339 1162 375 cadat.
1181 338 1282 389 Qis
1304 348 1439 390 praeter
1458 337 1564 377 hunc
1585 340 1738 377 unum?

341 405 515 444 Obscure
535 406 691 450 dicitur,
714 419 799 457 quae
816 404 915 442 sacra
934 404 1084 456 polluta
1103 403 1204 442 fint?
1227 404 1321 455 quid
1342 405 1508 456 planius,
1535 406 1629 457 quid
1650 420 1739 459 gra-

339 471 438 516 vius,
470 472 565 524 quid
587 471 811 524 religiofius,
833 470 911 508 dici
930 469 1079 522 potest?
1105 468 1262 522 Vetusta,
1285 470 1501 523 occultaque.
1526 471 1640 524 Nego
1662 473 1741 510 ulla

338 539 452 575 verba
471 538 702 581 Lentulum,
723 550 879 589 gravem
899 544 1089 574 oratorem
1111 549 1154 573 ac
1175 535 1374 581 disertum,
1408 536 1555 589 saepius,
1587 552 1678 576 cum
1702 549 1739 577 te

338 603 543 648 accusaret,
574 602 774 654 usurpaffe,
806 615 924 654 quam
944 600 1040 646 haec,
1072 615 1157 654 quae
1178 614 1283 639 nunc
1304 615 1351 640 ex
1371 602 1544 640 Etruscis
1565 603 1673 642 libris
1699 605 1739 641 in

336 678 374 707 te
407 669 585 708 conversa
617 678 732 721 atque
763 669 1008 721 interpretata
1036 668 1233 706 dicuntur.
1266 669 1426 706 Etenim
1457 670 1562 721 quod
1594 670 1738 708 sacrifi-

336 736 443 773 cium
466 745 546 774 tam
567 735 759 774 vetustum
779 735 846 780 est,
878 748 996 787 quam
1018 734 1107 779 hoc,
1139 734 1245 786 quod
1265 747 1286 772 a
1306 735 1458 787 regibus
1481 737 1623 788 aequale
1643 736 1737 775 huic

338 801 424 839 urbi
444 801 664 854 accepimus
684 801 696 837 ?
729 799 849 852 Qod
868 808 998 838 autem
1020 808 1100 838 tam
1124 799 1326 838 occultum
1345 829 1355 844 ,
1387 814 1504 852 quam
1533 801 1570 838 id
1589 831 1599 846 ,
1632 803 1739 854 quod

336 880 415 905 non
444 868 570 907 solum
602 867 769 906 curiosos
800 867 934 905 oculos
968 867 1158 911 excludit,
1189 866 1252 905 sed
1282 867 1400 905 etiam
1430 869 1627 906 errantes?
1658 883 1740 922 quo

336 948 415 973 non
436 935 555 973 modo
576 935 818 988 improbitas,
848 935 910 972 sed
929 948 978 972 ne
998 934 1262 987 imprudentia
1282 935 1455 987 quidem,
1485 936 1595 988 poffit
1616 937 1737 975 intra-

337 1014 377 1039 re
396 1001 409 1038 ?
442 1001 546 1054 quod
566 1001 727 1054 quidem
748 1000 977 1039 sacrificium
1000 1014 1116 1039 nemo
1136 1010 1223 1038 ante
1245 1001 1286 1039 P.
1311 1001 1498 1039 Clodium
1521 1004 1631 1040 omni
1652 1017 1736 1040 me-

336 1068 461 1105 moria
481 1068 663 1113 violavit,
695 1081 811 1106 nemo
832 1081 1004 1120 unquam
1026 1067 1121 1105 adiit
1138 1096 1153 1112 ,
1182 1081 1298 1106 nemo
1317 1068 1488 1120 neglexit
1503 1098 1512 1113 ‚
1545 1082 1659 1106 nemo
1680 1071 1737 1107 vir

335 1134 499 1188 aspicere
532 1148 610 1173 non
643 1133 796 1173 horruit
815 1135 828 1171 ?
860 1134 966 1187 quod
998 1134 1043 1172 fit
1076 1148 1144 1187 per
1177 1135 1343 1187 virgines
1380 1135 1560 1180 Vestales,
1593 1135 1636 1173 fit
1666 1150 1736 1188 pro

337 1202 484 1254 populo
504 1202 686 1240 Romano
702 1231 713 1246 ‚
746 1201 789 1239 fit
811 1202 850 1239 in
871 1214 914 1239 ea
934 1201 1052 1238 domo
1070 1230 1082 1246 ‚
1114 1215 1200 1253 quae
1227 1201 1279 1238 est
1307 1201 1347 1238 in
1375 1202 1568 1253 imperio3
1601 1202 1644 1240 fit
1672 1204 1735 1240 in-

335 1267 514 1305 credibili
534 1268 790 1312 caeremonia3
823 1267 867 1305 fit
885 1268 919 1304 ei
941 1268 1034 1305 Deae
1048 1296 1059 1311 ,
1090 1268 1200 1319 cujus
1221 1280 1269 1304 ne
1289 1280 1433 1304 nomen
1454 1268 1614 1319 quidem
1637 1269 1734 1307 viros

335 1334 429 1373 scire
447 1333 503 1373 fas
524 1334 577 1373 est
596 1349 605 1373 :
637 1348 756 1387 quam
777 1334 844 1372 iste
863 1333 1009 1372 idcirco
1030 1334 1179 1372 Bonam
1199 1333 1323 1379 dicit,
1353 1334 1459 1386 quod
1480 1335 1519 1372 in
1541 1344 1648 1374 tanto
1667 1337 1739 1374 fibi

335 1400 472 1440 scelere
491 1401 698 1455 ignoverit.

392 1468 549 1508 XVIII.
581 1469 676 1507 Non
698 1467 862 1521 ignovit,
893 1465 994 1505 mihi·
1015 1466 1139 1510 crede,
1160 1478 1250 1517 *non
1270 1480 1279 1504 ε
1311 1466 1381 1504 nifi
1408 1466 1508 1504 forte
1528 1468 1600 1506 tibi
1620 1469 1736 1521 igno-

336 1542 422 1572 tum
441 1543 551 1586 putas
570 1563 581 1579 ,
612 1534 717 1586 quod
737 1543 774 1571 te
788 1533 940 1585 judices
963 1532 1171 1570 emiserunt
1197 1532 1394 1570 excussum
1418 1542 1457 1570 et
1477 1532 1704 1574 exhaustum
1723 1565 1742 1582 ,.

333 1599 401 1638 suo
415 1600 567 1652 judicio
586 1600 806 1638 absolutum
823 1627 834 1644 ,
866 1598 1047 1636 omnium
1067 1598 1396 1643 condemnatum3
1428 1608 1494 1636 aut
1513 1601 1618 1652 quod
1638 1615 1736 1639 ocu-

335 1665 406 1710 los,
425 1675 469 1704 ut
488 1667 621 1719 opinio
641 1666 746 1704 illius
766 1665 964 1718 religionis
985 1664 1051 1710 est,
1068 1677 1146 1702 non
1168 1664 1378 1717 perdidisti.
1401 1665 1501 1716 Qis
1522 1667 1627 1704 enim
1648 1676 1737 1705 ante

334 1740 372 1770 te
392 1732 491 1770 sacra
510 1733 577 1770 illa
598 1732 654 1770 vir
674 1732 795 1770 sciens
814 1732 973 1776 viderat,
1005 1739 1048 1769 ut
1068 1731 1273 1783 quisquam
1294 1744 1465 1783 poenam,
1491 1745 1576 1784 quae
1598 1733 1732 1785 seque-

334 1808 437 1837 retur
457 1799 555 1837 illud
576 1798 696 1837 scelus
715 1828 726 1844 ‚
758 1798 852 1837 scire
877 1798 998 1851 pofi‘et
1017 1798 1029 1834 ?
1061 1800 1126 1836 An
1148 1798 1221 1835 tibi
1242 1797 1402 1835 luminis
1422 1798 1565 1838 obesset
1585 1801 1733 1839 caecitas

335 1865 422 1918 plus
439 1894 450 1910 ,
481 1879 599 1918 quam
626 1865 831 1903 libidinis?
864 1865 928 1903 Ne
954 1864 994 1902 id
1022 1864 1183 1916 quidem
1203 1863 1317 1902 sentis
1334 1893 1346 1909 ‚
1377 1865 1626 1904 conniventes
1648 1867 1734 1905 illos

335 1931 468 1969 oculos
489 1931 597 1969 abavi
618 1931 676 1968 tui
697 1932 819 1984 magis
840 1931 1028 1983 optandos
1049 1929 1158 1968 fuiffe
1175 1959 1186 1975 ‚
1218 1943 1337 1983 quam
1361 1930 1431 1968 hos
1453 1930 1652 1984 flagrantes
1673 1933 1734 1971 so-

335 1997 429 2035 roris
448 1998 461 2034 ?
493 1998 589 2036 Tibi
618 2011 706 2036 vero
724 2026 735 2043 ‚
767 1998 793 2036 fi
821 1998 1025 2051 diligenter
1044 1997 1249 2036 attenderis
1268 2026 1280 2042 ‚
1310 1997 1502 2050 intelliges
1522 1998 1733 2038 hominum

335 2076 466 2115 peenas
497 2063 616 2102 deeffe
645 2063 786 2109 adhuc,
818 2078 895 2102 non
926 2065 1117 2103 Deorum.
1150 2064 1344 2102 Homines
1372 2072 1410 2101 te
1437 2065 1477 2102 in
1505 2078 1542 2102 re
1571 2065 1734 2103 foediffi-

334 2142 399 2167 ma
418 2127 687 2174 defenderunt;
706 2129 884 2168 homines
902 2129 1164 2182 turpiffimum
1186 2129 1578 2182 nocentiffimumque
1598 2131 1731 2168 lauda-

335 2203 454 2239 runt;
486 2193 666 2232 homines
687 2209 805 2247 prope
825 2195 1077 2233 confitentem
1102 2196 1252 2247 judicio
1279 2195 1564 2240 liberaverunt;
1597 2195 1730 2233 homi-

335 2260 449 2297 nibus
471 2260 609 2311 injuria
630 2261 687 2298 tui
708 2261 840 2313 stupri,
863 2261 967 2299 illata
987 2261 1026 2299 in
1048 2261 1162 2313 ipsos,
1184 2259 1307 2298 dolori
1330 2274 1405 2298 non
1427 2260 1529 2304 fuit;
1552 2260 1729 2300 homines

335 2327 406 2364 tibi
428 2340 544 2370 arma,
579 2327 645 2363 alii
665 2327 704 2364 in
726 2340 803 2371 me,
835 2328 899 2365 alii
920 2327 1002 2380 post
1022 2328 1060 2364 in
1084 2327 1198 2365 illum
1227 2328 1416 2364 invictum
1438 2326 1578 2370 civem,
1611 2328 1725 2365 dede-

335 2401 424 2430 runt
444 2407 451 2430 :
485 2392 693 2430 hominum
715 2392 898 2431 beneficia
919 2393 1068 2445 prorsus
1099 2394 1271 2431 concedo
1293 2392 1363 2430 tibi
1382 2420 1392 2435 ,
1424 2404 1465 2429 ac
1488 2393 1629 2444 majora
1650 2408 1733 2432 non

333 2459 402 2497 effe
422 2458 636 2510 quaerenda.
