2212 2835
620 177 756 216 PRO
815 176 1001 215 LEGE
1061 175 1409 214 MANILIA,
1667 190 1713 230 17

318 272 464 325 semper
484 273 749 312 voluntatibus
780 287 857 312 non
879 274 997 312 modo
1017 274 1119 313 cives
1138 273 1368 319 affenserin't,
1397 273 1487 313 socii
1507 275 1711 326 obtempe-

318 339 448 384 rarint,
481 338 605 377 hostes
635 339 864 384 obedierint,
896 340 959 377 sed
990 340 1107 378 etiam
1127 341 1230 379 venti
1252 341 1567 394 tempestatesque
1601 340 1712 378 obse-

317 405 535 442 cundarint.
568 405 660 442 Hoc
682 404 897 442 breviffime
925 405 1067 450 dicam,
1095 406 1294 444 neminem
1315 420 1489 458 unquam
1521 416 1599 445 tam
1633 406 1711 443 im·-

318 471 528 522 pudentem
544 469 669 514 fuisse,
684 470 752 522 qui
768 483 788 507 a
804 470 891 509 Diis
911 471 1199 510 immortalibus
1218 480 1276 510 tot
1295 480 1332 510 et
1354 481 1475 510 tantas
1497 486 1552 510 res
1574 472 1712 510 tacitus

318 535 472 573 auderet
491 545 635 589 optare,
658 545 755 588 quot
774 546 811 576 et
832 547 991 590 quantas
1013 538 1083 576 Dii
1103 538 1343 577 immortales
1364 538 1410 576 ad
1431 540 1506 577 Cn.
1526 539 1713 590 Pompei-

317 615 386 640 um
405 602 639 641 detulerunt.
672 603 792 654 Qod
815 612 858 641 ut
878 603 937 641 illi
956 604 1158 657 proprium
1179 618 1221 642 ac
1241 613 1474 657 perpetuum
1495 604 1553 649 fit,
1576 604 1713 657 Qiri-

318 677 388 712 tes,
420 682 512 708 curn
532 670 755 708 communis
776 669 905 709 salutis
935 680 1049 724 atque
1076 672 1246 725 imperii,
1282 681 1369 710 tum
1389 672 1505 725 ipfius
1526 670 1713 715 hominis,

318 734 439 780 causa,
461 735 572 774 sicuti
592 734 734 781 facitis,
755 736 854 775 velle
873 745 911 775 et
930 746 1061 790 optare
1077 738 1238 777 debetis.

375 802 517 854 Qare,
539 815 632 841 cum
653 812 691 841 et
712 802 862 842 bellum
882 803 935 842 ita
954 804 1200 843 neceffarium
1222 805 1280 849 fit,
1303 813 1347 843 ut
1367 804 1511 858 negligi
1532 818 1609 843 non
1627 804 1714 857 poss

317 867 377 913 fit,
399 868 452 906 ita
471 881 674 922 magnum,
706 878 750 908 ut
769 870 1046 909 accuratiffime
1076 871 1121 910 fit
1151 871 1523 915 administrandum;
1556 880 1595 909 et
1624 884 1718 909 cum

319 934 355 972 ei
374 934 648 987 imperatorem
669 935 860 988 praeficere
881 936 1039 989 poffitis‚
1056 937 1098 975 in
1118 951 1197 990 quo
1217 937 1262 976 s1t
1277 938 1420 976 eximia
1439 937 1532 975 belli
1548 937 1716 981 scientia,

320 1000 518 1053 singularis
539 1002 675 1046 virtus,
711 1002 914 1040 clariffima
932 1004 1148 1048 anemium,
1179 1005 1329 1057 egregia
1348 1004 1528 1053 fortuna,
1561 1004 1717 1041 dubita-

320 1066 427 1111 bitis,
450 1067 640 1118 Qirites,
675 1067 773 1119 quin
793 1066 869 1106 hoc
903 1077 1055 1107 tantum
1090 1069 1197 1114 boni,
1229 1070 1334 1122 quod
1361 1071 1469 1109 vobis
1490 1084 1511 1108 a
1531 1071 1618 1108 Diis
1638 1071 1717 1108 im-

320 1133 551 1172 mortalibus
571 1133 748 1172 oblatum
768 1142 806 1172 et
822 1134 955 1173 datum
976 1134 1041 1180 est,
1059 1135 1102 1173 in
1122 1136 1405 1188 rempublicam
1421 1136 1718 1175 conservandam

321 1209 435 1253 atque
454 1201 770 1255 amplificandam
790 1201 995 1241 conferatis
1012 1203 1025 1240 ?

374 1266 510 1306 XVII.
542 1267 663 1319 Qod
682 1267 709 1305 fi
728 1268 867 1306 Romae
890 1269 966 1307 Cn.
988 1269 1198 1322 Pompeius
1219 1270 1388 1323 privatus
1411 1269 1499 1309 effet
1518 1269 1594 1309 hoc
1614 1279 1718 1308 tem-

321 1346 412 1386 pore
423 1352 436 1379 3
459 1343 589 1372 tamen
610 1334 657 1372 ad
677 1342 832 1374 tantum
852 1335 1002 1374 bellum
1023 1335 1054 1374 is
1078 1345 1157 1374 erat
1173 1337 1399 1390 deligendus
1420 1346 1535 1390 atque
1555 1337 1718 1376 mitten-

322 1400 408 1439 dus.
440 1401 577 1446 Nunc,
609 1415 703 1440 cum
724 1402 770 1441 ad
791 1411 942 1441 caeteras
964 1402 1131 1442 summas
1153 1404 1338 1442 utilitates
1360 1403 1442 1443 haec
1471 1418 1626 1457 quoque
1646 1417 1718 1457 op-

322 1467 536 1520 portunitas
558 1468 801 1521 adjungatur‚
819 1478 862 1508 ut
882 1470 923 1508 in
944 1470 990 1508 iis
1011 1470 1098 1523 ipsis
1115 1470 1212 1509 locis
1228 1471 1334 1515 adfit,
1354 1479 1397 1508 ut
1417 1469 1555 1509 habeat
1571 1471 1720 1508 exerci-

321 1542 424 1579 tum,
447 1543 490 1573 ut
509 1535 556 1573 ab
576 1535 638 1580 iis,
662 1535 730 1587 qui
750 1534 910 1580 habent,
931 1536 1102 1588 accipere
1121 1536 1248 1575 statim
1269 1536 1382 1590 poffit
1397 1555 1409 1582 ;
1428 1537 1523 1589 quid
1541 1538 1719 1590 expecta-

324 1601 441 1638 mus?
477 1610 542 1639 aut
562 1615 631 1639 cur
651 1615 744 1646 non,
765 1602 930 1640 ducibus
952 1602 1040 1640 Diis
1061 1603 1365 1648 immortalibus,
1396 1605 1536 1649 eidem,
1559 1605 1624 1642 cui
1644 1618 1719 1642 cae-

324 1678 402 1705 tera
431 1666 583 1705 summa
602 1681 694 1705 cum
715 1667 833 1706 salute
861 1668 1082 1720 reipublicae
1111 1668 1311 1707 commiffa
1334 1670 1434 1715 sunt,
1466 1669 1542 1708 hoc
1562 1684 1721 1722 quoque

325 1733 473 1771 bellum
492 1733 644 1785 regium
665 1734 955 1773 committimus
975 1736 988 1772 ?

378 1802 434 1838 At
454 1799 559 1838 enim
580 1800 638 1838 vir
666 1799 907 1847 clariffimus,
935 1803 1213 1841 amantiffimus
1236 1803 1470 1856 reipublicae,
1498 1803 1627 1841 vestris
1649 1803 1718 1841 be-

324 1866 471 1904 neficiis
491 1866 733 1918 ampliffimis
754 1866 925 1913 affectus,
948 1869 1198 1920 QCatulus‚
1221 1870 1396 1922 itemque
1416 1870 1578 1908 summis
1604 1883 1719 1907 orna-

325 1932 467 1970 mentis
487 1931 661 1978 honoris‚
682 1931 860 1978 fortunae,
883 1934 1051 1980 virtutis,
1079 1935 1227 1988 ingenii
1248 1936 1443 1989 praedstus,
1466 1937 1720 1989 QHorten-

325 1999 413 2044 fius,
434 1999 481 2037 ab
502 1997 575 2037 hac
595 1999 742 2038 ratione
762 1999 984 2039 dissentiunt
1003 2017 1012 2040 ι
1045 2015 1213 2054 quorum
1242 2016 1314 2055 ego
1334 2004 1599 2041 auctoritatem
1620 2003 1722 2055 apud

325 2079 391 2103 vos
413 2064 547 2103 multis
568 2065 663 2104 locis
683 2065 901 2118 plurimum
922 2068 1089 2114 valuisse,
1106 2077 1143 2106 et
1163 2069 1284 2107 valere
1303 2078 1490 2122 oportere,
1513 2069 1699 2107 confiteor
1707 2087 1719 2113 ;

325 2131 387 2170 sed
406 2132 446 2170 in
467 2131 540 2169 hac
559 2132 680 2177 causa,
703 2133 851 2171 tametsi
872 2134 1102 2186 cognoscitis
1121 2135 1362 2174 auctoritates
1383 2136 1587 2174 contrarias
1615 2135 1720 2174 viro-

326 2211 415 2236 rum
434 2197 728 2238 fortiffimorum
750 2208 788 2238 et
807 2200 1116 2247 clarissimorum,
1149 2211 1293 2247 tamen,
1319 2202 1462 2240 omiffis
1483 2201 1721 2240 auetoritati-

327 2262 413 2307 bus,
435 2262 513 2314 ipsa
532 2277 570 2301 re
590 2273 628 2302 et
648 2265 794 2303 ratione
814 2266 1014 2318 exquirere
1035 2267 1232 2319 pofl‘umus
1253 2268 1452 2306 veritatem
1470 2282 1479 2306 t
1512 2277 1627 2318 atque
1646 2264 1721 2302 hoc

326 2327 494 2373 facilius,
515 2330 620 2380 quod
639 2344 681 2368 ea
707 2331 852 2377 omnia,
885 2346 969 2384 quae
991 2332 1116 2371 adhuc
1146 2347 1166 2371 a
1185 2346 1250 2371 me
1270 2333 1370 2371 dicta
1389 2333 1489 2377 sunt,
1524 2332 1641 2370 iidem
1662 2331 1721 2368 isti

293 2448 297 2451 .
326 2407 414 2432 vera
432 2392 503 2431 effe
523 2396 756 2441 concedunt,
782 2406 820 2436 et
840 2398 1087 2437 necessarium
1108 2399 1258 2438 bellum
1279 2398 1363 2444 esse,
1394 2408 1432 2437 et
1452 2411 1654 2450 magnum,
1685 2406 1722 2435 et

329 2460 371 2498 in
391 2474 471 2499 uno
488 2461 563 2499 Cn.
583 2461 772 2515 Pompeio
792 2463 942 2503 summa
961 2465 1032 2504 effe
1052 2467 1196 2505 omnia.

413 2527 543 2566 T0M.
566 2527 617 2567 V.
1382 2531 1416 2568 C
