2212 2835
394 199 464 247 130
898 186 1297 226 ORATIO

390 303 466 327 non
494 287 674 325 constitui
700 294 737 322 et
763 283 957 321 collocari.
990 284 1116 321 Totus
1143 283 1247 320 enim
1275 295 1362 334 ager
1388 282 1607 334 Campanus
1632 281 1774 320 colitur

389 365 425 391 et
449 353 651 405 possidetur
671 364 690 388 a
710 350 836 403 plebe,
867 358 903 387 et
931 363 950 387 a
975 349 1088 402 plebe
1114 348 1262 402 optima
1287 357 1324 385 et
1345 347 1636 385 modestiffima:
1669 346 1773 398 quod

388 432 507 471 genus
535 417 743 455 hominum
770 416 917 468 optime
945 424 1152 458 moratum,
1183 414 1423 466 optimorum
1450 422 1488 450 et
1518 422 1708 450 aratorum
1737 420 1776 449 et

390 484 578 527 militum,
609 483 655 520 ab
677 481 751 519 hoc
773 480 962 533 plebicola
982 481 1140 518 tribuno
1159 478 1335 517 funditus
1362 479 1527 530 ejicitur.
1559 479 1690 529 Atque
1716 475 1776 514 illi

390 550 531 594 miseri,
554 550 631 587 nati
652 549 692 585 in
713 547 790 585 illis
810 547 922 599 agris,
944 556 982 584 et
1001 546 1164 590 educati,
1185 545 1307 598 glebis
1324 545 1542 597 subigendis
1562 543 1774 586 exercitati,

392 630 470 668 quo
491 616 525 653 se
545 615 671 652 subito
690 612 901 657 conferant,
923 626 1000 650 non
1021 611 1244 650 habebunt:
1276 610 1336 649 his
1357 611 1533 656 robustis,
1555 619 1591 647 et
1611 609 1774 647 valenti-

391 682 476 726 bus,
493 690 531 719 et
547 680 767 724 audacibus,
784 678 1045 716 decemvirum
1062 678 1288 715 satellitibus
1309 678 1388 729 agri
1405 677 1593 729 Campani
1607 675 1776 729 poffeffio

390 757 469 785 tota
489 747 669 785 tradetur.
702 746 768 790 Et,
800 754 843 782 ut
869 758 935 782 vos
961 757 1065 781 nunc
1090 744 1137 781 de
1163 743 1290 781 vestris
1319 743 1527 794 majoribus
1547 741 1774 794 praedicatis,

389 815 512 852 Hunc
532 826 666 865 agrum
688 812 798 849 nobis
820 811 979 862 majores
1000 809 1115 847 nostri
1137 809 1375 860 reliquerunt
1392 826 1403 852 3
1436 809 1484 845 fic
1511 808 1620 845 vestri
1640 807 1777 859 posteri

389 879 435 916 de
467 879 575 916 vobis
607 877 881 930 praedicabunt‚
915 876 1035 913 Hunc
1066 887 1201 927 agrurn
1231 882 1356 925 patres
1386 873 1502 910 nostri
1532 882 1735 925 acceptum
1755 885 1777 910 a

388 945 560 996 patribus
582 943 655 981 suis
676 942 937 995 perdiderunt.

443 1009 639 1060 Equidem
659 1007 848 1050 existimo,
880 1006 906 1043 fi
919 1005 1003 1056 jam
1024 1017 1183 1061 campus
1204 1004 1372 1042 Martius
1393 1003 1597 1049 dividatur,
1628 1011 1667 1041 et
1686 1003 1776 1041 uni-

389 1075 529 1126 cuique
559 1073 739 1118 vestrum,
771 1072 838 1110 ubi
870 1071 1057 1115 consistat,
1092 1071 1175 1108 bini
1204 1070 1318 1123 pedes
1352 1069 1609 1122 affignentur,
1646 1078 1777 1107 tamen

388 1141 605 1193 prorniscue
626 1149 722 1184 toto,
754 1152 872 1191 quam
892 1138 1043 1190 proprie
1062 1150 1175 1189 parva
1194 1135 1270 1174 frui
1292 1145 1396 1188 parte
1419 1136 1598 1175 malletis.
1631 1136 1776 1187 Qare,

388 1207 505 1244 etiam
532 1207 558 1244 fi
586 1206 632 1243 ad
659 1218 725 1242 vos
748 1203 837 1242 efl‘et
857 1202 1022 1255 singulos
1043 1202 1189 1254 aliquid
1209 1215 1255 1239 ex
1275 1200 1351 1239 hoc
1371 1215 1460 1254 agro
1487 1210 1775 1253 perventurum,

389 1273 458 1324 qui
489 1271 596 1310 vobis
627 1270 851 1314 ostenditur,
882 1269 965 1306 aliis
997 1276 1238 1320 comparatur
1254 1285 1265 1312 ;
1298 1276 1428 1305 tamen
1459 1266 1654 1305 honestius
1684 1280 1776 1305 eum

389 1352 455 1377 vos
488 1337 664 1381 univerfi,
695 1349 811 1389 quam
844 1335 996 1387 finguli,
1028 1334 1276 1387 poffideretis.
1319 1333 1440 1371 Nunc
1472 1346 1574 1378 vero,
1605 1347 1698 1371 cum
1731 1333 1779 1371 ad

389 1418 456 1443 vos
488 1402 587 1442 nihil
618 1404 818 1455 pertineat,
855 1401 916 1438 sed
945 1409 1097 1452 paretur
1126 1400 1223 1444 aliis,
1262 1399 1443 1452 eripiatur
1475 1400 1612 1444 vobis3
1651 1412 1779 1437 nonne

390 1470 586 1513 acerrime,
618 1478 802 1521 tanquam
823 1475 969 1504 armato
988 1464 1101 1510 hosti,
1134 1465 1183 1503 fic
1203 1464 1297 1503 huic
1317 1465 1408 1519 legi,
1440 1479 1510 1519 pro
1530 1465 1658 1504 vestris
1679 1465 1777 1518 agris

390 1536 590 1576 refistetis?

445 1601 638 1654 Adjungit
659 1600 855 1638 Stellatem
871 1612 1055 1652 campum
1073 1612 1161 1651 agro
1178 1600 1378 1651 Campano
1386 1618 1398 1644 3
1421 1607 1459 1637 et
1480 1599 1520 1637 in
1539 1612 1583 1636 eo
1604 1597 1780 1636 duodena

390 1667 571 1706 describit
591 1667 631 1704 in
652 1666 818 1718 singulos
839 1664 1016 1703 homines
1031 1666 1178 1716 jugera.
1212 1665 1327 1712 Qafi
1349 1678 1436 1703 vero
1451 1665 1611 1717 paulum
1629 1662 1780 1702 differat

390 1747 476 1786 ager
498 1735 719 1784 Campanus
740 1745 782 1768 ac
811 1729 990 1768 Stellatis.
1023 1730 1076 1767 Et
1104 1729 1330 1773 multitudo,
1362 1729 1550 1780 Qirites,
1580 1729 1778 1781 quaeritur,

391 1811 467 1850 qua
486 1797 552 1834 illa
571 1797 702 1834 omnia
721 1796 861 1848 oppida
881 1794 1161 1847 compleantur.
1193 1793 1301 1831 Nam
1322 1793 1403 1830 dixi
1431 1802 1551 1837 antea,
1581 1793 1665 1845 lege
1692 1806 1778 1845 per-

391 1862 599 1907 rnittisut,
631 1875 715 1913 quae
746 1861 865 1898 velint
897 1860 1124 1912 municipia,
1156 1872 1249 1910 quas
1279 1859 1398 1897 velint
1424 1867 1568 1897 veteres
1594 1858 1776 1904 colonias,

391 1928 537 1967 colonis
576 1927 650 1965 suis
696 1935 901 1979 occupent.
953 1926 1143 1963 Calenum
1186 1925 1448 1977 municipium
1494 1924 1777 1976 complebunt:

390 1994 600 2034 Theanum
628 1993 875 2045 oppriment:
908 1992 1092 2036 Atellam,
1124 1991 1283 2035 Cumas,
1315 1990 1523 2043 Neapolin,
1555 1990 1777 2043 Pompeios,

392 2060 617 2103 Nuceriam,
650 2058 722 2096 suis
750 2057 927 2110 praesldiis
955 2057 1201 2095 devincient:
1234 2056 1412 2094 Puteolos
1445 2069 1545 2100 vero,
1575 2056 1643 2107 qui
1674 2069 1778 2094 nunc

391 2128 432 2165 in
459 2126 521 2164 sua
548 2124 728 2178 potestate
757 2124 856 2168 sunt,
888 2123 1055 2175 suojure
1075 2123 1328 2175 libertateque
1349 2132 1524 2167 utuntur,
1556 2131 1657 2160 totos
1678 2135 1778 2161 novo

392 2192 536 2246 populo
556 2201 669 2243 atque
689 2191 905 2228 adventitiis
925 2190 1046 2242 copiis
1066 2190 1327 2242 occupabunt.

447 2258 620 2296 XXXII.
652 2258 770 2294 Tunc
792 2256 889 2294 illud
910 2257 1115 2308 Campana:
1135 2255 1322 2294 vexillum
1340 2255 1513 2300 coloniae,
1534 2254 1779 2292 vehementer

393 2324 486 2362 huic
506 2323 668 2376 irnperio
691 2322 923 2367 timendum,
956 2323 1130 2374 Capuam
1152 2335 1172 2359 a
1191 2321 1415 2359 decemviris
1442 2320 1652 2359 inferetur:
1685 2329 1778 2357 tunc

395 2399 527 2428 contra
557 2388 655 2427 hanc
687 2389 871 2433 Romam,
913 2400 1167 2426 communem
1194 2388 1354 2440 patriam
1383 2388 1563 2424 omnium
1592 2385 1777 2429 nostrum,

395 2455 461 2494 illa
496 2455 611 2494 altera
648 2455 777 2493 Roma
815 2462 1017 2507 quaeretur.
1063 2454 1110 2492 In
1140 2454 1180 2492 id
1211 2454 1398 2508 oppidum
1433 2452 1610 2492 homines
1644 2449 1779 2489 nefarii
