2212 2835
400 199 474 238 130
900 177 1300 217 ORATIO

397 281 516 320 modo
546 290 685 321 emere,
730 289 864 314 verum
898 275 1015 314 etiam
1044 286 1276 318 coacervare,
1317 272 1455 326 poffis:
1500 285 1570 312 cur
1608 285 1672 312 eos
1706 288 1784 314 non

395 346 546 389 definis,
570 355 694 394 neque
715 342 905 385 nominas,
927 349 970 379 ut
983 340 1115 378 saltem
1130 339 1336 378 deliberare
1348 338 1456 392 plebs
1470 338 1647 377 Romana
1658 340 1783 392 poffit‚

395 411 489 463 quid
509 409 654 448 interfit
674 409 749 453 sua,
781 407 876 460 quid
897 407 1086 460 expediat,
1117 415 1310 458 quantum
1330 405 1403 444 tibi
1422 406 1463 444 in
1490 405 1663 444 emendis
1690 415 1728 444 et
1747 406 1788 445 in

395 476 601 516 vendendis
622 475 733 513 rebus
754 473 1082 513 committendum
1106 473 1241 525 putet?

453 542 626 586 Definio,
658 540 799 593 inquit,
831 539 996 579 Italiam.
1037 538 1131 576 Satis
1151 546 1253 575 certa
1281 537 1412 590 regio:
1445 537 1591 576 etenim
1618 546 1788 590 quantu-

395 608 481 647 lum
511 606 679 651 interest,
711 614 842 644 utrum
874 604 916 642 in
946 603 1098 643 Maffici
1128 603 1284 649 radices,
1315 616 1363 641 an
1392 603 1433 641 in
1453 602 1620 648 Italiam,
1651 602 1788 649 aliove,

397 672 644 714 deducamini
662 672 676 709 ?

453 742 540 793 Age
558 752 661 783 vero,
692 737 825 776 definis
846 737 994 775 locum.
1026 736 1162 788 Qid?
1185 744 1360 775 naturam
1380 735 1489 788 agri?
1512 748 1614 780 vero,
1644 733 1789 788 inquit,

399 807 463 861 qui
477 806 587 845 arari
607 814 675 843 aut
703 803 770 843 coli
788 803 905 856 poffi't.
937 802 1020 852 Qi
1049 801 1160 854 poffit
1179 802 1286 845 arari,
1316 801 1460 853 inquit,
1492 810 1556 839 aut
1575 800 1652 839 coli
1667 819 1681 846 5
1711 814 1791 840 non

399 873 469 926 qui
488 880 612 911 aratus
632 879 698 908 aut
718 869 846 908 cultus
867 868 925 907 fit.
948 869 1093 906 Utrum
1110 866 1192 905 haec
1208 866 1271 904 lex
1285 866 1352 910 est,
1368 879 1416 904 an
1433 866 1564 904 tabula
1579 866 1791 906 Veratianae

399 937 616 978 auctionis?
647 937 689 975 in
708 949 784 989 qua
803 934 990 987 scriptum
1015 932 1125 971 fuiffe
1152 933 1288 971 aiunt:
1319 934 1470 985 Jugera
1501 944 1570 978 cc,
1599 932 1637 971 in
1665 933 1791 986 quibus

397 1006 566 1044 olivetum
570 1003 664 1055 fieri
671 1000 783 1054 potest
797 1019 809 1045 3
817 1001 955 1053 jugera
977 1011 1075 1044 ccc,
1096 999 1160 1037 ubi
1174 998 1315 1051 institui
1329 999 1446 1037 vinea>
1456 997 1611 1051 pofficnt.
1634 998 1727 1037 Hoc
1746 1007 1792 1038 tu

399 1084 501 1109 emes
522 1069 590 1108 ista
609 1066 883 1106 innumerabili
904 1066 1077 1120 pecunia,
1098 1065 1203 1118 quod
1223 1065 1317 1102 arari
1335 1073 1400 1103 aut
1416 1065 1493 1103 coli
1508 1063 1649 1117 pofiit?
1672 1064 1792 1115 Qod

399 1137 524 1176 solum
543 1145 622 1174 tam
639 1134 737 1172 exile
752 1142 789 1171 et
805 1147 979 1171 macrum
995 1132 1061 1177 est,
1083 1131 1188 1184 quod
1203 1140 1323 1169 aratro
1340 1131 1540 1183 perstringi
1555 1145 1634 1169 non
1650 1131 1786 1184 poffit?

402 1212 468 1241 aut
488 1201 592 1254 quod
618 1199 671 1238 est
692 1208 770 1236 tam
791 1198 966 1251 asperum
990 1198 1176 1241 saxetum,
1208 1197 1248 1234 in
1279 1210 1359 1249 quo
1388 1196 1643 1248 agricolarum
1663 1197 1791 1236 cultus

401 1282 480 1307 non
500 1267 667 1305 elaboret
687 1266 699 1302 ?
723 1264 887 1309 Idcirco,
908 1263 1050 1316 inquit,
1070 1276 1177 1315 agros
1199 1263 1398 1300 nominare
1418 1275 1496 1299 non
1516 1261 1680 1314 possum,
1702 1263 1793 1314 quia

406 1343 562 1386 tangam
581 1331 737 1370 nullum
757 1330 804 1368 ab
834 1331 968 1368 invito.
1001 1330 1092 1368 Hoc
1120 1342 1275 1381 quoque
1301 1329 1428 1367 multo
1453 1328 1506 1366 est
1536 1328 1795 1381 quaestuofius,

401 1414 521 1454 quam
542 1400 567 1437 fi
589 1399 635 1436 ab
656 1398 779 1435 invito
799 1396 985 1434 sumeret:
1008 1396 1170 1433 inibitur
1185 1395 1290 1433 enim
1311 1396 1406 1433 ratio
1426 1394 1588 1447 quaestus
1609 1395 1655 1432 de
1675 1394 1792 1432 vestra

403 1466 588 1520 pecunia3
620 1473 656 1502 et
688 1473 773 1501 tum
807 1462 974 1514 denique
1008 1475 1094 1514 ager
1127 1470 1291 1506 emetur,
1324 1474 1415 1500 cum
1445 1461 1550 1499 idem
1582 1460 1793 1513 expedierit

403 1532 584 1586 emptori,
615 1540 652 1568 et
673 1529 874 1568 venditori.

460 1599 613 1637 XXVI.
646 1596 718 1634 Sed
751 1595 876 1633 videte
906 1594 988 1632 vim
1019 1594 1114 1647 legis
1146 1594 1338 1645 Agrariae..
1361 1592 1426 1630 Ne
1457 1592 1486 1630 ii
1518 1593 1692 1645 quidem,
1724 1592 1793 1645 qui

406 1664 582 1719 publicos
613 1661 816 1715 possident,
846 1659 1032 1698 decedent
1062 1660 1108 1697 de
1138 1658 1371 1711 poffeffione,
1402 1657 1471 1696 nisi
1501 1667 1613 1696 erunt
1643 1658 1797 1696 deducti

407 1733 554 1785 optima
573 1729 809 1772 conditione,
840 1735 878 1764 et
898 1725 1060 1778 pecunia
1080 1725 1263 1763 maxima.
1296 1724 1487 1762 Conversa
1515 1725 1623 1762 ratio.
1655 1727 1795 1769 Antea,

407 1812 500 1836 cum
521 1806 598 1834 erat
618 1810 639 1833 a
657 1795 814 1833 tribuno
834 1793 956 1846 plebis
977 1791 1123 1830 mentio
1144 1791 1239 1843 legis
1267 1790 1435 1843 Agrariae
1461 1789 1571 1835 fasta,
1608 1791 1796 1829 continuo

409 1866 475 1916 qui
497 1862 604 1916 agi-os
625 1861 817 1914 publicos,
839 1868 904 1897 aut
919 1859 987 1910 qui
1004 1856 1240 1910 poffeffiones
1255 1856 1470 1901 invidiosas,
1493 1857 1685 1901 tenebant,
1707 1869 1796 1908 per-

411 1929 685 1968 timescebant:
718 1925 799 1964 haec
827 1925 888 1962 lex
915 1938 978 1963 eos
1004 1923 1183 1962 homines
1211 1922 1378 1961 fortunis
1398 1922 1622 1975 locupletat,
1653 1923 1798 1961 invidia

408 1996 557 2033 liberat.
589 1994 718 2043 Qam
748 1992 891 2029 multos
919 1991 1039 2034 enim,
1072 1989 1259 2041 Qirstes,
1289 1988 1511 2026 existimatis
1535 1987 1619 2032 effe,
1651 1988 1719 2041 qui
1739 1988 1796 2026 la-

408 2061 618 2099 titudinem
639 2057 906 2111 poffeffionum
927 2056 1039 2100 tueri,
1061 2056 1128 2107 qui
1149 2054 1335 2093 invidiam
1353 2053 1594 2104 Syllanorum
1614 2067 1794 2106 agrorum

410 2126 520 2172 ferre,
552 2139 628 2164 non
650 2123 817 2177 possint?
849 2123 916 2175 qui
937 2122 1098 2159 vendere
1118 2121 1289 2174 cupiant,
1314 2130 1531 2173 emptorem
1553 2134 1629 2158 non
1652 2120 1796 2173 reperi-

409 2195 504 2232 ant?
535 2192 688 2245 perdere
702 2193 783 2243 jam
805 2190 970 2241 denique
989 2188 1075 2226 illos
1095 2200 1202 2241 agros
1223 2188 1367 2225 ratione
1387 2186 1513 2238 aliqua
1533 2186 1681 2224 velint?
1713 2186 1797 2238 Qi

412 2259 526 2313 paulo
559 2267 658 2302 ante,
695 2257 796 2294 diem
832 2258 1076 2307 noctemque,
1113 2254 1364 2292 tribunitium
1398 2266 1541 2291 nomen
1575 2251 1794 2296 horrebant,

413 2326 569 2364 vestram
600 2325 680 2362 vim
708 2322 944 2367 metuebant,
976 2321 1215 2359 mentionem
1241 2320 1337 2372 legis
1366 2320 1533 2371 Agrariae
1551 2317 1795 2372 pertimesce-

414 2393 506 2429 bant
518 2410 529 2436 3
553 2391 580 2428 ii
601 2403 703 2428 nunc
722 2389 838 2427 etiam
860 2388 961 2426 ultro
981 2387 1230 2439 rogabuntur,
1252 2395 1364 2438 atque
1381 2386 1603 2430 orabuntur,
1627 2393 1669 2422 ut
1687 2397 1794 2436 agros

411 2459 550 2512 partim
571 2457 762 2510 publicos,
793 2455 933 2509 partim
954 2454 1088 2508 plenos
1110 2453 1275 2499 invidiae‚
1307 2453 1440 2506 plenos
1461 2451 1635 2505 periculi,
1663 2449 1795 2503 quanti
