2212 2835
625 195 702 234 IN
760 195 810 234 L.
871 194 1333 237 CATILINAM.
1616 211 1693 253 199

294 295 578 349 accipiendum,
609 295 748 334 Romae
769 294 1010 333 restiterunt:
1043 303 1223 334 tenentur
1242 296 1372 343 literae,
1401 296 1517 351 figna,
1539 312 1692 345 manus,

292 363 463 416 denique
483 361 781 414 uniuscujusque
799 360 995 400 confeffio.
1029 361 1294 401 Sollicitantur
1322 364 1554 418 Allobroges
1574 381 1582 404 :
1616 366 1692 404 ser-

293 429 388 468 vitia
415 429 657 468 excitantur:
690 428 859 466 Catilina
887 427 1106 466 arceffitur:
1143 429 1183 466 id
1212 429 1265 467 est
1295 430 1440 469 initum
1470 432 1690 478 confilium,

293 504 352 541 ut,
382 494 591 534 interfectis
612 493 811 538 omnibus,
842 507 958 532 nemo
979 506 1026 531 ne
1052 494 1099 532 ad
1126 494 1407 548 deplorandum
1433 498 1593 549 quidem
1615 500 1690 537 rei-

293 562 459 615 publicae
478 574 638 607 nomen,
669 569 784 614 atque
803 560 849 598 ad
868 560 1155 600 lamentandam
1183 563 1281 601 tanti
1308 563 1463 619 imperii
1490 565 1689 604 calamita-

292 637 387 673 tem,
418 628 672 681 relinquatur.

346 696 421 735 ΙΙΙ.
453 696 552 734 Haec
579 695 717 749 pmnia
750 694 897 733 indices
932 694 1167 741 detulerunt,
1207 696 1261 735 rei
1295 696 1450 736 confeffi
1486 697 1588 744 sunt,
1623 713 1690 737 vos

235 808 238 812 Δ
291 762 426 801 multiS
440 763 523 815 jam
538 762 697 815 judiciis
713 762 926 814 judicastis,
950 763 1143 809 Primum,
1162 764 1266 816 quod
1284 763 1385 803 mihi
1405 766 1542 818 gratias
1562 766 1690 819 egistis

289 829 543 882 fingularibus
564 829 689 868 verbis
705 848 717 875 ς
749 837 787 867 et
808 842 893 867 mea
916 829 1060 867 virtute
1081 838 1197 882 atque
1222 830 1422 884 diligentia
1448 833 1689 886 perditorum

289 895 501 935 hominum
536 895 764 949 patefactam
799 895 871 934 effe
903 896 1211 948 conjurationem
1248 898 1492 937 decrevistis:
1535 901 1687 946 deinde,

291 962 398 1015 quod
429 963 474 1001 P.
507 963 738 1008 Lentulum,
769 971 812 1000 ut
843 961 879 1000 se
907 961 1101 1001 abdicaret
1131 974 1307 1016 praetura‚
1345 966 1547 1018 coegistis:
1586 976 1686 1012 tum,

291 1029 397 1082 quod
416 1043 522 1075 eum,
554 1038 593 1067 et
611 1038 780 1074 caeteros,
813 1029 859 1067 de
879 1029 1021 1082 quibus
1043 1030 1258 1082 judicastis,
1288 1032 1329 1069 in
1356 1033 1568 1072 custodiam
1592 1035 1687 1072 dan-

289 1096 358 1134 dos
383 1095 604 1134 censuistis:
637 1096 896 1148 maximeque,
929 1095 1034 1147 quod
1060 1110 1149 1134 meo
1177 1098 1337 1136 nomine
1365 1098 1686 1152 supplicationem

288 1162 517 1208 decrevistis,
549 1162 617 1215 qui
635 1161 759 1200 honos
780 1171 911 1215 togato
931 1160 1085 1200 habitus
1106 1172 1194 1201 ante
1220 1177 1285 1202 me
1308 1164 1360 1203 est
1388 1167 1536 1204 nemini
1557 1182 1565 1205 :
1597 1168 1685 1220 pos-

289 1239 430 1274 tremo,
460 1228 636 1267 hesterno
655 1228 717 1267 die
737 1229 893 1281 praemia
911 1228 1045 1281 legatis
1073 1229 1351 1283 Allobrogum,
1382 1233 1557 1285 Titoque
1585 1234 1686 1271 Vul-

288 1296 428 1341 turcio,
450 1296 603 1334 dedistis
625 1295 869 1349 ampliffima.
893 1295 991 1347 Qae
1011 1295 1098 1334 sunt
1118 1297 1250 1335 omnia
1270 1298 1473 1349 ejusmodi,
1497 1309 1538 1337 ut
1559 1301 1600 1344 ii,
1619 1302 1687 1352 qui

287 1362 329 1400 in
349 1362 561 1401 custodiam
582 1363 815 1401 nominatim
837 1363 915 1401 dati
934 1362 1037 1408 sunt,
1069 1362 1144 1401 fine
1166 1363 1245 1402 ulla
1264 1364 1507 1404 dubitatione
1533 1380 1553 1404 a
1577 1367 1695 1405 vobis-

288 1429 459 1468 damnati
479 1429 550 1468 effe
569 1430 782 1468 videantur.

344 1496 416 1534 Sed
450 1510 521 1549 ego
551 1496 699 1534 institui
731 1494 870 1533 referre
899 1495 946 1532 ad
975 1508 1056 1540 vos,
1088 1496 1216 1534 Patres
1247 1497 1468 1551 conscripti,
1501 1508 1685 1553 tanquam

289 1561 499 1613 integrum,
531 1571 569 1600 et
596 1562 642 1599 de
669 1561 785 1606 fastO,
816 1561 912 1612 quid
937 1561 1148 1613 judicetis;
1181 1572 1217 1600 et
1240 1563 1286 1600 de
1311 1577 1437 1616 poena,
1469 1567 1564 1617 quid
1591 1581 1683 1604 cen-

290 1626 412 1665 seatis.
445 1627 515 1664 Illa
534 1627 755 1680 praedicam,
787 1641 871 1679 quae
892 1627 978 1665 sunt
997 1628 1177 1666 consulis.

343 1693 430 1745 Ego
450 1706 638 1746 magnum
658 1694 698 1732 in
719 1693 916 1747 republica
942 1693 1075 1732 versari
1102 1693 1288 1741 furorem,
1321 1705 1359 1734 et
1385 1710 1482 1736 nova
1508 1699 1684 1750 qucedam

288 1759 439 1798 misceri
460 1769 497 1798 et
515 1760 701 1798 concitari
718 1760 831 1805 mala,
843 1761 1080 1814 jampridem
1100 1761 1299 1801 videbam:
1322 1763 1384 1801 sed
1405 1763 1504 1803 hanc
1522 1775 1682 1811 tantam,

287 1834 367 1863 tam
387 1826 602 1871 exitiosam,
621 1824 751 1864 haberi
772 1827 1080 1878 conjurationem
1102 1841 1122 1865 a
1141 1828 1291 1866 civibus
1313 1842 1513 1882 nunquam
1534 1833 1681 1884 putavi.

286 1891 420 1938 Nunc,
452 1892 645 1946 quidquid
664 1892 730 1937 est,
762 1907 997 1946 quocunque
1016 1893 1142 1932 vestrae
1169 1894 1204 1932 se
1230 1904 1380 1933 mentes
1407 1897 1598 1936 inclinant
1624 1907 1682 1936 at-

286 1971 360 2009 que
380 1958 586 2004 sententiae,
617 1959 859 1997 statuendum
881 1960 989 1998 vobis
1010 1969 1097 1998 ante
1117 1963 1271 1999 noctem
1298 1962 1363 2000 est.
1397 1964 1601 2014 Qantum
1622 1964 1680 2002 fa-

285 2024 395 2062 cinus
416 2025 462 2063 ad
482 2038 547 2063 vos
569 2025 740 2063 delatum
760 2026 819 2071 fit,
851 2025 986 2064 videtis
1006 2041 1014 2064 :
1047 2025 1140 2064 huic
1169 2027 1192 2065 fi
1222 2041 1364 2080 paucos
1385 2031 1528 2082 putatis
1550 2032 1680 2069 affines

285 2091 369 2136 effe,
400 2091 646 2131 vehementer
671 2094 815 2132 erratis.
848 2095 982 2133 Latius
1008 2095 1191 2148 opinione
1216 2095 1502 2136 disseminatum
1528 2099 1579 2136 est
1606 2098 1681 2136 hoc

285 2158 462 2197 malum:
495 2160 664 2198 manavit
694 2174 772 2198 non
803 2160 928 2199 solum
958 2175 1025 2213 per
1055 2162 1223 2207 Italiam,
1254 2177 1387 2202 verum
1415 2166 1532 2202 etiam
1559 2165 1678 2203 trans-

286 2224 415 2262 cendit
446 2225 579 2277 Alpes,
611 2235 648 2264 et
678 2226 835 2264 obscure
866 2227 1014 2280 serpens
1047 2229 1188 2266 multas
1209 2230 1291 2280 jam
1320 2231 1533 2282 provincias
1560 2245 1678 2268 occu-

285 2291 401 2342 pavit.
436 2290 479 2327 Id
508 2292 678 2343 opprimi
709 2292 961 2338 sustentando,
994 2307 1036 2332 ac
1063 2294 1302 2346 prolatando,
1335 2296 1444 2333 nullo
1473 2298 1579 2348 pacto
1604 2310 1677 2348 po-

287 2356 355 2393 test
375 2371 383 2393 :
415 2370 645 2408 quacunque
665 2358 810 2396 ratione
830 2359 968 2411 placet,
991 2360 1164 2398 celeriter
1185 2361 1291 2399 vobis
1314 2361 1589 2398 vindicandum
1610 2362 1676 2399 est.

342 2423 412 2460 IV.
447 2422 570 2460 Video
596 2423 686 2461 duas
715 2423 840 2462 adhuc
868 2425 939 2463 effe
967 2426 1197 2465 sententias:
1231 2441 1347 2464 unam
1370 2428 1423 2465 D.
1448 2427 1578 2472 Silani,
1609 2429 1676 2480 qui

285 2489 426 2534 censet,
456 2502 533 2534 eos,
564 2489 631 2541 qui
653 2488 734 2528 haec
755 2490 877 2529 delere
897 2493 1026 2531 conati
1046 2492 1145 2537 sunt,
1182 2502 1304 2531 morte
1324 2492 1394 2530 effe
1425 2493 1645 2533 multandos
1661 2514 1674 2541 5
