2212 2835
523 179 597 217 262
1027 173 1423 211 ORATIO

521 275 654 327 ipsam,
686 287 768 325 quae
800 271 976 310 leviflimi
1008 270 1180 309 hominis
1214 271 1389 308 animum
1424 271 1464 308 in
1495 270 1681 309 Flaccum
1713 271 1902 318 incitavit,

522 340 645 392 quaeso
667 339 897 392 cognoscite.

577 407 667 443 XX.
701 405 884 443 Fundum
907 405 1111 455 Cymaeum
1131 403 1268 441 Romae
1290 410 1479 440 mercatus
1499 402 1551 440 est
1571 403 1617 440 de
1641 402 1792 455 pupillo
1813 403 1904 441 Me-

520 472 692 509 culonio.
725 472 829 509 Cum
849 470 972 508 verbis
993 469 1027 507 se
1046 469 1283 522 locupletem
1302 468 1455 513 faceret,
1477 468 1632 507 haberet
1652 469 1751 507 nihil
1771 477 1904 522 praeter

521 537 628 575 illam
649 537 945 589 impudentiam,
976 549 1094 588 quarn
1113 535 1264 580 videtis,
1286 536 1489 588 pecuniam
1510 535 1667 587 sumpsit
1688 544 1866 573 mutuam
1887 548 1908 572 a

524 605 608 640 Sex.
633 603 891 654 Stola‚judice
910 601 984 639 hoc
1005 601 1144 646 nostro,
1162 602 1343 654 primario
1363 601 1457 646 viro,
1476 602 1543 654 qui
1563 611 1600 639 et
1622 615 1701 639 rem
1722 601 1911 654 agnoscit,

523 683 647 721 neque
667 668 867 707 hominem
888 670 1062 721 ignorat3
1095 668 1162 720 qui
1188 677 1315 706 tamen
1342 668 1502 706 credidit
1529 669 1572 707 P.
1597 668 1727 706 Fulvii
1747 668 1907 712 Vei-atii,

522 735 712 773 leffiffimi
737 734 923 779 hominis,
954 734 1042 772 fide.
1075 734 1125 771 Ei
1150 747 1240 771 cum
1270 734 1440 779 solveret,
1472 734 1630 786 sumpsit
1657 748 1677 772 a
1701 735 1748 773 C.
1771 742 1810 772 et
1839 734 1904 772 M.

524 801 666 845 Fufiis,
697 801 892 853 equitibus
925 799 1132 844 Romanis,
1163 800 1354 851 primariis
1390 800 1492 838 viris.
1526 801 1606 838 Hic
1636 799 1793 839 hercule
1822 814 1908 839 cor-

524 868 603 905 nici
638 866 812 911 oculum,
844 875 886 904 ut
920 866 1087 903 dicitur:
1124 879 1213 903 nam
1248 864 1354 903 hunc
1388 866 1668 918 Hermippum,
1705 866 1908 905 hominem

524 933 732 978 eruditum,
763 933 889 971 civem
909 933 1036 977 suum,
1067 932 1131 969 cui
1157 931 1320 970 debebat
1346 931 1416 969 effe
1441 932 1670 977 notiffimus,
1701 933 1906 985 percuffit;

523 1001 603 1052 ejus
632 1000 738 1037 enirn
766 999 841 1037 fide
867 998 1024 1052 sumpfit
1051 1012 1071 1036 a
1091 998 1227 1036 Fufiis.
1261 999 1420 1036 Securus
1443 999 1685 1051 Hermippus
1707 1000 1911 1038 Temnum

522 1065 790 1118 proficiscitur,
822 1079 913 1103 cum
933 1065 999 1102 iste
1019 1064 1091 1103 sese
1110 1065 1330 1117 pecuniam,
1362 1077 1479 1116 quam
1500 1063 1617 1116 hujus
1637 1064 1712 1102 fide
1740 1065 1909 1117 sumpse-

525 1141 594 1176 rat,
625 1146 645 1169 a
663 1132 859 1184 discipulis
879 1131 954 1169 suis
975 1131 1117 1168 diceret
1137 1131 1259 1168 Fufiis
1279 1130 1563 1183 persoluturum
1583 1145 1591 1168 :
1623 1130 1788 1169 habebat
1806 1131 1912 1170 enim

524 1198 653 1236 rhetor
673 1198 739 1236 iste
759 1197 1011 1235 adolescentes
1039 1196 1224 1249 quosdam
1252 1197 1478 1249 locupletes,
1510 1210 1607 1248 quos
1632 1197 1796 1235 dimidio
1823 1199 1910 1235 red-

525 1266 629 1301 deret
649 1264 851 1308 stultiores,
883 1277 999 1315 quam
1025 1271 1232 1315 acceperat,
1264 1262 1331 1300 ubi
1358 1261 1457 1299 nihil
1484 1262 1631 1314 possent
1658 1263 1812 1308 discere,
1843 1263 1911 1301 nifi

525 1330 779 1382 ignorantiam
802 1330 1011 1367 literarum.

582 1396 795 1434 Neminem
830 1396 988 1447 quidem
1023 1395 1116 1432 adeo
1148 1393 1334 1432 infatuare
1372 1394 1512 1447 potuit,
1554 1404 1597 1433 ut
1630 1395 1665 1432 ei
1700 1408 1912 1433 nummum

526 1463 652 1499 ullum
673 1462 852 1499 crederet.
885 1462 1033 1513 Itaque,
1064 1473 1157 1498 cum
1179 1461 1306 1498 Roma
1326 1460 1427 1498 clam
1453 1460 1543 1498 esset
1569 1460 1774 1513 profestus,
1805 1461 1911 1499 mul-

527 1528 658 1580 tosque
696 1527 858 1565 minutis
897 1526 1205 1564 mutuationibus
1243 1525 1509 1572 fraudaviffet3
1550 1527 1591 1565 in
1630 1527 1760 1565 Afiam
1794 1527 1912 1572 venit,

525 1594 823 1646 Hermippoque
843 1592 1082 1646 percontanti
1102 1592 1148 1630 de
1168 1592 1327 1630 nomine
1347 1592 1510 1630 Fufiano
1530 1591 1741 1646 respondet,
1771 1592 1807 1630 se
1825 1605 1915 1631 orn-

527 1674 615 1697 nem
637 1660 841 1712 pecuniam
862 1658 984 1697 Fufiis
1004 1657 1229 1711 persolvisse.
1250 1659 1427 1703 Interim,
1445 1672 1570 1711 neque
1587 1660 1639 1697 ita
1655 1659 1772 1711 longo
1791 1659 1914 1697 inter-

526 1727 640 1771 vallo,
663 1726 820 1763 libertus
841 1740 862 1763 a
882 1725 1002 1763 Fufiis
1024 1738 1116 1762 cum
1137 1724 1256 1762 literis
1277 1726 1322 1762 ad
1343 1726 1611 1777 Hermippum
1633 1726 1760 1762 venit:
1792 1738 1912 1777 pecu-

527 1793 589 1830 nia
609 1793 752 1844 petitur
771 1792 817 1829 ab
839 1791 1072 1842 Hermippo.
1105 1791 1347 1842 Hermippus
1375 1790 1421 1826 ab
1449 1790 1656 1827 Heraclide
1682 1790 1804 1843 petit:
1837 1790 1914 1843 ipse

528 1856 656 1895 tamen
678 1857 799 1895 Fufiis
820 1855 999 1894 satisfacit
1020 1855 1251 1899 absentibus,
1284 1865 1320 1893 et
1339 1855 1455 1893 fidem
1477 1855 1580 1893 suam
1609 1855 1756 1894 liberat.
1790 1856 1913 1894 Hunc

528 1923 746 1962 aestuantem
767 1931 803 1960 et
825 1922 1297 1975 tergiversantemjudicio
1323 1922 1388 1959 ille
1414 1922 1675 1974 persequitur:
1707 1936 1727 1960 a
1753 1935 1913 1976 recupe-

527 1989 715 2027 ratoribus
736 1989 842 2026 causa
861 1988 1117 2041 cognoscitur.

585 2055 720 2093 Nolite
739 2055 965 2099 existimare,
997 2055 1166 2105 Judices,
1198 2067 1274 2091 non
1296 2067 1411 2091 unam
1431 2064 1468 2092 ct
1488 2054 1644 2091 candem
1666 2054 1847 2091 omnibus
1874 2053 1914 2091 in

530 2121 624 2159 locis
643 2121 712 2158 effe
732 2120 993 2158 fraudatorum
1014 2130 1051 2158 et
1071 2120 1323 2158 infitiatorum
1340 2121 1638 2173 impudentiam.
1659 2120 1767 2158 Fecit
1783 2114 1912 2158 eadem

528 2188 673 2232 omnia,
705 2201 788 2239 quse
817 2187 931 2225 nostri
952 2187 1140 2225 debitores
1162 2188 1281 2225 solent
1300 2202 1308 2224 :
1343 2187 1493 2239 negavit
1514 2187 1584 2224 sese
1604 2187 1766 2233 omnino
1785 2185 1913 2224 versu-

530 2268 610 2292 ram
646 2254 763 2291 ullam
800 2253 925 2291 fecisse
961 2255 1096 2291 Romae
1117 2268 1124 2290 :
1167 2254 1368 2291 Fufiorum
1409 2253 1442 2290 se
1476 2253 1678 2290 affirmavit
1713 2265 1914 2304 nunquam

527 2321 692 2358 omnino
724 2334 863 2358 nomen
898 2320 1059 2357 audiffe:
1099 2321 1364 2372 Hermippum
1396 2333 1483 2357 vero
1514 2320 1653 2372 ipsum,
1689 2318 1913 2372 pudentiffi-

531 2396 776 2438 muniatque
796 2388 989 2438 optimum
1021 2386 1161 2431 virum,
1193 2396 1358 2423 veterem
1386 2387 1554 2423 amicum
1583 2395 1695 2437 atquc
1722 2384 1914 2436 hospitem

528 2466 679 2498 meum,
699 2452 1039 2505 splendidissimum
1059 2464 1171 2505 atque
1186 2453 1466 2491 ornatissimum
1484 2453 1647 2491 civitatis
1664 2451 1747 2495 suae,
1764 2450 1913 2503 probris
