2212 2835
638 187 778 226 PRO
837 186 1053 226 DOMO
1113 187 1260 226 SUA.
1574 202 1652 243 397

255 286 371 326 habes
401 287 519 332 aliud,
551 287 603 326 est
634 287 764 326 Cereri
795 286 1071 326 consecratum.
1105 287 1171 324 Sin
1201 286 1267 324 ille
1299 286 1371 325 tibi
1402 286 1514 325 ludus
1543 286 1648 333 fuit;

255 353 351 405 quid
386 363 423 391 te
458 353 663 406 impurius,
695 353 763 406 qui
793 352 995 405 religiones
1026 365 1160 390 omnes
1190 352 1388 404 pollueris,
1419 362 1484 391 aut
1514 367 1649 392 emen-

257 420 400 465 tiendo,
432 429 497 458 aut
517 419 719 472 stuprando
737 419 750 456 ?

310 487 400 536 Jam
419 485 553 530 fateor,
584 485 727 538 inquit,
757 485 798 522 in
820 484 992 523 Gabinio
1013 497 1076 522 me
1104 483 1294 522 nefarium
1323 484 1444 523 fuiffe.
1491 487 1651 541 Qippe

255 550 379 595 vides,
410 564 565 603 poenam
595 551 725 595 illam,
757 563 777 587 a
797 559 835 588 te
854 550 894 588 in
915 550 1035 588 alium
1056 549 1286 605 institutam,
1315 551 1354 588 in
1378 560 1413 588 te
1435 551 1560 604 ipsum
1580 552 1651 591 effe

253 617 485 656 conversam.
533 616 602 654 Sed
631 615 780 662 homo,
811 617 993 655 omnium
1023 616 1206 654 scelerum
1237 616 1550 670 flagitiorumque
1580 619 1651 657 do-

253 690 500 726 cumentum,
531 681 635 734 quod
663 682 703 719 in
731 682 904 720 Gabinio
931 681 1074 726 fateris,
1106 682 1217 734 cujus
1246 683 1531 734 impudicitizim
1553 698 1651 736 pue-

240 747 363 793 ritiae,
394 748 574 786 libidines
595 747 869 793 adolescentiae,
901 747 1063 786 dedecus
1084 757 1122 785 et
1142 747 1345 800 egestatem
1368 750 1523 802 reliquae
1549 751 1649 796 vitae,

254 813 503 852 latrocinium
524 813 742 852 consulatus
760 843 771 858 ‚
802 813 972 852 vidimus
988 832 1001 858 5
1033 814 1097 851 cui
1115 827 1162 851 ne
1181 813 1248 851 ista
1268 815 1428 866 quidem
1452 816 1530 868 ipsa
1549 817 1650 854 cala-

254 880 368 918 mitas
389 880 529 933 injuria
548 880 676 932 potuit
694 879 865 918 accidere
883 894 892 918 z
915 880 955 918 id
975 880 1015 918 in
1035 893 1098 918 me
1118 879 1287 918 infirmas
1308 881 1320 918 ?
1352 890 1388 919 et
1408 883 1559 934 gravius
1580 884 1652 922 effe

254 946 366 991 dicis,
397 946 503 998 quod
534 959 612 985 uno
642 946 892 991 adolescente,
924 960 1043 999 quam
1077 946 1183 998 quod
1218 948 1405 985 concione
1438 956 1529 994 tota,
1561 950 1651 988 teste

254 1012 408 1052 fecisti?
441 1013 647 1052 Dedicatio
667 1027 861 1067 magnam,
892 1014 1035 1066 inquit,
1066 1013 1182 1052 habet
1202 1015 1442 1068 religionem.

309 1081 460 1120 XLIX.
493 1081 636 1119 Nonne
652 1081 761 1119 vobis
783 1080 918 1119 Numa
938 1081 1156 1133 Pompilius
1177 1081 1328 1120 videtur
1348 1083 1480 1134 loqui?
1504 1083 1652 1123 Discite

254 1148 480 1193 orationem,
513 1147 736 1192 Pontifices,
767 1155 805 1185 et
835 1160 916 1192 vos,
949 1148 980 1186 F
984 1147 1174 1186 lamines:
1208 1148 1323 1186 etiam
1354 1158 1408 1193 tu,
1440 1163 1520 1195 rex,
1551 1151 1652 1189 disce

255 1227 276 1252 a
294 1215 432 1267 gentili
453 1223 548 1259 tu03
581 1227 804 1267 quanquam
823 1214 890 1252 ille
908 1223 1064 1266 gentem
1086 1214 1194 1252 istam
1222 1215 1379 1266 reliquit
1399 1230 1407 1253 :
1440 1216 1501 1254 scd
1523 1226 1651 1256 tamen

253 1280 354 1319 disce
375 1281 422 1319 ab
441 1280 602 1319 homine
622 1281 874 1333 religionibus
896 1280 1025 1318 dedito
1040 1309 1052 1325 ‚
1077 1280 1206 1332 justo,
1238 1289 1323 1319 tum
1352 1283 1531 1320 omnium
1559 1284 1650 1321 reli-

254 1347 418 1400 gionum
439 1347 575 1401 perito.
620 1347 761 1399 Qid?
792 1347 832 1385 in
859 1347 1098 1385 dedicatione
1130 1360 1258 1385 nonne
1286 1356 1324 1385 et
1351 1349 1436 1400 quis
1459 1349 1582 1395 dicit,
1614 1360 1651 1389 et

254 1414 367 1466 quid,
396 1423 433 1453 et
454 1414 665 1467 quomode,
697 1414 879 1466 quaeritur
899 1413 911 1449 ?
944 1414 1007 1451 An
1028 1422 1070 1451 tu
1090 1411 1172 1451 haec
1192 1414 1245 1452 ita
1264 1413 1471 1454 confundis
1500 1426 1538 1454 et
1563 1431 1651 1470 per-

256 1481 399 1525 turbas,
431 1490 487 1525 ut‚
518 1480 758 1532 quicumque
788 1479 895 1524 velit,
927 1479 1032 1531 quod
1057 1478 1164 1523 velit,
1197 1480 1396 1531 quomodo
1425 1482 1530 1527 velit,
1562 1484 1652 1536 pos-

255 1546 300 1584 fit
320 1546 522 1584 dedicare?
555 1546 654 1596 Qis
676 1559 752 1583 eras
774 1554 831 1589 tu,
862 1545 931 1597 qui
961 1544 1192 1583 dedicabas?
1224 1559 1302 1598 quo
1325 1547 1426 1598 jure,
1457 1562 1533 1600 qua
1552 1549 1650 1602 lege,

256 1625 334 1664 quo
353 1612 534 1665 exemplo
551 1641 562 1656 ,
593 1625 670 1664 qua
697 1611 908 1664 potestate?
942 1611 1009 1649 ubi
1039 1620 1075 1649 te
1100 1611 1160 1649 isti
1189 1612 1239 1649 rei
1261 1612 1426 1664 populus
1448 1614 1650 1654 Romanus

256 1677 504 1731 praefecerat?
536 1678 646 1716 video
677 1678 781 1716 enim
812 1677 883 1716 effe
914 1678 1041 1730 legem
1072 1686 1243 1716 veterum
1274 1679 1533 1725 tribunitiam,
1565 1695 1650 1734 quae

254 1754 356 1783 vetet
375 1743 515 1798 injuffu
535 1744 659 1797 plebis
680 1744 789 1790 aedes,
821 1753 976 1789 terram,
998 1758 1115 1789 aram,
1137 1745 1366 1783 consecrare.
1399 1746 1541 1798 Neque
1563 1756 1650 1787 tum

255 1810 331 1849 hoc
365 1811 430 1849 ille
464 1811 738 1863 QPapirius,
776 1811 843 1863 qui
879 1810 977 1848 hanc
1012 1811 1139 1863 legem
1174 1811 1334 1863 rogavit,
1370 1810 1493 1857 senfit,
1525 1827 1651 1866 neque

256 1877 461 1930 suspicatus
496 1877 577 1922 est,
608 1876 690 1916 fore
723 1877 942 1930 periculum
961 1906 971 1922 ‚
1003 1890 1050 1915 ne
1084 1877 1282 1915 domicilia
1314 1886 1379 1916 aut
1414 1878 1650 1931 possessiones

255 1944 568 1982 indemnatorum
591 1944 738 1981 civium
766 1943 1101 1982 consecrarentur:
1135 1957 1259 1997 neque
1286 1945 1392 1982 enim
1419 1945 1457 1983 id
1486 1945 1567 1984 fieri
1594 1946 1649 1985 fas

255 2018 347 2054 erat,
379 2022 503 2061 neque
523 2009 725 2062 quisquam
745 2009 898 2055 fecerat,
930 2023 1054 2062 neque
1072 2018 1151 2048 erat
1171 2010 1291 2056 causa,
1323 2024 1391 2049 cur
1410 2011 1651 2064 prohibendo

254 2089 332 2114 non
354 2084 432 2113 tam
452 2076 636 2114 deterrere
656 2076 860 2121 videretur,
891 2090 1009 2128 quam
1029 2076 1256 2116 admonere„

314 2141 385 2179 Sed
402 2171 413 2186 ‚
445 2142 535 2193 quia
566 2142 881 2180 consecrabantur
911 2143 1006 2180 aedes
1024 2171 1034 2186 ‚
1067 2157 1143 2181 non
1164 2143 1400 2196 privatorum
1422 2144 1646 2190 domicilia,

259 2208 319 2246 sed
339 2221 423 2259 quae
443 2207 551 2245 sacrae
571 2208 819 2246 nominantur
833 2226 846 2253 ς
878 2208 1194 2247 consecrabantur
1213 2210 1305 2262 agri,
1328 2224 1404 2248 non
1425 2211 1477 2247 ita
1499 2220 1539 2247 ut
1560 2211 1647 2247 nos-

259 2283 313 2311 tra
333 2273 497 2325 praedia,
529 2273 554 2310 fi
576 2274 662 2324 quis
684 2274 824 2319 vellet,
856 2274 918 2312 sed
950 2283 992 2312 ut
1020 2275 1228 2327 imperator
1259 2289 1366 2327 agros
1396 2275 1442 2312 de
1473 2274 1645 2313 hostibus

259 2348 403 2391 capt08‚
425 2338 685 2383 consecraret5
717 2340 977 2378 statuebantur
997 2354 1079 2384 arae,
1102 2354 1186 2392 quae
1208 2341 1434 2391 religionem
1455 2339 1644 2386 afferrent,

259 2406 339 2458 ipso
374 2405 398 2443 fi
431 2406 516 2442 loco
546 2404 661 2442 effent
692 2406 940 2443 consecratae:
973 2405 1083 2450 haec,
1115 2407 1182 2443 nifi
1214 2406 1323 2458 plebs
1349 2405 1534 2457 juffisset,
1565 2407 1647 2446 fieri

260 2473 394 2514 vetuit.
437 2473 534 2524 Qae
568 2471 593 2509 si
633 2481 671 2509 tu
706 2472 962 2524 interpretaris
993 2472 1038 2509 de
1070 2471 1202 2510 nostris
1234 2472 1376 2512 aedibus
1406 2481 1518 2525 atque
1548 2475 1646 2526 agris
