<?xml version="1.0" encoding="UTF-8"?>
<!DOCTYPE html PUBLIC "-//W3C//DTD XHTML 1.0 Transitional//EN"
    "http://www.w3.org/TR/xhtml1/DTD/xhtml1-transitional.dtd">
<html xmlns="http://www.w3.org/1999/xhtml" xml:lang="en" lang="en">
 <head>
  <title>
</title>
<meta http-equiv="Content-Type" content="text/html;charset=utf-8" />
  <meta name='ocr-system' content='tesseract 3.04.00' />
  <meta name='ocr-capabilities' content='ocr_page ocr_carea ocr_par ocr_line ocrx_word'/>
</head>
<body>
  <div class='ocr_page' id='page_1' title='image "./operacumindicibu05ciceuoft_0420.png"; bbox 0 0 2212 2835; ppageno 0'>
   <div class='ocr_carea' id='block_1_1' title="bbox 1072 152 1307 205">
    <p class='ocr_par' dir='ltr' id='par_1_1' title="bbox 1072 152 1307 205">
     <span class='ocr_line' id='line_1_1' title="bbox 1072 152 1307 205; baseline 0.004 -2"><span class='ocrx_word' id='word_1_1' title='bbox 1072 152 1307 205; x_wconf 80' lang='lat'>[406]</span> 
     </span>
    </p>
   </div>
   <div class='ocr_carea' id='block_1_2' title="bbox 1131 357 1249 393">
    <p class='ocr_par' dir='ltr' id='par_1_2' title="bbox 1131 357 1249 393">
     <span class='ocr_line' id='line_1_2' title="bbox 1131 357 1249 393; baseline 0.008 -1"><span class='ocrx_word' id='word_1_2' title='bbox 1131 357 1249 393; x_wconf 78' lang='lat' dir='ltr'>DE</span> 
     </span>
    </p>
   </div>
   <div class='ocr_carea' id='block_1_3' title="bbox 509 568 1871 627">
    <p class='ocr_par' dir='ltr' id='par_1_3' title="bbox 509 568 1871 627">
     <span class='ocr_line' id='line_1_3' title="bbox 509 568 1871 627; baseline 0.002 -4"><span class='ocrx_word' id='word_1_3' title='bbox 509 568 1208 627; x_wconf 81' lang='lat' dir='ltr'>HARUSPICUM</span> <span class='ocrx_word' id='word_1_4' title='bbox 1297 568 1871 627; x_wconf 87' lang='lat' dir='ltr'>RESPONSIS</span> 
     </span>
    </p>
   </div>
   <div class='ocr_carea' id='block_1_4' title="bbox 919 792 1459 831">
    <p class='ocr_par' dir='ltr' id='par_1_4' title="bbox 919 792 1459 831">
     <span class='ocr_line' id='line_1_4' title="bbox 919 792 1459 831; baseline 0 -1"><span class='ocrx_word' id='word_1_5' title='bbox 919 792 1006 830; x_wconf 80' lang='grc' dir='ltr'>ΙΝ</span> <span class='ocrx_word' id='word_1_6' title='bbox 1091 793 1459 831; x_wconf 81' lang='lat' dir='ltr'><strong>SENATU</strong></span> 
     </span>
    </p>
   </div>
   <div class='ocr_carea' id='block_1_5' title="bbox 866 990 1510 1029">
    <p class='ocr_par' dir='ltr' id='par_1_5' title="bbox 866 990 1510 1029">
     <span class='ocr_line' id='line_1_5' title="bbox 866 990 1510 1029; baseline 0.005 -3"><span class='ocrx_word' id='word_1_7' title='bbox 866 990 1272 1029; x_wconf 92' lang='lat' dir='ltr'>ORATIO</span> <span class='ocrx_word' id='word_1_8' title='bbox 1363 990 1510 1029; x_wconf 91' lang='lat' dir='ltr'>XXX.</span> 
     </span>
    </p>
   </div>
   <div class='ocr_carea' id='block_1_6' title="bbox 483 1189 1891 2507">
    <p class='ocr_par' dir='ltr' id='par_1_6' title="bbox 483 1189 1891 2507">
     <span class='ocr_line' id='line_1_6' title="bbox 490 1189 1890 1242; baseline 0.003 -16"><span class='ocrx_word' id='word_1_9' title='bbox 490 1190 522 1227; x_wconf 87' lang='grc' dir='ltr'>Ι.</span> <span class='ocrx_word' id='word_1_10' title='bbox 673 1189 706 1226; x_wconf 89' lang='grc' dir='ltr'><em>Ε</em></span> <span class='ocrx_word' id='word_1_11' title='bbox 723 1189 744 1227; x_wconf 90' lang='lat' dir='ltr'>S</span> <span class='ocrx_word' id='word_1_12' title='bbox 761 1189 798 1227; x_wconf 95' lang='lat' dir='ltr'><strong>T</strong></span> <span class='ocrx_word' id='word_1_13' title='bbox 813 1190 847 1227; x_wconf 90' lang='lat' dir='ltr'>E</span> <span class='ocrx_word' id='word_1_14' title='bbox 862 1189 898 1227; x_wconf 91' lang='lat' dir='ltr'>R</span> <span class='ocrx_word' id='word_1_15' title='bbox 913 1189 954 1228; x_wconf 97' lang='lat' dir='ltr'>N</span> <span class='ocrx_word' id='word_1_16' title='bbox 970 1190 1007 1228; x_wconf 89' lang='lat' dir='ltr'>O</span> <span class='ocrx_word' id='word_1_17' title='bbox 1029 1190 1104 1235; x_wconf 91' lang='lat' dir='ltr'>die,</span> <span class='ocrx_word' id='word_1_18' title='bbox 1125 1191 1255 1229; x_wconf 86' lang='lat' dir='ltr'>Patres</span> <span class='ocrx_word' id='word_1_19' title='bbox 1276 1189 1498 1242; x_wconf 88' lang='lat' dir='ltr'>conscripti,</span> <span class='ocrx_word' id='word_1_20' title='bbox 1516 1203 1610 1228; x_wconf 90' lang='lat' dir='ltr'>cum</span> <span class='ocrx_word' id='word_1_21' title='bbox 1630 1203 1694 1228; x_wconf 90' lang='lat' dir='ltr'>me</span> <span class='ocrx_word' id='word_1_22' title='bbox 1714 1197 1751 1230; x_wconf 91' lang='lat' dir='ltr'>et</span> <span class='ocrx_word' id='word_1_23' title='bbox 1771 1191 1890 1230; x_wconf 89' lang='lat' dir='ltr'>vestra</span> 
     </span>
     <span class='ocr_line' id='line_1_7' title="bbox 687 1255 1888 1310; baseline 0.002 -17"><span class='ocrx_word' id='word_1_24' title='bbox 687 1256 852 1308; x_wconf 85' lang='lat' dir='ltr'>dignitas</span> <span class='ocrx_word' id='word_1_25' title='bbox 869 1285 880 1302; x_wconf 93' lang='lat'>,</span> <span class='ocrx_word' id='word_1_26' title='bbox 911 1265 950 1295; x_wconf 93' lang='lat' dir='ltr'>et</span> <span class='ocrx_word' id='word_1_27' title='bbox 974 1255 1189 1310; x_wconf 85' lang='lat' dir='ltr'>frequentia</span> <span class='ocrx_word' id='word_1_28' title='bbox 1216 1257 1395 1309; x_wconf 89' lang='lat' dir='ltr'>equitum</span> <span class='ocrx_word' id='word_1_29' title='bbox 1415 1257 1686 1295; x_wconf 89' lang='lat' dir='ltr'>Romanorum</span> <span class='ocrx_word' id='word_1_30' title='bbox 1703 1286 1714 1302; x_wconf 93' lang='lat'>,</span> <span class='ocrx_word' id='word_1_31' title='bbox 1746 1258 1888 1310; x_wconf 91' lang='lat' dir='ltr'>quibus</span> 
     </span>
     <span class='ocr_line' id='line_1_8' title="bbox 498 1321 1891 1377; baseline 0.002 -18"><span class='ocrx_word' id='word_1_32' title='bbox 498 1321 645 1360; x_wconf 81' lang='lat' dir='ltr'>senatus</span> <span class='ocrx_word' id='word_1_33' title='bbox 666 1323 840 1367; x_wconf 88' lang='lat' dir='ltr'>dabatur,</span> <span class='ocrx_word' id='word_1_34' title='bbox 858 1336 1091 1376; x_wconf 83' lang='lat' dir='ltr'>magnopere</span> <span class='ocrx_word' id='word_1_35' title='bbox 1107 1322 1389 1368; x_wconf 73' lang='lat' dir='ltr'>commovisset,</span> <span class='ocrx_word' id='word_1_36' title='bbox 1405 1324 1536 1376; x_wconf 90' lang='lat' dir='ltr'>putavi</span> <span class='ocrx_word' id='word_1_37' title='bbox 1557 1322 1657 1362; x_wconf 85' lang='lat' dir='ltr'>mihi</span> <span class='ocrx_word' id='word_1_38' title='bbox 1674 1324 1891 1377; x_wconf 87' lang='lat' dir='ltr'>reprimen-</span> 
     </span>
     <span class='ocr_line' id='line_1_9' title="bbox 489 1387 1888 1442; baseline 0.001 -16"><span class='ocrx_word' id='word_1_39' title='bbox 489 1388 579 1426; x_wconf 89' lang='lat' dir='ltr'>dam</span> <span class='ocrx_word' id='word_1_40' title='bbox 599 1387 670 1426; x_wconf 81' lang='lat' dir='ltr'>effe</span> <span class='ocrx_word' id='word_1_41' title='bbox 693 1389 736 1427; x_wconf 90' lang='lat' dir='ltr'>P.</span> <span class='ocrx_word' id='word_1_42' title='bbox 761 1388 892 1427; x_wconf 88' lang='lat' dir='ltr'>Clodii</span> <span class='ocrx_word' id='word_1_43' title='bbox 911 1389 1194 1442; x_wconf 90' lang='lat' dir='ltr'>impudentiam</span> <span class='ocrx_word' id='word_1_44' title='bbox 1208 1417 1220 1434; x_wconf 93' lang='lat'>‚</span> <span class='ocrx_word' id='word_1_45' title='bbox 1251 1402 1345 1427; x_wconf 90' lang='lat' dir='ltr'>cum</span> <span class='ocrx_word' id='word_1_46' title='bbox 1364 1389 1395 1427; x_wconf 85' lang='lat' dir='ltr'>is</span> <span class='ocrx_word' id='word_1_47' title='bbox 1415 1389 1714 1442; x_wconf 88' lang='lat' dir='ltr'>publicanorum</span> <span class='ocrx_word' id='word_1_48' title='bbox 1735 1389 1888 1428; x_wconf 88' lang='lat' dir='ltr'>causam</span> 
     </span>
     <span class='ocr_line' id='line_1_10' title="bbox 489 1454 1887 1508; baseline 0.002 -16"><span class='ocrx_word' id='word_1_49' title='bbox 489 1454 716 1493; x_wconf 82' lang='lat' dir='ltr'>stultiffimis</span> <span class='ocrx_word' id='word_1_50' title='bbox 737 1455 1101 1508; x_wconf 84' lang='lat' dir='ltr'>interrogationibus</span> <span class='ocrx_word' id='word_1_51' title='bbox 1120 1456 1342 1508; x_wconf 88' lang='lat' dir='ltr'>impediret,</span> <span class='ocrx_word' id='word_1_52' title='bbox 1372 1465 1411 1494; x_wconf 90' lang='lat' dir='ltr'>et</span> <span class='ocrx_word' id='word_1_53' title='bbox 1438 1457 1482 1494; x_wconf 90' lang='lat' dir='ltr'>P.</span> <span class='ocrx_word' id='word_1_54' title='bbox 1505 1456 1685 1495; x_wconf 92' lang='lat' dir='ltr'>Tullioni</span> <span class='ocrx_word' id='word_1_55' title='bbox 1707 1458 1798 1508; x_wconf 88' lang='lat' dir='ltr'>Syro</span> <span class='ocrx_word' id='word_1_56' title='bbox 1818 1470 1887 1494; x_wconf 51' lang='lat' dir='ltr'>na*-</span> 
     </span>
     <span class='ocr_line' id='line_1_11' title="bbox 490 1522 1888 1574; baseline 0.002 -15"><span class='ocrx_word' id='word_1_57' title='bbox 490 1531 593 1559; x_wconf 84' lang='lat' dir='ltr'>varet</span> <span class='ocrx_word' id='word_1_58' title='bbox 612 1535 782 1574; x_wconf 87' lang='lat' dir='ltr'>operam,</span> <span class='ocrx_word' id='word_1_59' title='bbox 812 1531 927 1574; x_wconf 88' lang='lat' dir='ltr'>atque</span> <span class='ocrx_word' id='word_1_60' title='bbox 946 1522 981 1560; x_wconf 90' lang='lat' dir='ltr'>ei</span> <span class='ocrx_word' id='word_1_61' title='bbox 1001 1522 1088 1568; x_wconf 91' lang='lat' dir='ltr'>sese,</span> <span class='ocrx_word' id='word_1_62' title='bbox 1119 1523 1183 1561; x_wconf 90' lang='lat' dir='ltr'>cui</span> <span class='ocrx_word' id='word_1_63' title='bbox 1204 1531 1306 1561; x_wconf 89' lang='lat' dir='ltr'>totus</span> <span class='ocrx_word' id='word_1_64' title='bbox 1330 1523 1512 1568; x_wconf 85' lang='lat' dir='ltr'>venierat,</span> <span class='ocrx_word' id='word_1_65' title='bbox 1543 1523 1661 1562; x_wconf 90' lang='lat' dir='ltr'>etiam</span> <span class='ocrx_word' id='word_1_66' title='bbox 1689 1523 1798 1562; x_wconf 83' lang='lat' dir='ltr'>vobis</span> <span class='ocrx_word' id='word_1_67' title='bbox 1825 1522 1888 1562; x_wconf 89' lang='lat' dir='ltr'>in-</span> 
     </span>
     <span class='ocr_line' id='line_1_12' title="bbox 488 1588 1890 1642; baseline 0.003 -17"><span class='ocrx_word' id='word_1_68' title='bbox 488 1588 743 1640; x_wconf 64' lang='lat' dir='ltr'>spectantibus</span> <span class='ocrx_word' id='word_1_69' title='bbox 764 1589 989 1628; x_wconf 84' lang='lat' dir='ltr'>venditaret.</span> <span class='ocrx_word' id='word_1_70' title='bbox 1035 1590 1171 1642; x_wconf 88' lang='lat' dir='ltr'>Itaque</span> <span class='ocrx_word' id='word_1_71' title='bbox 1190 1588 1395 1628; x_wconf 88' lang='lat' dir='ltr'>hominem</span> <span class='ocrx_word' id='word_1_72' title='bbox 1415 1588 1609 1628; x_wconf 88' lang='lat' dir='ltr'>furentem</span> <span class='ocrx_word' id='word_1_73' title='bbox 1628 1590 1890 1629; x_wconf 86' lang='lat' dir='ltr'>exultantem-</span> 
     </span>
     <span class='ocr_line' id='line_1_13' title="bbox 488 1655 1886 1710; baseline 0.001 -18"><span class='ocrx_word' id='word_1_74' title='bbox 488 1667 564 1706; x_wconf 91' lang='lat' dir='ltr'>que</span> <span class='ocrx_word' id='word_1_75' title='bbox 583 1655 774 1699; x_wconf 86' lang='lat' dir='ltr'>continui,</span> <span class='ocrx_word' id='word_1_76' title='bbox 793 1655 906 1693; x_wconf 89' lang='lat' dir='ltr'>fimul</span> <span class='ocrx_word' id='word_1_77' title='bbox 927 1668 968 1693; x_wconf 92' lang='lat' dir='ltr'>ac</span> <span class='ocrx_word' id='word_1_78' title='bbox 989 1655 1208 1708; x_wconf 89' lang='lat' dir='ltr'>periculum</span> <span class='ocrx_word' id='word_1_79' title='bbox 1222 1656 1366 1708; x_wconf 89' lang='lat' dir='ltr'>judicii</span> <span class='ocrx_word' id='word_1_80' title='bbox 1390 1656 1560 1694; x_wconf 82' lang='lat' dir='ltr'>intendi:</span> <span class='ocrx_word' id='word_1_81' title='bbox 1579 1656 1729 1695; x_wconf 93' lang='lat' dir='ltr'>duobus</span> <span class='ocrx_word' id='word_1_82' title='bbox 1750 1657 1886 1710; x_wconf 92' lang='lat' dir='ltr'>incep-</span> 
     </span>
     <span class='ocr_line' id='line_1_14' title="bbox 488 1720 1835 1774; baseline 0.001 -16"><span class='ocrx_word' id='word_1_83' title='bbox 488 1721 538 1758; x_wconf 88' lang='lat' dir='ltr'>tis</span> <span class='ocrx_word' id='word_1_84' title='bbox 558 1721 683 1759; x_wconf 88' lang='lat' dir='ltr'>verbis</span> <span class='ocrx_word' id='word_1_85' title='bbox 704 1734 863 1759; x_wconf 89' lang='lat' dir='ltr'>omnem</span> <span class='ocrx_word' id='word_1_86' title='bbox 884 1721 1078 1774; x_wconf 90' lang='lat' dir='ltr'>impetum</span> <span class='ocrx_word' id='word_1_87' title='bbox 1097 1721 1317 1774; x_wconf 87' lang='lat' dir='ltr'>gladiatoris</span> <span class='ocrx_word' id='word_1_88' title='bbox 1337 1720 1600 1774; x_wconf 85' lang='lat' dir='ltr'>ferociamque</span> <span class='ocrx_word' id='word_1_89' title='bbox 1620 1721 1835 1774; x_wconf 85' lang='lat' dir='ltr'>compreffi.</span> 
     </span>
     <span class='ocr_line' id='line_1_15' title="bbox 545 1787 1887 1841; baseline 0.001 -15"><span class='ocrx_word' id='word_1_90' title='bbox 545 1790 732 1826; x_wconf 86' lang='lat' dir='ltr'>Attamen</span> <span class='ocrx_word' id='word_1_91' title='bbox 768 1788 923 1841; x_wconf 84' lang='lat' dir='ltr'>ignarus</span> <span class='ocrx_word' id='word_1_92' title='bbox 956 1788 1022 1826; x_wconf 92' lang='lat' dir='ltr'>ille</span> <span class='ocrx_word' id='word_1_93' title='bbox 1056 1788 1125 1840; x_wconf 90' lang='lat' dir='ltr'>qui</span> <span class='ocrx_word' id='word_1_94' title='bbox 1158 1787 1332 1826; x_wconf 89' lang='lat' dir='ltr'>consules</span> <span class='ocrx_word' id='word_1_95' title='bbox 1367 1787 1481 1826; x_wconf 86' lang='lat' dir='ltr'>effent</span> <span class='ocrx_word' id='word_1_96' title='bbox 1495 1817 1505 1833; x_wconf 93' lang='lat'>,</span> <span class='ocrx_word' id='word_1_97' title='bbox 1538 1789 1738 1841; x_wconf 84' lang='lat' dir='ltr'>exsanguis</span> <span class='ocrx_word' id='word_1_98' title='bbox 1772 1797 1887 1841; x_wconf 82' lang='lat' dir='ltr'>atque</span> 
     </span>
     <span class='ocr_line' id='line_1_16' title="bbox 488 1853 1885 1907; baseline 0.001 -16"><span class='ocrx_word' id='word_1_99' title='bbox 488 1853 644 1891; x_wconf 70' lang='lat' dir='ltr'>aestuan&#39;s</span> <span class='ocrx_word' id='word_1_100' title='bbox 661 1883 672 1898; x_wconf 92' lang='lat'>‚</span> <span class='ocrx_word' id='word_1_101' title='bbox 704 1856 738 1891; x_wconf 91' lang='lat' dir='ltr'>se</span> <span class='ocrx_word' id='word_1_102' title='bbox 765 1867 812 1892; x_wconf 88' lang='lat' dir='ltr'>ex</span> <span class='ocrx_word' id='word_1_103' title='bbox 839 1854 943 1892; x_wconf 89' lang='lat' dir='ltr'>curia</span> <span class='ocrx_word' id='word_1_104' title='bbox 968 1862 1124 1907; x_wconf 89' lang='lat' dir='ltr'>repente</span> <span class='ocrx_word' id='word_1_105' title='bbox 1143 1854 1336 1907; x_wconf 86' lang='lat' dir='ltr'>proripuit</span> <span class='ocrx_word' id='word_1_106' title='bbox 1352 1883 1362 1899; x_wconf 93' lang='lat'>,</span> <span class='ocrx_word' id='word_1_107' title='bbox 1394 1868 1485 1892; x_wconf 88' lang='lat' dir='ltr'>cum</span> <span class='ocrx_word' id='word_1_108' title='bbox 1507 1855 1738 1907; x_wconf 88' lang='lat' dir='ltr'>quibusdam</span> <span class='ocrx_word' id='word_1_109' title='bbox 1758 1854 1885 1894; x_wconf 65' lang='lat' dir='ltr'>fractis</span> 
     </span>
     <span class='ocr_line' id='line_1_17' title="bbox 483 1920 1887 1975; baseline 0.003 -19"><span class='ocrx_word' id='word_1_110' title='bbox 483 1920 567 1971; x_wconf 82' lang='lat' dir='ltr'>jam</span> <span class='ocrx_word' id='word_1_111' title='bbox 600 1928 715 1972; x_wconf 90' lang='lat' dir='ltr'>atque</span> <span class='ocrx_word' id='word_1_112' title='bbox 748 1920 926 1958; x_wconf 83' lang='lat' dir='ltr'>inanibus</span> <span class='ocrx_word' id='word_1_113' title='bbox 963 1921 1079 1959; x_wconf 87' lang='lat' dir='ltr'>minis</span> <span class='ocrx_word' id='word_1_114' title='bbox 1094 1950 1105 1966; x_wconf 93' lang='lat'>,</span> <span class='ocrx_word' id='word_1_115' title='bbox 1136 1929 1174 1959; x_wconf 89' lang='lat' dir='ltr'>et</span> <span class='ocrx_word' id='word_1_116' title='bbox 1207 1934 1299 1959; x_wconf 90' lang='lat' dir='ltr'>cum</span> <span class='ocrx_word' id='word_1_117' title='bbox 1335 1920 1439 1959; x_wconf 84' lang='lat' dir='ltr'>illius</span> <span class='ocrx_word' id='word_1_118' title='bbox 1475 1921 1668 1960; x_wconf 85' lang='lat' dir='ltr'>Pisoniani</span> <span class='ocrx_word' id='word_1_119' title='bbox 1702 1923 1887 1975; x_wconf 82' lang='lat' dir='ltr'>temporis</span> 
     </span>
     <span class='ocr_line' id='line_1_18' title="bbox 489 1986 1886 2042; baseline 0.002 -19"><span class='ocrx_word' id='word_1_120' title='bbox 489 1986 778 2038; x_wconf 76' lang='lat' dir='ltr'>Gabinianique</span> <span class='ocrx_word' id='word_1_121' title='bbox 799 1987 1020 2025; x_wconf 84' lang='lat' dir='ltr'>terroribus.</span> <span class='ocrx_word' id='word_1_122' title='bbox 1040 1988 1171 2039; x_wconf 84' lang='lat' dir='ltr'>Qem</span> <span class='ocrx_word' id='word_1_123' title='bbox 1191 2001 1283 2025; x_wconf 91' lang='lat' dir='ltr'>cum</span> <span class='ocrx_word' id='word_1_124' title='bbox 1300 1987 1560 2040; x_wconf 86' lang='lat' dir='ltr'>egredientem</span> <span class='ocrx_word' id='word_1_125' title='bbox 1580 1988 1728 2041; x_wconf 87' lang='lat' dir='ltr'>insequi</span> <span class='ocrx_word' id='word_1_126' title='bbox 1748 1988 1886 2042; x_wconf 83' lang='lat' dir='ltr'>coepis-</span> 
     </span>
     <span class='ocr_line' id='line_1_19' title="bbox 489 2051 1888 2105; baseline 0.002 -16"><span class='ocrx_word' id='word_1_127' title='bbox 489 2051 593 2096; x_wconf 88' lang='lat' dir='ltr'>sem,</span> <span class='ocrx_word' id='word_1_128' title='bbox 624 2052 709 2104; x_wconf 90' lang='lat' dir='ltr'>cepi</span> <span class='ocrx_word' id='word_1_129' title='bbox 743 2052 924 2105; x_wconf 87' lang='lat' dir='ltr'>equidem</span> <span class='ocrx_word' id='word_1_130' title='bbox 954 2052 1126 2091; x_wconf 65' lang='lat' dir='ltr'>fructum</span> <span class='ocrx_word' id='word_1_131' title='bbox 1158 2053 1376 2092; x_wconf 85' lang='lat' dir='ltr'>maximum</span> <span class='ocrx_word' id='word_1_132' title='bbox 1396 2082 1406 2098; x_wconf 93' lang='lat'><em>‚</em></span> <span class='ocrx_word' id='word_1_133' title='bbox 1438 2062 1475 2091; x_wconf 93' lang='lat' dir='ltr'>et</span> <span class='ocrx_word' id='word_1_134' title='bbox 1503 2067 1549 2091; x_wconf 86' lang='lat' dir='ltr'>ex</span> <span class='ocrx_word' id='word_1_135' title='bbox 1580 2055 1888 2093; x_wconf 61' lang='lat' dir='ltr'>consurrectione</span> 
     </span>
     <span class='ocr_line' id='line_1_20' title="bbox 488 2118 1886 2173; baseline 0.002 -17"><span class='ocrx_word' id='word_1_136' title='bbox 488 2119 669 2156; x_wconf 89' lang='lat' dir='ltr'>omnium</span> <span class='ocrx_word' id='word_1_137' title='bbox 705 2118 885 2164; x_wconf 89' lang='lat' dir='ltr'>vestrum,</span> <span class='ocrx_word' id='word_1_138' title='bbox 921 2128 959 2157; x_wconf 94' lang='lat' dir='ltr'>et</span> <span class='ocrx_word' id='word_1_139' title='bbox 993 2133 1040 2158; x_wconf 83' lang='lat' dir='ltr'>ex</span> <span class='ocrx_word' id='word_1_140' title='bbox 1072 2120 1260 2158; x_wconf 86' lang='lat' dir='ltr'>comitatu</span> <span class='ocrx_word' id='word_1_141' title='bbox 1295 2120 1608 2173; x_wconf 88' lang='lat' dir='ltr'>publicanorum.</span> <span class='ocrx_word' id='word_1_142' title='bbox 1650 2121 1721 2159; x_wconf 87' lang='lat' dir='ltr'>Sed</span> <span class='ocrx_word' id='word_1_143' title='bbox 1756 2134 1886 2160; x_wconf 90' lang='lat' dir='ltr'>vecors</span> 
     </span>
     <span class='ocr_line' id='line_1_21' title="bbox 489 2184 1888 2237; baseline 0.003 -15"><span class='ocrx_word' id='word_1_144' title='bbox 489 2194 645 2237; x_wconf 89' lang='lat' dir='ltr'>repente</span> <span class='ocrx_word' id='word_1_145' title='bbox 670 2185 745 2223; x_wconf 87' lang='lat' dir='ltr'>fine</span> <span class='ocrx_word' id='word_1_146' title='bbox 765 2185 831 2223; x_wconf 91' lang='lat' dir='ltr'>suo</span> <span class='ocrx_word' id='word_1_147' title='bbox 849 2184 973 2232; x_wconf 83' lang='lat' dir='ltr'>vultu,</span> <span class='ocrx_word' id='word_1_148' title='bbox 1005 2186 1081 2224; x_wconf 81' lang='lat' dir='ltr'>fine</span> <span class='ocrx_word' id='word_1_149' title='bbox 1107 2186 1249 2232; x_wconf 88' lang='lat' dir='ltr'>colore,</span> <span class='ocrx_word' id='word_1_150' title='bbox 1280 2186 1356 2225; x_wconf 88' lang='lat' dir='ltr'>fine</span> <span class='ocrx_word' id='word_1_151' title='bbox 1383 2200 1490 2232; x_wconf 87' lang='lat' dir='ltr'>voce,</span> <span class='ocrx_word' id='word_1_152' title='bbox 1521 2187 1719 2233; x_wconf 84' lang='lat' dir='ltr'>constitit;</span> <span class='ocrx_word' id='word_1_153' title='bbox 1752 2188 1888 2226; x_wconf 90' lang='lat' dir='ltr'>deinde</span> 
     </span>
     <span class='ocr_line' id='line_1_22' title="bbox 489 2251 1887 2306; baseline 0.002 -18"><span class='ocrx_word' id='word_1_154' title='bbox 489 2251 668 2304; x_wconf 85' lang='lat' dir='ltr'>respexit,</span> <span class='ocrx_word' id='word_1_155' title='bbox 700 2260 750 2296; x_wconf 90' lang='lat' dir='ltr'>et,</span> <span class='ocrx_word' id='word_1_156' title='bbox 782 2251 895 2290; x_wconf 86' lang='lat' dir='ltr'>fimul</span> <span class='ocrx_word' id='word_1_157' title='bbox 916 2266 957 2290; x_wconf 91' lang='lat' dir='ltr'>ac</span> <span class='ocrx_word' id='word_1_158' title='bbox 979 2254 1055 2291; x_wconf 91' lang='lat' dir='ltr'>Cn.</span> <span class='ocrx_word' id='word_1_159' title='bbox 1079 2253 1295 2291; x_wconf 89' lang='lat' dir='ltr'>Lentulum</span> <span class='ocrx_word' id='word_1_160' title='bbox 1316 2253 1513 2291; x_wconf 88' lang='lat' dir='ltr'>consulem</span> <span class='ocrx_word' id='word_1_161' title='bbox 1536 2254 1692 2306; x_wconf 83' lang='lat' dir='ltr'>aspexit,</span> <span class='ocrx_word' id='word_1_162' title='bbox 1715 2254 1887 2292; x_wconf 91' lang='lat' dir='ltr'>concidit</span> 
     </span>
     <span class='ocr_line' id='line_1_23' title="bbox 489 2318 1884 2370; baseline 0.002 -15"><span class='ocrx_word' id='word_1_163' title='bbox 489 2318 529 2355; x_wconf 91' lang='lat' dir='ltr'>in</span> <span class='ocrx_word' id='word_1_164' title='bbox 550 2318 664 2356; x_wconf 84' lang='lat' dir='ltr'>curiae</span> <span class='ocrx_word' id='word_1_165' title='bbox 691 2332 787 2370; x_wconf 90' lang='lat' dir='ltr'>pene</span> <span class='ocrx_word' id='word_1_166' title='bbox 813 2318 964 2364; x_wconf 88' lang='lat' dir='ltr'>limine,</span> <span class='ocrx_word' id='word_1_167' title='bbox 996 2319 1269 2364; x_wconf 85' lang='lat' dir='ltr'>recordatione,</span> <span class='ocrx_word' id='word_1_168' title='bbox 1300 2320 1426 2363; x_wconf 86' lang='lat' dir='ltr'>credo,</span> <span class='ocrx_word' id='word_1_169' title='bbox 1459 2320 1619 2358; x_wconf 83' lang='lat' dir='ltr'>Gabinii</span> <span class='ocrx_word' id='word_1_170' title='bbox 1639 2320 1708 2365; x_wconf 89' lang='lat' dir='ltr'>sui,</span> <span class='ocrx_word' id='word_1_171' title='bbox 1741 2320 1884 2358; x_wconf 87' lang='lat' dir='ltr'>defide-</span> 
     </span>
     <span class='ocr_line' id='line_1_24' title="bbox 491 2384 1885 2439; baseline 0.001 -18"><span class='ocrx_word' id='word_1_172' title='bbox 491 2384 625 2436; x_wconf 84' lang='lat' dir='ltr'>rioque</span> <span class='ocrx_word' id='word_1_173' title='bbox 648 2384 821 2423; x_wconf 86' lang='lat' dir='ltr'>Pisonis:</span> <span class='ocrx_word' id='word_1_174' title='bbox 854 2386 964 2438; x_wconf 88' lang='lat' dir='ltr'>cujus</span> <span class='ocrx_word' id='word_1_175' title='bbox 991 2399 1062 2438; x_wconf 87' lang='lat' dir='ltr'>ego</span> <span class='ocrx_word' id='word_1_176' title='bbox 1090 2386 1135 2423; x_wconf 92' lang='lat' dir='ltr'>de</span> <span class='ocrx_word' id='word_1_177' title='bbox 1161 2385 1342 2424; x_wconf 77' lang='lat' dir='ltr'>effrenato</span> <span class='ocrx_word' id='word_1_178' title='bbox 1369 2395 1406 2424; x_wconf 89' lang='lat' dir='ltr'>et</span> <span class='ocrx_word' id='word_1_179' title='bbox 1433 2386 1621 2439; x_wconf 80' lang='lat' dir='ltr'>praecipiti</span> <span class='ocrx_word' id='word_1_180' title='bbox 1641 2385 1770 2425; x_wconf 91' lang='lat' dir='ltr'>furore</span> <span class='ocrx_word' id='word_1_181' title='bbox 1790 2386 1885 2439; x_wconf 89' lang='lat' dir='ltr'>quid</span> 
     </span>
     <span class='ocr_line' id='line_1_25' title="bbox 489 2450 1886 2507; baseline 0.001 -19"><span class='ocrx_word' id='word_1_182' title='bbox 489 2450 616 2489; x_wconf 84' lang='lat' dir='ltr'>dicam</span> <span class='ocrx_word' id='word_1_183' title='bbox 635 2452 648 2488; x_wconf 93' lang='lat'>?</span> <span class='ocrx_word' id='word_1_184' title='bbox 679 2450 782 2490; x_wconf 83' lang='lat' dir='ltr'>haud</span> <span class='ocrx_word' id='word_1_185' title='bbox 802 2452 925 2506; x_wconf 88' lang='lat' dir='ltr'>potest</span> <span class='ocrx_word' id='word_1_186' title='bbox 943 2452 1181 2507; x_wconf 85' lang='lat' dir='ltr'>gravioribus</span> <span class='ocrx_word' id='word_1_187' title='bbox 1202 2467 1223 2492; x_wconf 91' lang='lat' dir='ltr'>a</span> <span class='ocrx_word' id='word_1_188' title='bbox 1243 2466 1305 2492; x_wconf 88' lang='lat' dir='ltr'>me</span> <span class='ocrx_word' id='word_1_189' title='bbox 1326 2453 1450 2491; x_wconf 85' lang='lat' dir='ltr'>verbis</span> <span class='ocrx_word' id='word_1_190' title='bbox 1471 2453 1674 2500; x_wconf 89' lang='lat' dir='ltr'>vulnerari,</span> <span class='ocrx_word' id='word_1_191' title='bbox 1696 2466 1814 2506; x_wconf 81' lang='lat' dir='ltr'>quam</span> <span class='ocrx_word' id='word_1_192' title='bbox 1833 2451 1886 2490; x_wconf 87' lang='lat' dir='ltr'>est</span> 
     </span>
    </p>
   </div>
  </div>
 </body>
</html>
