2212 2835
401 207 474 244 190
828 183 1226 223 ORATIO
1310 182 1384 220 111.

399 289 475 326 ulla
496 286 670 324 varietate
690 283 741 322 est
762 282 1001 321 consecutus.
1034 282 1100 325 Et,
1123 279 1309 333 quoniam
1329 278 1503 317 nondum
1524 278 1576 316 est
1595 278 1782 331 perscrip-

397 363 481 391 tum
504 353 650 390 senatus
671 349 904 394 consultum,
926 362 973 387 ex
995 348 1182 386 memoria
1202 347 1325 391 vobis,
1352 345 1540 397 Qirites,
1562 345 1658 396 quid
1678 344 1782 382 sena-

398 429 457 457 tus
479 418 677 462 censuerit,
699 429 903 469 exponam.
937 415 1114 453 Primum
1135 412 1235 452 mihi
1253 413 1382 466 gratiae
1400 411 1524 451 verbis
1545 410 1786 464 ampliffimis

398 494 575 537 aguntur,
617 482 720 535 quod
758 482 913 525 virtute,
951 480 1124 524 consilio,
1165 478 1402 531 providentia
1439 491 1538 521 mea,
1573 476 1787 530 respublica

397 550 577 603 periculis
605 549 648 586 fit
674 548 854 586 maximis
881 546 1063 584 liberata:
1097 545 1232 583 deinde
1263 545 1312 583 L.
1347 544 1507 582 Flaccus
1535 552 1573 581 et
1603 544 1651 581 C.
1681 543 1787 580 Pon-

398 617 515 659 tinus,
546 625 737 668 praetores,
769 613 872 665 quod
903 626 1036 650 eorum
1067 624 1182 664 opera
1211 609 1303 649 forti
1333 610 1517 662 fidelique
1544 608 1630 647 usus
1658 607 1787 652 effem,

398 684 536 720 merito
555 695 597 719 ac
612 682 698 733 jure
718 680 946 718 laudantur:
978 687 1092 730 atque
1117 678 1234 716 etiam
1260 677 1342 715 viro
1368 676 1473 721 forti,
1504 675 1660 727 collegae
1686 687 1787 718 meo,

399 750 479 786 laus
511 747 744 800 impertitur,
779 746 884 798 quod
914 758 992 789 eos,
1029 745 1096 796 qui
1127 743 1245 795 hujus
1276 743 1550 795 conjurationis
1586 742 1788 794 participes

399 814 567 857 fuiffent,
590 827 610 850 a
629 813 702 850 suis
723 822 760 850 et
781 811 1002 864 reipublicae
1021 809 1188 848 confiliis
1210 809 1439 847 removiffet.
1472 811 1604 860 Atque
1624 808 1675 846 ita
1694 820 1789 845 cen-

400 880 566 924 suerunt,
604 888 646 916 ut
679 879 722 916 P.
758 878 963 922 Lentulus,
999 889 1091 914 cum
1122 875 1158 913 se
1188 883 1351 927 praetura
1381 872 1598 917 abdicasset,
1631 882 1718 911 tum
1749 874 1789 910 in

397 947 611 983 custodiam
643 944 877 982 traderetur:
909 944 1081 994 itemque
1111 942 1169 979 uti
1201 942 1249 978 C.
1279 939 1492 993 Cethegus,
1523 940 1572 977 L.
1605 938 1791 982 Statilius,

400 1014 444 1050 P.
468 1012 675 1056 Gabinius,
699 1011 766 1063 qui
786 1022 922 1048 omnes
943 1008 1141 1062 praesentes
1161 1015 1281 1052 erant,
1301 1007 1343 1045 in
1363 1006 1573 1045 custodiam
1594 1004 1790 1044 traderen-

400 1088 463 1116 tur
480 1092 489 1115 :
521 1087 635 1130 atque
655 1077 757 1115 idem
777 1075 853 1114 hoc
873 1076 1071 1113 decretum
1091 1074 1144 1112 est
1163 1075 1204 1112 in
1223 1075 1273 1112 L.
1304 1073 1490 1118 Caffium,
1521 1073 1590 1125 qui
1611 1071 1680 1110 fibi
1699 1084 1790 1124 pro-

399 1144 636 1182 curationem
664 1141 910 1180 incendendae
937 1141 1043 1178 urbis
1070 1138 1364 1192 depoposcerat:
1396 1140 1436 1176 in
1464 1139 1528 1177 M.
1559 1137 1791 1190 Caeparium,

397 1211 478 1254 cui,
499 1211 544 1247 ad
564 1208 822 1247 sollicitandos
844 1206 1021 1259 pastores,
1047 1205 1233 1258 Apuliam
1254 1204 1324 1242 effe
1343 1204 1568 1242 attributam
1589 1213 1667 1241 erat
1686 1202 1791 1241 indi-

400 1286 531 1313 catum
551 1291 559 1313 :
592 1276 631 1312 in
654 1276 696 1312 P.
720 1273 899 1317 Furium,
930 1272 999 1324 qui
1019 1272 1071 1309 est
1091 1285 1137 1309 ex
1158 1270 1218 1308 his
1245 1270 1423 1316 coloniis,
1455 1283 1547 1322 quas
1569 1269 1719 1308 Fesulas
1742 1270 1790 1306 L.

402 1342 503 1393 Sylla
534 1341 722 1379 deduxit:
755 1340 795 1377 in
827 1340 895 1390 Q
915 1338 1099 1390 Magium
1130 1335 1358 1382 Chilonem,
1389 1337 1457 1388 qui
1489 1350 1564 1374 una
1593 1349 1685 1374 cum
1717 1334 1793 1372 hoc

402 1396 521 1447 Fffsio
543 1407 689 1458 semper
708 1414 785 1443 erat
806 1406 845 1442 in
866 1403 937 1442 hac
958 1403 1219 1455 Allobrogum
1239 1403 1506 1441 sollicitatione
1526 1402 1689 1440 versatus
1708 1415 1719 1440 ε
1752 1401 1792 1438 in

403 1475 447 1512 P.
471 1474 732 1516 Umbrenum,
764 1471 992 1509 libertinum
1012 1468 1232 1513 hominem,
1259 1482 1280 1506 a
1299 1482 1377 1521 quo
1398 1470 1571 1522 primum
1592 1467 1727 1506 Gallos
1746 1466 1793 1504 ad

402 1539 618 1577 Gabinium
642 1537 842 1589 perduCtos
863 1535 934 1573 effe
953 1535 1159 1573 constabat.
1185 1536 1318 1586 Atque
1338 1547 1381 1572 ea
1401 1534 1556 1572 lenitate
1576 1533 1723 1571 senatus
1743 1531 1796 1570 est

402 1605 504 1649 usus,
537 1604 722 1654 Qirites,
755 1612 797 1640 ut
818 1616 864 1640 ex
885 1611 986 1639 tanta
1005 1601 1284 1653 conjuratione,
1315 1609 1496 1653 tantaque
1520 1600 1559 1638 vi
1585 1613 1628 1637 ac
1655 1598 1796 1637 multi-

404 1671 536 1709 tudine
568 1669 866 1707 domesticorum
897 1666 1082 1711 hostium,
1113 1680 1255 1705 novem
1284 1666 1495 1705 hominum
1523 1665 1795 1719 perditiffimo-

405 1751 491 1775 rum
513 1750 639 1789 poena,
667 1735 864 1788 republica
883 1732 1110 1777 conservata,
1132 1732 1371 1783 reliquorum
1392 1742 1539 1770 mentes
1557 1731 1673 1769 sanari
1694 1729 1795 1782 poss‘e

405 1803 661 1840 arbitraretur.

463 1862 592 1919 Atque
613 1867 728 1904 etiam
751 1864 977 1917 supplicatio
998 1864 1084 1901 Diis
1109 1863 1411 1907 immortalibus,
1442 1877 1510 1915 pro
1532 1862 1708 1915 singulari
1728 1874 1795 1900 eo-

407 1948 492 1972 rum
515 1934 666 1977 merito,
689 1945 776 1970 mco
798 1931 953 1969 nomine
974 1930 1122 1968 decreta
1142 1930 1208 1975 cst,
1239 1930 1437 1980 Qirites:
1469 1929 1573 1982 quod
1595 1927 1695 1967 mihi
1714 1928 1795 1981 pri-

406 2014 516 2038 mum
539 1999 619 2051 post
639 1998 737 2035 hanc
759 1997 893 2034 urbem
915 1996 1111 2034 conditam
1133 2005 1262 2048 togato
1280 1996 1445 2048 contigit
1464 2011 1472 2033 ε
1505 2005 1542 2033 et
1566 1994 1627 2033 his
1648 1996 1798 2032 decreta

406 2067 530 2105 verbis
551 2065 616 2109 est,
647 2064 752 2116 Qcod
767 2064 886 2101 urbem
906 2062 1084 2107 incendiis,
1115 2062 1207 2101 ccede
1225 2063 1333 2107 cives,
1364 2063 1511 2100 Italiam
1530 2062 1627 2106 bello,
1649 2061 1796 2114 liberqs-

393 2134 484 2185 stm.
518 2132 616 2182 Qae
644 2130 869 2183 supplicatio
896 2129 921 2166 s1
948 2142 1038 2166 cum
1067 2129 1210 2166 caete1·is
1238 2128 1469 2172 conferatur,
1502 2128 1689 2179 Qirites,
1721 2126 1796 2165 hoc

409 2198 579 2242 interlin
615 2196 719 2249 quod
740 2205 881 2234 caeterae
909 2195 1003 2232 bene
1023 2194 1136 2247 gesta,
1168 2194 1250 2233 haec
1272 2208 1346 2232 una
1365 2194 1580 2232 conservata
1601 2194 1798 2246 republica

407 2264 612 2311 constituta
631 2263 695 2300 est.

466 2331 597 2381 Atque
631 2328 742 2373 illud,
777 2327 881 2380 quod
916 2326 1135 2366 faciendum
1171 2327 1344 2380 primum
1379 2326 1468 2371 fuit,
1504 2324 1649 2364 factum
1686 2334 1799 2377 atque

411 2396 637 2434 nannetum
658 2396 722 2433 est.
746 2396 850 2433 Nam
873 2395 916 2432 P.
937 2394 1140 2439 Lentulus,
1162 2407 1383 2446 quanquam
1400 2392 1607 2446 patefactus
1629 2391 1795 2435 indiciis,

409 2473 447 2500 et
479 2461 774 2500 confcffionibus
806 2461 894 2506 suiS‚
920 2461 1070 2512 judicio
1097 2460 1243 2499 sena-tus
1271 2474 1348 2499 non
1380 2460 1497 2499 modo
1528 2459 1696 2513 praetoris
1716 2458 1795 2509 juS,
