2212 2835
513 228 588 279 362
1020 220 1423 262 ORATIO

509 323 699 377 dejeciffes
717 354 728 370 ,
759 323 950 377 populum
980 336 1001 360 e
1031 322 1117 360 navi
1147 321 1379 361 exturbaffes
1397 351 1408 367 ,
1439 321 1518 375 ipse
1551 320 1778 375 archipirata
1808 336 1901 361 cum

508 405 623 444 grege
642 391 868 445 praedonum
890 389 1146 443 impuriffimo
1165 388 1393 442 pleniffimis
1414 388 1506 427 velis
1527 390 1740 442 navigares,
1760 389 1800 434 fi,
1818 402 1902 441 quae

509 469 595 497 tum
630 458 905 512 promulgasti,
938 457 1191 501 constituisti,
1222 456 1452 510 promifisti,
1482 456 1710 502 vendidisti,
1740 455 1905 509 perferre

507 525 688 579 potuifl'es
701 555 711 571 ‚
743 525 813 578 qui
833 525 941 563 locus
961 524 1001 562 in
1022 523 1114 562 orbe
1135 532 1320 561 terrarum
1341 536 1481 561 vacuus
1502 523 1807 561 extraordinariis
1827 521 1902 561 fas-

508 593 634 638 cibus,
656 602 771 645 atque
791 592 956 644 imperio
976 590 1179 635 Clodiano,
1210 589 1365 628 fuisset?
1398 591 1469 628 Sed
1489 591 1676 629 excitatus
1696 589 1905 643 aliquando

507 661 586 698 Cn.
605 661 781 712 Pompeii
805 660 950 711 (dicam
971 658 1051 711 ipso
1071 659 1262 703 audiente,
1278 658 1383 711 quod
1404 658 1509 703 senfi,
1527 667 1566 696 et
1586 658 1721 703 sentio,
1743 670 1905 711 quoquo

508 725 641 763 animo
674 739 737 763 me
770 725 968 762 auditurus
1004 723 1079 775 est)
1116 724 1333 768 excitatus,
1363 724 1552 776 inquam,
1583 723 1790 776 aliquando
1825 724 1901 762 Cn.

510 792 688 844 Pompeii
709 791 879 829 nimium
900 790 966 827 diu
987 788 1204 827 reconditus
1225 797 1264 826 et
1282 789 1436 840 penitus
1453 789 1640 828 abstrusus
1657 789 1778 828 animi
1793 789 1904 828 dolor

508 858 683 896 subvenit
703 857 829 895 subito
850 856 1084 909 reipublicae,
1112 855 1389 908 civitatemque
1407 854 1568 893 fraf’tam
1587 855 1713 901 malis,
1735 865 1902 901 mutam,

508 924 763 969 debilitatam,
793 923 979 976 abjectam
1000 930 1122 967 metu,
1152 921 1199 959 ad
1223 921 1393 974 aliquam
1413 921 1520 974 spem
1540 921 1726 960 libertatis
1746 930 1784 960 et
1804 922 1901 974 pris-

508 991 598 1028 tinae
628 990 826 1043 dignitatis
857 989 991 1028 erexit.
1025 989 1106 1027 Hic
1137 989 1195 1027 vir
1224 997 1330 1027 extra
1355 987 1534 1027 ordinem
1560 988 1615 1027 rei
1641 987 1905 1027 frumentariae

507 1057 774 1110 praeficiendus
795 1069 873 1095 non
893 1055 969 1094 fuit
989 1057 1002 1094 ?
1025 1055 1182 1094 Scilicet
1200 1064 1244 1094 tu
1264 1054 1440 1094 helluoni
1460 1055 1712 1109 spurciffimo,
1734 1054 1902 1109 proegus-

506 1124 622 1161 tatori
643 1123 853 1162 libidinum
875 1132 1044 1168 tuarum,
1074 1121 1229 1161 homini
1248 1121 1490 1175 egentiffimo
1509 1130 1548 1160 et
1574 1120 1902 1167 facinorofiffimo,

508 1190 596 1229 Sex.
620 1190 762 1228 Clodio
779 1219 794 1234 ,
822 1189 923 1227 socio
943 1190 1001 1227 tui
1020 1188 1213 1242 sanguinis
1229 1218 1241 1234 ,
1273 1188 1343 1241 qui
1363 1187 1427 1226 sua
1446 1189 1580 1242 lingua
1598 1189 1716 1227 etiam
1737 1188 1903 1227 sororem

508 1264 616 1293 tuam
637 1270 657 1294 a
677 1265 713 1293 te
736 1255 976 1300 abalienavit,
1007 1268 1125 1293 omne
1144 1254 1388 1293 frumentum
1408 1255 1602 1308 privatum
1621 1263 1661 1293 et
1679 1254 1901 1308 publicum,

507 1335 643 1360 omnes
665 1322 878 1375 provincias
899 1320 1167 1359 frumentarias
1185 1350 1196 1365 ,
1227 1335 1363 1359 omnes
1391 1322 1588 1374 mancipes
1605 1349 1616 1366 ,
1644 1334 1781 1359 omnes
1807 1319 1901 1358 hor-

502 1402 661 1426 reorum
693 1389 830 1432 claves,
861 1388 945 1440 lege
977 1397 1041 1425 tua
1071 1387 1271 1425 tradidisti.
1304 1388 1394 1438 Qa
1424 1401 1472 1425 ex
1503 1401 1540 1425 re
1566 1387 1739 1440 primum
1768 1387 1902 1425 caritas

507 1463 596 1492 nata
615 1454 667 1492 est
686 1483 696 1498 ‚
728 1453 863 1492 deinde
885 1453 1015 1504 inopia
1033 1467 1041 1490 :
1075 1452 1325 1504 impendebat
1344 1451 1465 1490 fames
1483 1482 1493 1497 ,
1525 1453 1701 1491 incendia
1714 1481 1725 1498 ,
1755 1452 1874 1491 caedes
1889 1481 1902 1498 ,

508 1521 697 1573 direptio:
729 1518 961 1557 imminebat
982 1528 1070 1556 tuus
1092 1517 1198 1556 furor
1216 1519 1397 1557 omnium
1418 1518 1584 1557 fortunis
1606 1528 1643 1557 et
1663 1519 1790 1557 bonis.

561 1587 749 1638 Qeritur
778 1586 895 1624 etiam
925 1585 1152 1638 importuna
1182 1584 1321 1637 pestis,
1351 1598 1398 1622 ex
1428 1598 1492 1623 ore
1524 1585 1783 1638 impuriffimo
1813 1585 1901 1623 Sex.

509 1653 642 1691 Clodii
662 1665 743 1690 rem
764 1651 1056 1690 frumentariam
1077 1651 1148 1689 effe
1174 1660 1344 1704 ereptam
1362 1680 1373 1696 ,
1405 1651 1642 1704 summisque
1661 1653 1701 1689 in
1722 1651 1902 1704 periculis

507 1721 586 1771 ejus
618 1719 690 1758 viri
720 1718 912 1757 auxilium
944 1717 1160 1770 imploraffe
1190 1717 1489 1769 rempublicam,
1519 1730 1540 1754 a
1570 1731 1649 1769 quo
1678 1717 1772 1769 saepe
1801 1717 1837 1754 se
1864 1726 1902 1754 et

508 1785 691 1823 servatam
718 1794 756 1822 et
782 1782 1057 1835 amplificatam
1086 1781 1156 1819 effe
1183 1781 1428 1820 meminisset.
1461 1782 1582 1819 Extra
1606 1781 1781 1819 ordinem
1810 1780 1901 1820 ferri

507 1850 612 1888 nihil
640 1850 763 1903 placet
795 1849 950 1886 Clodio.
983 1848 1123 1900 Qid?
1155 1848 1202 1886 de
1234 1861 1297 1886 me
1328 1847 1434 1900 quod
1466 1847 1589 1886 tuliffe
1619 1857 1656 1885 te
1687 1848 1798 1893 dicis,
1828 1862 1899 1900 pa-

508 1916 656 1960 tricida,
688 1914 895 1959 fratricida,
927 1914 1143 1959 sororicida,
1175 1927 1303 1953 nonne
1323 1923 1429 1952 extra
1446 1914 1625 1952 ordinem
1651 1914 1802 1952 tulisti?
1835 1916 1899 1952 An

503 1983 553 2021 de
582 1982 681 2036 peste
708 1982 817 2027 civis,
849 1981 1182 2034 quemadmodum
1208 1994 1341 2020 omnes
1365 1982 1447 2034 jam
1474 1981 1545 2020 Dii
1576 1990 1690 2034 atque
1721 1980 1898 2019 homisnes

501 2050 797 2102 judicaverunt,
828 2048 1098 2086 conservatoris
1130 2047 1375 2101 reipublicae,
1406 2047 1745 2101 quemadmodum·
1770 2056 1901 2086 autem

505 2126 588 2154 tute
609 2115 686 2168 ipse
706 2114 899 2154 confiteris
918 2144 929 2158 ,
960 2129 1038 2152 non
1059 2114 1177 2153 modo
1196 2115 1411 2153 indemnati
1429 2144 1440 2160 ,
1471 2115 1533 2153 sed
1559 2128 1607 2152 ne
1627 2114 1789 2153 accusati
1804 2114 1900 2167 qui·
1933 2135 1935 2137 ·

506 2185 622 2228 dem,
653 2183 765 2220 licuit
795 2181 868 2220 tibi
896 2180 991 2220 ferre
1018 2195 1095 2219 non
1130 2181 1282 2234 legem,
1314 2181 1376 2219 sed
1402 2180 1592 2220 nefarium
1621 2181 1898 2235 privilegium,

506 2249 661 2302 lugente
681 2248 822 2293 senatu,
853 2248 1107 2286 moerentibus
1130 2247 1240 2285 bonis
1260 2248 1460 2293 omnibus,
1490 2248 1608 2286 totius
1630 2248 1749 2286 Italiae
1769 2246 1896 2300 preci-

507 2317 576 2353 bus
617 2315 822 2368 repudiatis
840 2344 851 2359 ‚
891 2314 1060 2367 oppressa
1094 2323 1280 2367 captaque
1318 2314 1543 2368 republica:
1584 2313 1713 2359 mihi,
1753 2312 1900 2366 populo

505 2382 687 2420 Romano
718 2381 974 2435 implorante,
1005 2380 1133 2418 senatu
1164 2379 1367 2433 poscente,
1399 2380 1640 2433 temporibus
1676 2378 1896 2433 reipublicae

499 2448 778 2499 flagitantibus,
811 2461 887 2485 non
921 2444 1033 2485 licuit
1064 2447 1110 2484 de
1145 2447 1261 2485 salute
1295 2447 1431 2500 populi
1466 2447 1637 2484 Romani
1668 2444 1895 2484 sententiam

503 2513 629 2550 dicere
650 2513 661 2548 ?
695 2514 783 2564 Qa
804 2513 962 2566 quidem
983 2513 1023 2551 iu
1046 2512 1230 2551 sententia
1257 2512 1283 2550 fi
1305 2514 1381 2552 Cn.
1404 2513 1581 2565 Pompeii
1602 2511 1767 2564 dignitas
1789 2511 1895 2547 aucta
