2212 2835
674 199 808 240 PRO
866 199 918 237 A.
979 193 1390 235 CLUENTIO.
1688 191 1738 243 69

341 310 585 357 argumento,
617 296 854 353 comperiffe,
886 295 985 335 nihil
1006 294 1187 346 denique,
1220 291 1329 330 causa
1359 289 1529 343 cognita,
1562 288 1738 334 statuisse,

343 372 491 410 dicent.
523 368 642 420 Qod
663 367 688 404 fi
711 367 764 403 ita
783 363 978 407 fecissent,
1003 371 1132 399 tamen
1153 361 1192 398 id
1212 373 1290 397 non
1312 359 1364 396 ita
1385 357 1510 395 fixum
1531 355 1602 394 effe
1621 356 1739 394 debe-

343 448 414 484 ret,
438 446 481 476 ut
500 434 666 475 convelli
686 445 764 470 non
794 431 941 468 liceret.
973 428 1069 466 Non
1101 436 1185 465 utar
1205 425 1476 477 exemplorum
1497 423 1621 476 copia,
1656 437 1742 475 quae

344 505 495 544 summa
513 502 566 540 est
581 520 592 547 3
626 513 703 539 non
724 512 807 537 rem
827 506 1008 541 veterem,
1028 508 1106 533 non
1126 493 1331 531 hominem
1352 498 1553 544 potentem
1571 490 1742 543 aliquem

340 580 411 610 >aut
441 568 666 622 gratiosum,
701 563 907 619 proferam.
954 562 1094 615 Nuper
1128 559 1335 598 hominem
1369 566 1542 601 tenuem,
1579 556 1741 594 scribam

345 636 567 679 aedilitium,
599 635 653 672 D.
678 630 914 670 Matrinium
945 641 1038 667 curn
1070 624 1321 665 defendissem
1352 623 1453 676 apud
1474 622 1537 660 Μ.
1562 622 1742 673 Junium‚

343 702 412 751 Q
432 700 674 743 Publicium,
712 699 908 741 Praetores‚
945 704 984 732 et
1019 694 1082 732 M.
1118 691 1357 736 Plaetorium,
1401 691 1449 728 C.
1484 689 1742 733 Flaminium,

347 768 495 807 AEdiles
515 767 681 811 curules,
712 763 885 818 persuasi,
918 770 961 800 ut
981 761 1146 799 scribam
1160 758 1279 812 jurati
1299 758 1469 810 legerent
1489 769 1595 801 eum,
1627 768 1746 807 quem

346 835 466 873 iidem
486 833 546 872 isti
565 831 736 871 censores
768 830 943 868 aerarium
962 825 1226 880 reliquiffent:
1258 838 1352 863 cum
1381 824 1489 861 enim
1521 823 1561 860 in
1582 820 1745 859 homine

345 902 454 940 nulla
473 901 587 953 culpa
607 898 848 952 reperiretur,
880 896 976 949 quid
996 894 1062 932 ille
1083 891 1291 937 meruisset,
1325 905 1402 929 non
1424 890 1518 943 quid
1540 889 1586 927 de
1606 903 1651 927 eo
1672 888 1745 926 sta-

347 977 480 1007 tutum
499 966 602 1011 esset,
624 964 876 1018 quaerendum
895 961 967 999 effe
987 961 1195 999 duxerunt.
1228 959 1335 997 Nam
1364 957 1445 996 haec
1467 957 1643 1009 quidem,
1662 969 1747 1008 quae

349 1035 396 1072 de
420 1033 571 1086 judicio
592 1039 775 1082 corrupto
811 1026 1110 1080 subscripserint,
1147 1025 1234 1077 quis
1269 1024 1336 1067 est,
1369 1024 1438 1074 qui
1472 1023 1517 1059 ab
1552 1022 1629 1059 illis
1662 1022 1746 1058 satis

348 1100 518 1153 cognita,
540 1107 579 1136 et
599 1097 803 1149 diligenter
827 1094 1012 1146 judicata,
1046 1092 1251 1129 arbitretur
1269 1090 1282 1126 ?
1315 1091 1360 1128 In
1381 1090 1457 1127 Μ’.
1481 1088 1689 1140 Aquilium
1711 1096 1749 1125 et

351 1169 391 1207 in
412 1169 465 1206 T.
485 1168 651 1205 Guttam
672 1163 783 1201 video
803 1161 874 1200 effe
894 1159 1168 1212 subscriptum.
1212 1157 1321 1208 Qid
1342 1157 1394 1194 est
1414 1155 1489 1194 hoc
1508 1156 1520 1192 ?
1553 1155 1648 1193 duos
1677 1154 1749 1192 effe

350 1242 549 1286 corruptos
571 1231 668 1269 solos
690 1229 866 1283 pecunia.
900 1226 1009 1278 Qid
1035 1224 1189 1263 caeteri?
1221 1222 1403 1261 videlicet
1422 1222 1538 1275 gratis
1559 1221 1746 1259 condem-

350 1308 500 1339 narunt.
532 1299 626 1337 Non
647 1297 700 1335 est
720 1296 841 1349 igitur
860 1294 1163 1336 circumventus,
1187 1305 1265 1330 non
1286 1290 1338 1328 est
1358 1287 1552 1342 oppreffus
1573 1289 1748 1340 pecunia,

351 1381 443 1412 non,
465 1374 508 1404 ut
528 1365 604 1403 illae
618 1363 841 1415 Qintianae
862 1360 1067 1399 conciones
1088 1358 1342 1401 habebantur,
1361 1369 1512 1400 omnes,
1535 1355 1603 1407 qui
1618 1354 1747 1407 Oppi-

351 1434 508 1472 anicum
539 1431 862 1474 condemnarunt,
893 1428 933 1466 in
965 1426 1080 1479 culpa
1111 1425 1197 1463 sunt
1232 1438 1275 1462 ac
1308 1423 1520 1476 suspicione
1549 1421 1747 1475 ponendi:

351 1501 447 1538 duos
468 1499 564 1538 solos
585 1498 697 1537 video
717 1495 940 1535 auctoritate
959 1493 1161 1532 censorum
1183 1491 1314 1529 affines
1335 1490 1370 1528 ei
1389 1489 1625 1543 turpitudini
1639 1488 1750 1540 judi-

353 1567 445 1605 cari.
478 1568 560 1604 Aut
578 1564 678 1602 illud
697 1562 868 1606 afferant,
890 1559 1038 1612 aliquid
1057 1558 1142 1603 effe,
1165 1558 1270 1610 quod
1290 1558 1336 1595 de
1364 1557 1410 1595 iis
1431 1556 1582 1595 duobus
1602 1555 1750 1593 habue-

353 1634 431 1671 rint
450 1639 712 1684 compertum,
735 1629 781 1667 de
797 1627 941 1666 caeteris
962 1623 1199 1678 comperisse.

409 1698 558 1736 XLVI.
592 1696 699 1735 Nam
720 1694 819 1732 illud
839 1692 1000 1746 quidem
1027 1691 1193 1729 minime
1212 1688 1456 1742 probandum
1477 1687 1542 1732 est,
1572 1688 1617 1725 ad
1639 1695 1750 1724 nota-

354 1765 490 1808 tiones,
513 1761 856 1812 auctoritatemque
876 1757 1101 1801 censoriam,
1132 1755 1359 1808 exemplum
1387 1754 1473 1791 illos
1495 1767 1515 1791 a
1543 1752 1751 1791 consuetu-

353 1831 443 1869 dine
463 1829 621 1868 militari
641 1825 879 1865 transtulisse.
913 1826 1134 1862 statuerunt
1154 1823 1259 1860 enim
1281 1822 1333 1858 ita
1354 1821 1514 1872 majores
1537 1819 1667 1864 nostri,
1694 1827 1749 1864 ut,

352 1897 378 1935 fi
399 1911 419 1935 a
450 1895 585 1935 multis
616 1893 705 1931 effet
726 1882 918 1944 flagitium
939 1890 992 1928 rei
1027 1889 1204 1928 militaris
1226 1886 1447 1931 admiffum,
1486 1886 1681 1923 sortitione
1711 1885 1752 1922 in

354 1962 539 2015 quosdam
560 1960 952 2001 animadverteretur,
986 1965 1028 1994 ut
1053 1964 1180 1993 metus
1203 1953 1381 1992 videlicet
1402 1953 1447 1990 ad
1469 1965 1617 1996 omnes,
1639 1965 1754 2003 poena

354 2030 399 2067 ad
420 2041 572 2080 paucos,
596 2026 822 2080 perveniret.
846 2023 964 2074 Qod
985 2022 1089 2060 idern
1107 2020 1230 2059 facere
1250 2019 1419 2058 censores
1441 2020 1481 2056 in
1498 2019 1647 2056 deleecu
1664 2018 1751 2070 dig-

353 2095 498 2139 nitatis,
519 2104 557 2133 et
579 2093 785 2146 injudicio
804 2091 967 2134 civium,
990 2099 1028 2126 et
1048 2090 1087 2126 in
1109 2087 1432 2126 animadverfione
1453 2086 1652 2129 vitiorum,
1685 2085 1752 2137 qui

355 2162 534 2200 convenit
553 2162 565 2198 ?
599 2161 705 2198 Nam
726 2158 852 2202 miles,
875 2157 944 2208 qui
965 2157 1098 2193 locum
1120 2168 1197 2192 non
1220 2154 1358 2197 tenuit,
1388 2153 1455 2204 qui
1482 2150 1652 2189 hostium
1674 2152 1751 2188 im-

357 2236 492 2280 petum
514 2228 672 2278 vimque
693 2224 908 2278 pertimuit,
925 2222 1046 2274 potest
1064 2222 1167 2258 idem
1184 2220 1309 2273 postea
1325 2229 1362 2256 et
1381 2218 1491 2256 miles
1513 2217 1583 2255 effe
1600 2217 1751 2260 melior,

357 2303 394 2332 et
414 2293 471 2331 vir
493 2292 631 2337 bonus,
662 2302 700 2330 et
720 2292 814 2329 civis
837 2290 956 2327 utilis.
991 2290 1133 2338 Qare,
1157 2300 1203 2324 ne
1226 2287 1264 2324 in
1283 2286 1386 2324 bello
1406 2294 1561 2337 propter
1583 2283 1752 2320 hostium

359 2371 512 2400 metum
533 2359 785 2411 delinqueret,
818 2358 983 2410 amplior
1003 2357 1035 2393 ei
1064 2356 1200 2394 mortis
1231 2363 1268 2392 et
1299 2354 1476 2406 supplicii
1498 2361 1622 2388 metus
1654 2350 1706 2387 est
1734 2366 1754 2388 a

359 2427 569 2479 majoribus
591 2425 818 2462 constitutus
839 2439 846 2461 :
880 2438 927 2460 ne
958 2432 1086 2459 autem
1109 2422 1279 2458 nimium
1303 2419 1418 2457 multi
1439 2430 1595 2469 poenam
1617 2417 1755 2469 capitis

359 2494 541 2538 subirent,
565 2491 708 2530 idcirco
729 2490 794 2528 illa
813 2489 960 2526 sortitio
981 2496 1197 2539 comparata
1218 2486 1282 2523 est.
