2212 2835
752 187 891 226 PRo
950 188 998 227 L.
1060 187 1369 226 FLACCO.
1694 202 1768 242 253

380 288 523 334 sedent,
553 301 601 327 ex
620 288 884 328 accusatorum
903 287 1089 326 subselliis
1110 288 1285 340 surgunt,
1315 302 1393 327 non
1414 288 1665 333 diffimulant,
1694 303 1773 327 non

379 365 581 394 verentur:
613 355 660 393 de
680 354 863 393 subselliis
885 355 1048 407 queror?
1078 367 1154 392 una
1172 367 1219 392 ex
1240 355 1357 392 domo
1378 355 1586 407 prodeunt:
1610 355 1635 393 fi
1658 356 1773 393 verbo

379 422 596 466 titubarint,
628 435 706 473 quo
736 429 985 465 revertantur,
1016 433 1095 458 non
1125 419 1338 458 habebunt.
1371 424 1434 458 An
1467 421 1669 473 quisquam
1701 421 1772 459 effe

378 487 480 526 testis
507 486 644 540 potest,
675 499 792 539 quem
818 485 1011 524 accusator
1037 485 1114 523 fine
1133 498 1224 523 cura
1242 485 1478 538 interroget3
1512 501 1580 524 nec
1610 497 1770 532 metuat,

378 567 426 592 ne
445 553 514 591 fibi
535 553 696 604 aliquid,
727 552 832 604 quod
853 551 930 604 ipse
951 551 1063 596 nolit,
1095 551 1316 604 respondeat
1335 553 1347 589 ?
1380 553 1460 590 Ubi
1483 553 1534 590 est
1561 553 1680 605 igitur
1707 554 1771 591 illa

377 618 458 656 laus
478 618 651 663 oratoris,
682 632 768 670 quae
789 617 847 655 vel
867 617 907 654 in
928 616 1140 655 accusatore
1159 626 1281 663 antea,
1313 618 1371 656 vel
1392 619 1432 656 in
1456 628 1630 671 patrono,
1661 619 1768 671 spec-

375 684 444 722 tari
465 684 640 723 solebat?
672 685 774 722 Bene
801 683 934 721 testem
962 683 1237 736 interrogavit:
1270 684 1407 723 callide
1433 685 1609 723 acceffit:
1643 699 1768 739 repre-

374 749 536 789 hendit:
570 764 648 803 quo
670 751 806 794 voluit,
838 749 1025 788 adduxit:
1058 750 1243 795 convicit,
1275 760 1312 788 et
1331 751 1526 804 elinguem
1550 753 1729 790 reddidit.

429 817 538 868 Qid
571 828 614 855 tu
647 817 762 855 istum
791 828 913 868 rogeS,
950 816 1061 860 Laeli,
1094 816 1176 868 qui,
1210 816 1432 870 priusquam
1468 817 1557 862 hoc,
1591 816 1640 856 Te
1670 833 1767 871 rogo,

375 882 531 928 dixeris,
562 883 673 935 plura
697 882 813 920 etiam
841 880 1026 927 effundet,
1058 895 1175 934 quam
1205 892 1246 920 tu
1274 883 1307 920 ei
1335 883 1443 921 domi
1464 895 1549 921 ante
1571 884 1769 937 praescrip-

375 947 462 985 seris
482 948 494 984 ?
527 948 635 999 Qid
655 961 725 1000 ego
746 957 874 985 autem
896 946 1070 985 defensor
1090 961 1221 999 rogem
1242 948 1254 984 ?
1278 961 1366 986 nam
1388 958 1452 986 aut
1472 949 1592 987 oratio
1613 949 1768 987 testium

374 1013 495 1051 refelli
518 1014 625 1059 solet,
656 1024 721 1052 aut
742 1014 819 1051 vita
837 1012 936 1050 laedi.
969 1014 1057 1064 Qa
1086 1013 1339 1066 disputatione
1360 1015 1573 1053 orationem
1595 1015 1768 1054 refellam

374 1081 468 1131 ejus,
501 1080 569 1132 qui
601 1080 710 1125 dicit,
743 1079 929 1123 Dedimus,
962 1079 1060 1117 nihi-l
1091 1080 1288 1132 amplius?
1320 1081 1366 1118 In
1396 1080 1599 1119 hominem
1632 1083 1766 1120 dicen-

374 1146 468 1183 dum
497 1146 548 1184 est
575 1147 708 1198 igitur,
740 1159 831 1183 cum
859 1145 980 1183 oratio
1000 1146 1375 1198 argumentationem
1397 1161 1474 1185 non
1495 1146 1625 1187 habet.
1659 1149 1767 1200 Qid

374 1212 500 1250 dicam
531 1213 571 1250 in
605 1212 816 1264 ignotum?
848 1212 1103 1265 Qerendum
1134 1211 1188 1250 est
1218 1226 1308 1265 ergo
1337 1222 1374 1251 et
1403 1213 1696 1266 deplorandum,
1728 1215 1768 1253 id

373 1278 476 1330 quod
492 1278 727 1330 jamdudum
747 1277 860 1324 facio,
883 1279 929 1316 de
949 1278 1059 1316 omni
1079 1277 1329 1316 accusationis
1350 1279 1573 1331 iniquitate:
1592 1281 1766 1333 primum

373 1344 419 1383 de
439 1345 641 1383 communi
661 1358 798 1397 genere
819 1345 971 1384 testium
991 1359 1002 1384 ι
1033 1345 1129 1383 dicit
1148 1345 1254 1383 enim
1277 1345 1381 1383 natio
1401 1346 1564 1384 minime
1593 1347 1632 1385 in
1662 1348 1765 1385 testi-

372 1411 515 1449 moniis
541 1410 714 1450 dicendis
743 1411 928 1464 religiosa.
962 1412 1124 1464 Propius
1151 1411 1304 1450 accedo.
1338 1412 1453 1464 Nego
1479 1411 1550 1450 effe
1574 1413 1640 1451 ista
1660 1413 1766 1452 testi-

371 1478 517 1522 monia,
558 1492 642 1530 quae
678 1488 722 1517 tu
755 1479 833 1531 ipse
870 1477 1123 1531 psephismata
1160 1478 1355 1530 appellas;
1397 1479 1458 1516 sed
1491 1489 1529 1517 et
1562 1479 1765 1518 fremitum

372 1545 587 1595 egentium,
619 1554 656 1582 et
677 1553 831 1583 motum
852 1545 1047 1597 quendam
1067 1544 1313 1583 temerarium
1335 1545 1522 1583 Graeculae
1550 1548 1762 1586 concionis.

372 1609 529 1647 Intrabo
565 1610 680 1647 etiam
715 1611 852 1662 magis.
894 1610 976 1661 Qi
1009 1609 1130 1662 geffit,
1171 1623 1248 1648 non
1282 1610 1407 1648 adest:
1449 1612 1518 1664 qui
1557 1613 1766 1651 numerasse

372 1674 528 1719 dicitur,
565 1688 648 1722 non<
675 1676 726 1714 est
757 1676 968 1714 deductus:
1007 1676 1160 1728 privatae
1194 1676 1311 1714 literae
1342 1677 1458 1715 nullae
1488 1677 1762 1730 proferuntur:

370 1741 535 1793 publicae
567 1751 720 1780 retentae
752 1742 839 1781 sunt
869 1743 908 1780 in
936 1742 1197 1781 accusatorum
1226 1743 1419 1795 potestate.
1453 1746 1614 1782 Summa
1641 1745 1693 1783 est
1724 1747 1764 1783 in

371 1807 541 1847 testibus.
574 1808 632 1847 Hi
653 1809 788 1847 vivunt
808 1823 900 1847 cum
922 1809 1118 1855 inimicis;
1151 1809 1287 1848 adsunt
1305 1824 1395 1848 cum
1417 1810 1630 1849 adversariis
1648 1830 1658 1856 ;
1692 1811 1762 1849 ha-

370 1873 496 1912 bitant
516 1888 606 1912 curn
629 1875 923 1913 accusatoribus.
958 1876 1103 1913 Utrum
1124 1875 1190 1913 hic
1211 1876 1366 1914 tandem
1389 1876 1702 1929 disceptationem
1725 1887 1763 1915 et

370 1939 634 1990 cognitionem
654 1941 837 1985 veritatis,
855 1954 899 1978 an
917 1941 1147 1979 innocentiae
1164 1941 1290 1980 labem
1312 1942 1496 1994 aliquam,
1513 1953 1577 1980 aut
1596 1944 1760 1989 ruinam,

370 2003 452 2042 fore
471 2006 645 2056 putatis?
677 2006 810 2044 Multa
837 2007 942 2044 enim
970 2006 1055 2044 sunt
1076 2007 1277 2059 ejusmodi,
1309 2008 1478 2058 Judices,
1511 2018 1567 2053 ut,
1599 2009 1714 2046 etiam
1736 2009 1761 2047 fi

370 2070 410 2106 in
431 2068 591 2108 homine
612 2071 705 2124 ipso,
737 2072 783 2109 de
804 2086 881 2124 quo
902 2073 1041 2124 agitur,
1064 2073 1293 2125 negligenda
1313 2073 1398 2119 sint,
1421 2083 1547 2112 tamen
1569 2075 1609 2112 in
1630 2075 1760 2112 imita-

369 2135 473 2172 tione
493 2145 606 2187 atque
625 2137 665 2174 in
685 2138 866 2190 exemplo
886 2138 1186 2190 pertimescenda
1206 2139 1417 2176 videantur.

424 2201 495 2239 XI.
529 2203 566 2239 Si
587 2216 702 2253 quem
725 2203 862 2241 infimo
882 2204 968 2241 loco
989 2214 1138 2249 natum,
1170 2205 1277 2242 nullo
1298 2205 1496 2256 splendore
1522 2205 1621 2249 vitae,
1655 2204 1760 2241 nulla

371 2268 707 2306 commendatione
739 2268 876 2314 fatnae,
911 2269 1184 2315 defenderem;
1227 2280 1354 2309 tamen
1388 2272 1512 2308 civem
1552 2283 1571 2307 a
1609 2271 1759 2307 civibus

370 2334 591 2372 communis
612 2332 862 2373 humanitatis
879 2336 964 2387 jure
985 2350 1027 2374 ac
1049 2337 1303 2374 misericordia
1323 2336 1553 2387 deprecarer,
1576 2348 1623 2371 ne
1644 2335 1751 2386 igno-

371 2399 417 2437 tis
447 2399 617 2442 testibus,
650 2413 697 2436 ne
723 2400 904 2445 incitam,
936 2415 982 2439 ne
1010 2402 1233 2440 accusatoris
1255 2400 1538 2443 consessoribus,
1571 2402 1755 2446 convivis,

369 2466 728 2511 contubernalibus,
769 2480 815 2504 ne
852 2465 1097 2513 hominibus,
1138 2468 1291 2506 levitate
1328 2467 1494 2511 Graecis,
1534 2467 1757 2505 crudelitate
