2212 2835
499 150 588 188 DE
648 150 1122 189 HARUSPICUM
1179 151 1575 192 RESPONSIS.
1660 168 1740 210 407

343 247 471 286 statim
486 277 497 293 ‚
529 248 570 286 in
588 247 690 286 facto
708 247 810 301 ipso,
841 262 862 286 a
880 248 1098 301 graviffimo
1119 249 1200 286 viro
1215 277 1224 293 ,
1258 249 1301 287 P.
1327 251 1485 289 Servilio
1499 280 1509 296 ‚
1541 251 1740 292 confectus

344 327 388 352 ac
409 315 633 353 trucidatus.
673 315 796 367 Cujus
817 314 843 352 fi
863 316 980 353 etiam
999 315 1079 352 vim
1098 343 1119 363 ,Ι
1140 325 1177 352 et
1197 316 1422 367 gravitatem
1444 318 1550 356 illam
1572 320 1740 372 fingula-

343 394 439 426 rem,
470 395 513 419 ac
533 394 630 434 pene
649 381 836 426 divinam,
867 380 1007 433 affequi
1026 380 1185 433 poffem,
1213 390 1341 419 tamen
1363 396 1440 422 nori
1461 384 1611 430 dubito,
1644 387 1740 438 quin

341 459 384 485 ea
406 448 479 485 tela
492 477 503 492 ,
535 461 621 499 quae
641 448 849 499 conjecerit
868 447 1052 485 inimicus
1070 476 1080 491 ,
1112 460 1229 498 quam
1251 460 1292 484 ea
1308 476 1319 492 ,
1351 462 1436 500 quae
1456 451 1603 504 collega
1622 455 1737 505 patris

340 514 480 558 emisit,
510 514 652 552 leviora
671 523 785 565 atque
805 512 999 550 hebetiora
1019 511 1089 550 effe
1108 513 1324 551 videantur.

396 582 448 618 11.
482 581 554 618 Sed
589 589 719 617 tamen
753 580 832 617 mei
860 578 951 616 fasti
984 579 1173 617 rationem
1203 593 1392 631 exponere
1423 581 1499 619 illis
1533 584 1633 628 volo,
1671 587 1739 635 qui

338 644 513 684 hesterno
533 646 594 683 die
615 645 746 684 dolore
771 658 834 683 me
859 645 1005 683 elatum
1022 673 1034 690 ,
1065 654 1103 684 et
1128 645 1324 691 iracundia
1350 647 1504 700 longius
1531 663 1648 702 prope
1677 652 1737 688 di-

338 711 505 763 gressum
522 741 534 757 ‚
564 711 873 756 arbitrabantur,
905 725 1023 764 quam
1050 711 1227 764 sapientis
1255 710 1426 750 hominis
1455 716 1621 767 cogitata
1643 718 1739 756 ratio

337 778 558 831 postularet.
591 777 707 816 Nihil
728 777 804 816 feci
824 779 941 816 iratus
959 807 969 823 ,
1002 777 1102 816 nihil
1122 778 1330 832 impotenti
1351 780 1480 818 animo
1497 811 1508 826 ‚
1540 782 1638 820 nihil
1660 798 1738 822 non

337 845 406 882 diu
425 845 721 889 consideratum,
751 858 794 883 ac
815 845 944 884 multo
962 854 1049 882 ante
1069 845 1315 884 meditatum.
1348 847 1434 900 Ego
1458 849 1577 893 enim,
1610 851 1738 889 Patres

338 911 559 963 conscripti,
590 910 799 948 inimicum
820 924 884 949 me
905 910 1054 964 semper
1073 910 1145 949 effe
1165 910 1349 964 professus
1370 913 1452 951 sum
1475 914 1639 961 duobus,
1667 919 1736 968 qui

336 990 401 1015 me
421 1004 432 1021 ,
463 976 532 1028 qui
553 976 834 1028 rempublicam
852 1005 864 1021 ,
895 990 988 1014 cum
1009 976 1210 1014 defendere
1238 977 1447 1023 deberent,
1479 980 1621 1018 servare
1646 983 1736 1034 pos-

337 1042 446 1087 sent,
477 1055 648 1094 cumque
674 1041 721 1079 ad
746 1042 942 1080 consulare
967 1042 1143 1080 officium
1171 1043 1258 1095 ipsis
1287 1044 1501 1096 insignibus
1531 1047 1634 1085 illius
1655 1049 1734 1086 im-

335 1110 460 1163 perii,
491 1109 538 1147 ad
558 1122 684 1146 meam
705 1108 867 1146 salutem
889 1122 965 1147 non
992 1108 1117 1147 solum
1146 1110 1368 1148 auctoritate
1384 1139 1396 1154 ‚
1427 1112 1489 1150 sed
1509 1114 1624 1152 etiam
1645 1129 1735 1167 pre-

336 1177 446 1214 cibus
467 1175 595 1214 vestris
612 1203 624 1220 ,
655 1184 907 1213 vocarentur:
940 1175 1068 1226 primo
1095 1175 1359 1227 reliquerunt,
1392 1178 1529 1216 deinde
1553 1181 1734 1232 prodide-

333 1251 453 1288 runt,
484 1241 675 1294 postremo
705 1250 1026 1293 oppugnaverunt
1045 1270 1056 1286 ,
1088 1242 1333 1294 praemiisque
1363 1243 1515 1282 nefariae
1546 1248 1733 1297 pactionis

333 1308 511 1347 funditus
533 1321 608 1346 una
627 1321 719 1346 cum
739 1307 937 1360 republica
955 1307 1175 1360 oppreffum
1196 1309 1492 1363 extinctumque
1509 1312 1731 1352 voluerunt:

331 1376 481 1429 quique
499 1375 567 1413 suo
587 1374 720 1420 ductu,
751 1383 789 1413 et
808 1374 974 1427 imperio
993 1383 1155 1412 cruento
1174 1375 1244 1413 illo
1264 1385 1379 1428 atque
1398 1376 1562 1422 funesto,
1585 1379 1733 1432 suppli-

333 1443 392 1480 cia
413 1455 538 1494 neque
558 1455 579 1479 a
605 1440 800 1479 sociorum
827 1441 1025 1479 moenibus
1050 1439 1255 1492 prohibere
1273 1470 1284 1486 ,
1315 1455 1440 1495 neque
1468 1442 1638 1483 hostium
1668 1460 1731 1484 ui·-

331 1509 446 1547 bibus
466 1507 621 1552 inferre,
652 1516 860 1559 potuerunt
873 1525 886 1551 5
917 1507 1164 1552 excisionem,
1184 1507 1549 1556 inflammationem,
1570 1513 1732 1551 eversio—

331 1588 421 1613 nem
439 1603 450 1620 ‚
481 1573 822 1627 depopulationem
839 1601 851 1618 ,
882 1573 1095 1612 vastitatem
1115 1587 1200 1611 eam
1217 1603 1228 1619 ,
1260 1574 1324 1612 sua
1343 1589 1435 1614 cum
1455 1578 1580 1629 praeda
1593 1607 1604 1623 ‚
1636 1581 1734 1618 meis

331 1641 515 1680 omnibus
537 1641 646 1678 tectis
666 1649 781 1692 atque
800 1640 897 1693 agris
918 1639 1149 1678 intulerunt.
1167 1641 1273 1679 Cum
1293 1640 1354 1680 his
1375 1641 1485 1682 furiis
1507 1653 1544 1682 et
1563 1644 1731 1691 facibus,

330 1721 424 1745 cum
455 1705 516 1744 his
534 1736 545 1751 ‚
576 1707 737 1759 inquam
756 1735 767 1750 ‚
798 1706 966 1744 exitiosis
991 1706 1179 1759 prodigiis
1196 1736 1207 1751 ‚
1239 1721 1281 1746 ac
1309 1721 1405 1760 pene
1431 1708 1548 1762 hujus
1574 1711 1731 1764 imperii

330 1773 497 1826 pestibus
516 1802 528 1818 ,
560 1772 710 1811 bellum
737 1771 838 1810 mihi
862 1772 1098 1825 inexpiabile
1122 1773 1209 1812 dico
1235 1772 1305 1811 effe
1326 1773 1543 1828 susceptum
1559 1795 1572 1821 ;
1603 1791 1731 1830 neque

330 1839 371 1877 id
390 1848 521 1878 tamen
539 1838 666 1891 ipsum
688 1847 861 1883 tantum,
892 1847 1083 1891 quantum
1103 1852 1232 1884 meuS,
1265 1853 1307 1877 ac
1329 1854 1526 1886 meorum,
1559 1842 1620 1880 sed
1641 1852 1729 1881 tan—

331 1915 432 1950 tum,
452 1914 644 1957 quantum
666 1904 796 1948 vester,
817 1913 934 1957 atque
953 1905 1134 1943 omnium
1156 1905 1363 1951 bonorum,
1381 1906 1489 1945 dolor
1508 1908 1726 1960 postulavit.

386 1971 462 2009 111.
494 1971 540 2008 In
573 1969 761 2008 Clodium
792 1983 881 2009 vero
911 1984 989 2009 non
1021 1970 1073 2008 est
1102 1970 1219 2008 hodie
1249 1984 1384 2010 meum
1417 1974 1542 2025 majus
1577 1975 1727 2019 odium,

329 2049 447 2088 quam
468 2034 536 2073 illo
556 2036 616 2073 die
635 2035 726 2081 fuit,
745 2049 837 2074 cum
857 2036 987 2081 illum,
1009 2036 1232 2075 ambustum
1252 2038 1536 2090 religiosissimis
1556 2040 1726 2092 ignibus,

330 2102 496 2153 cognovi
516 2102 700 2140 muliebri
719 2112 854 2140 ornatu
875 2116 923 2141 ex
943 2102 1086 2141 incesto
1105 2103 1254 2156 stupro,
1286 2114 1399 2155 atque
1419 2119 1466 2143 ex
1487 2106 1604 2144 domo
1624 2121 1724 2158 pon-

330 2167 445 2205 tificis
473 2167 660 2212 maximi,
691 2168 885 2206 emifl‘um.
917 2169 1042 2213 Tum,
1069 2169 1256 2221 inquam,
1287 2179 1373 2208 turn
1395 2170 1502 2215 vidi,
1534 2184 1576 2208 ac
1598 2172 1727 2208 multo

330 2243 416 2270 ante
437 2232 632 2285 prospexi,
664 2242 805 2285 quanta
825 2233 1025 2286 tempestas
1046 2235 1294 2279 excitaretur,
1325 2245 1467 2287 quanta
1486 2237 1723 2287 impenderet

330 2298 499 2350 procella
525 2298 759 2350 reipublicae.
792 2300 984 2338 Videbam
1002 2329 1013 2345 ‚
1044 2300 1143 2338 illud
1168 2300 1288 2339 scelus
1316 2310 1394 2338 tani
1422 2302 1690 2352 importunum
1709 2331 1721 2346 ,

329 2365 525 2402 audaciam
554 2373 631 2402 tam
663 2365 904 2410 immanem,
936 2366 1182 2404 adolescentis
1210 2366 1371 2404 furentis
1389 2395 1400 2410 ‚
1432 2366 1571 2404 nobilis
1592 2397 1601 2411 ‚
1635 2369 1723 2405 vul-

328 2431 447 2470 nerati
466 2460 477 2477 ,
508 2445 585 2470 non
611 2431 711 2483 posse
742 2432 857 2469 arceri
882 2433 953 2470 otii
984 2432 1155 2477 finibus,
1187 2442 1417 2484 erupturum
1450 2433 1547 2471 illud
1575 2434 1725 2472 nial-,im
