2212 2835
320 256 466 298 etenim
486 265 604 294 omne
623 263 760 290 eorum
775 247 1095 290 instrumentum,
1115 244 1244 282 omnis
1259 256 1373 296 opera
1388 256 1430 281 ac
1446 242 1624 296 quaestus‚
1644 241 1723 280 fre-

323 322 483 378 quentia
501 320 651 359 civium
671 315 886 360 sustinetur,
903 312 1020 351 alitur
1039 311 1141 350 otio:
1160 323 1330 363 quorum
1350 309 1376 348 fi
1393 309 1572 362 quaestus,
1590 309 1725 348 occlu-

324 392 370 430 fis
388 387 569 433 tabernis,
588 383 715 424 minui
731 382 838 427 solet,
856 380 951 433 quid
967 378 1125 417 tandem
1145 377 1308 415 incensis
1328 375 1507 415 futurum
1527 376 1604 415 est?
1627 377 1727 428 Qae

324 470 418 497 cum
448 456 502 494 ita
531 453 618 497 fint,
648 451 777 489 Patres
809 445 1032 498 conscripti,
1062 443 1171 482 vobis
1197 442 1335 496 populi
1361 443 1534 481 Romani
1561 443 1728 496 praefidia

324 536 403 562 non
423 520 557 559 desunt
565 537 576 564 ς
595 530 677 562 vos,
694 529 742 554 ne
762 512 908 568 populo
929 513 1111 550 Romano
1131 508 1250 547 deeffe
1269 508 1493 553 videamini,
1513 509 1723 561 providete.

380 588 453 627 IX.
486 584 651 625 Habetis
672 580 873 621 consulem
893 592 940 617 ex
962 576 1142 631 plurimis
1163 575 1345 629 periculis
1366 584 1404 613 et
1424 574 1584 619 insidiis,
1613 584 1729 627 atque

324 668 372 694 ex
398 653 526 692 media
550 658 689 695 morte,
721 661 799 687 non
826 646 872 684 ad
897 645 1018 683 vitam
1046 643 1166 688 suam,
1198 642 1260 680 sed
1287 641 1334 680 ad
1361 641 1522 679 salutern
1550 640 1728 686 vestram,

326 720 554 760 reservatum
573 731 597 756 ε·
633 728 769 755 omnes
814 712 967 751 ordines
1012 710 1060 748 ad
1098 708 1395 748 conservandam
1443 707 1729 760 rempublicam

326 795 472 831 mente,
512 784 722 827 voluntate,
762 780 901 824 studio,
934 778 1092 821 virtute,
1127 789 1235 820 voce,
1275 774 1548 814 consentiunt:
1589 772 1730 812 obsess‘a

329 853 478 892 facibus
505 860 544 889 et
569 850 655 889 telis
682 847 813 900 impiae
838 842 1130 896 conjurationis,
1160 841 1270 880 vobis
1297 840 1459 894 supplex
1481 853 1616 878 manus
1638 848 1726 877 ten-

329 920 387 958 dit
416 918 537 971 patria
565 914 817 955 communis:
848 911 958 951 vobis
987 910 1037 955 se,
1067 909 1177 947 vobis
1207 908 1327 947 vitam
1357 906 1540 945 omnium
1565 906 1728 951 civium,

328 985 438 1024 vobis
466 996 595 1022 arcem
624 990 663 1020 et
693 978 951 1033 Capitolium,
980 975 1091 1015 vobis
1121 987 1199 1013 aras
1228 974 1448 1019 Penatium,
1477 972 1586 1011 vobis
1614 972 1730 1011 illum

330 1053 463 1106 ignem
490 1049 613 1088 Vestae
638 1055 870 1101 perpetuum
897 1057 940 1082 ac
965 1041 1258 1095 sempiternum,
1288 1040 1399 1079 vobis
1426 1039 1558 1078 omnia
1585 1038 1732 1091 templa

335 1119 511 1156 Deorum
530 1124 645 1167 atque
665 1112 836 1156 delubra,
853 1109 962 1148 vobis
979 1121 1111 1146 muros
1133 1116 1248 1159 atque
1268 1106 1374 1144 urbis
1395 1106 1506 1150 tecta,
1524 1116 1730 1142 commen-

333 1185 411 1223 dat.
443 1184 626 1222 Praeterea
645 1179 692 1217 de
713 1178 831 1217 vestra
851 1176 940 1221 vita,
973 1175 1019 1213 de
1045 1174 1261 1226 conjugum
1287 1172 1494 1210 vestrarum
1515 1184 1556 1209 ac
1584 1171 1730 1208 libero-

335 1265 424 1290 rum
453 1249 595 1294 anima,
626 1247 673 1285 de
701 1244 869 1285 fortunis
895 1241 1093 1286 omnium,
1123 1241 1170 1279 de
1195 1239 1359 1284 sedibus,
1391 1238 1437 1276 de
1462 1237 1559 1276 focis
1586 1237 1731 1282 vestris,

333 1317 521 1357 hodierno
544 1315 606 1354 die
626 1313 735 1353 vobis
749 1310 1009 1365 judicandum
1029 1308 1098 1347 est.

389 1383 556 1424 Habetis
574 1383 716 1421 ducem
735 1391 954 1419 memorem
973 1375 1098 1421 vestri,
1119 1373 1290 1413 oblitum
1311 1372 1367 1411 sui
1384 1390 1395 1417 3
1427 1385 1513 1424 quae
1534 1383 1611 1408 non
1632 1369 1733 1409 sem-

336 1464 402 1504 per
434 1449 596 1489 facultas
630 1448 768 1487 datur:
808 1445 957 1484 habetis
989 1455 1126 1481 omnes
1160 1440 1328 1485 ordines,
1367 1451 1501 1477 omnes
1537 1436 1734 1482 homines,

337 1517 557 1556 universum
582 1515 775 1568 populum
801 1513 1042 1553 Romanum,
1072 1508 1112 1546 id
1138 1507 1242 1560 quod
1262 1507 1303 1544 in
1324 1505 1429 1544 civili
1449 1505 1557 1543 causa
1577 1503 1734 1542 hodier-

340 1596 391 1621 no
416 1583 477 1620 die
503 1583 678 1634 primum
705 1578 897 1621 videmus,
929 1588 1052 1614 unum
1073 1582 1189 1625 atque
1209 1572 1313 1610 idem
1335 1572 1575 1610 sentientem.
1609 1571 1733 1623 Cogi-

342 1659 430 1693 tate,
471 1646 624 1700 quantis
662 1644 856 1684 laboribus
895 1641 1103 1680 fundatum
1142 1639 1368 1691 imperium,
1414 1647 1557 1690 quanta
1594 1638 1737 1675 virtute

336 1714 542 1753 stabilitam
567 1713 802 1755 libertatem,
833 1717 976 1761 quanta
1001 1707 1177 1746 Deorum
1203 1704 1440 1757 benignitate
1466 1705 1591 1741 ancras
1617 1716 1734 1754 exag-

340 1779 559 1833 geratasque
578 1777 766 1821 fortunas,
797 1788 873 1813 una
892 1787 970 1812 nox
990 1785 1086 1826 pene
1107 1771 1255 1809 delerit.
1289 1770 1334 1808 Id
1361 1783 1408 1807 ne
1430 1782 1602 1821 unquam
1631 1769 1734 1821 post-

339 1846 411 1885 hac
433 1859 511 1884 non
532 1843 650 1882 modo
669 1841 825 1887 confici,
857 1840 919 1878 sed
939 1852 986 1877 ne
1005 1837 1166 1891 cogitari
1187 1836 1360 1890 quidem,
1392 1835 1503 1888 poffit
1523 1849 1543 1873 a
1569 1835 1733 1878 civibus,

340 1912 527 1951 hodierno
561 1911 623 1949 die
657 1908 941 1963 providendum
975 1905 1041 1944 est.
1079 1906 1213 1956 Atque
1246 1902 1328 1941 haec
1362 1915 1439 1940 non
1477 1912 1518 1939 ut
1553 1915 1633 1944 vos,
1669 1903 1737 1953 qui

341 1978 442 2017 mihi
471 1977 595 2016 studio
625 1989 722 2030 pene
752 1973 998 2027 praecurritis‚
1028 1971 1251 2014 excitarem,
1282 1969 1434 2007 locutus
1463 1968 1546 2006 sum
1563 1986 1574 2011 ;
1607 1967 1665 2004 sed
1695 1976 1737 2004 ut

344 2059 429 2083 mea
459 2058 548 2090 vox,
580 2057 665 2097 quae
691 2042 805 2080 debet
832 2039 903 2079 effe
929 2040 969 2077 in
997 2037 1195 2092 republica
1220 2036 1413 2089 princepS,
1445 2035 1576 2073 officio
1606 2032 1735 2071 funcia

345 2110 532 2149 consulari
551 2109 757 2148 videretur.

398 2178 449 2214 X.
480 2176 616 2221 Nunc,
647 2184 734 2213 ante
754 2187 871 2227 quam
892 2172 937 2210 ad
964 2171 1191 2209 sententiam
1216 2168 1343 2213 redeo,
1375 2167 1421 2205 de
1449 2180 1510 2205 me
1534 2178 1652 2218 pauca
1673 2165 1733 2201 di·-

344 2257 443 2281 cam.
476 2243 577 2295 Ego,
608 2251 750 2295 quanta
776 2253 912 2279 manus
943 2238 996 2276 est
1022 2238 1326 2289 conjuratorum,
1358 2248 1474 2285 quam
1504 2232 1637 2270 videtis
1664 2230 1736 2267 effe

345 2321 608 2362 permagnam,
648 2316 793 2346 tantam
829 2320 892 2344 me
926 2305 1178 2343 inimicorum
1213 2300 1507 2339 multitudinem
1543 2296 1737 2348 suscepisse

346 2376 475 2419 videm
497 2374 557 2412 sed
577 2386 661 2411 cam
681 2373 752 2411 effe
767 2373 902 2425 judico
922 2381 1091 2424 turpem,
1108 2379 1146 2407 et
1166 2368 1375 2409 infirmam,
1397 2374 1434 2402 et
1454 2372 1733 2414 contemptam,

345 2452 382 2480 et
403 2442 603 2494 abjectam.
642 2439 759 2490 Qod
785 2439 810 2476 si
831 2437 1036 2490 aliquando
1062 2436 1223 2487 alicujus
1244 2432 1370 2471 furore
1390 2440 1425 2467 et
1448 2428 1583 2467 scelere
1603 2429 1735 2466 conci-
