2212 2835
678 135 816 173 ΡΜ)
876 128 1391 172 cN..PLANc10.
1654 137 1731 175 443

343 233 641 287 probatiffimus,
672 231 863 283 hodieque
896 229 955 273 fit,
991 227 1172 266 omnibus
1207 225 1279 264 esse
1313 225 1348 263 se
1382 223 1585 277 probatum
1621 220 1733 259 debet

341 303 497 353 sperare.
531 301 576 338 In
610 312 652 336 ea
682 297 879 351 provincia
906 296 1051 348 legatus
1077 293 1153 331 fuit
1180 294 1227 330 C.
1251 292 1443 335 Sacerdos,
1475 303 1550 342 qua
1578 289 1732 330 virtute,

342 381 418 419 qua
448 366 657 404 constantia
687 364 775 401 vir?
819 364 867 400 L.
906 362 1083 404 Flaccus,
1115 359 1183 410 qui
1213 357 1349 402 homo,
1381 357 1448 408 qui
1479 356 1604 394 civis?
1636 366 1733 406 qua-

343 433 422 470 lem
453 432 559 470 hunc
591 439 741 484 putent,
772 427 982 466 affiduitate
1012 423 1308 475 testimonioque
1338 422 1542 460 declarant.
1575 422 1620 458 In
1642 420 1734 457 Ma-

343 498 503 536 cedonia
522 498 698 535 tribunus
719 495 890 533 militum
912 491 1011 529 fuit:
1039 491 1080 528 in
1100 489 1231 526 eadem
1250 488 1446 540 provincia
1466 486 1592 539 postea
1611 484 1734 538 quaes-

342 572 416 601 tor.
449 563 628 601 Primum
659 559 892 598 Macedonia
919 557 968 594 fic
994 568 1085 593 eum
1112 554 1255 606 diligit,
1286 561 1330 590 ut
1354 552 1529 590 indicant
1555 550 1598 588 hi
1625 550 1735 602 prin-

342 631 446 681 cipes
466 629 669 666 civitatum
690 625 868 663 suarum:
901 623 969 676 qui
984 650 995 667 ,
1026 635 1119 660 cum
1140 619 1239 659 miffi
1261 619 1334 658 fint
1353 619 1404 657 ob
1424 618 1539 657 aliam
1560 616 1708 655 causam
1724 645 1735 661 ,

342 705 471 733 tamen
505 693 621 745 hujus
657 691 858 744 repentino
891 688 1064 742 periculo
1096 686 1288 725 commoti
1321 684 1415 724 huic
1451 683 1608 722 affident
1625 711 1636 728 ‚
1668 696 1738 736 pro

342 759 418 799 hoc
437 760 610 798 laborant
625 777 638 803 ;
669 757 762 796 huic
783 757 809 794 si
830 755 964 808 praesto
982 753 1127 795 fuerint
1145 781 1156 798 ‚
1186 752 1330 805 gratius
1357 751 1393 789 se
1419 750 1640 789 civitatibus
1662 748 1738 787 suis

342 827 510 865 facturos
542 833 693 878 putant,
724 836 842 875 quam
874 821 900 859 s1
931 820 1165 873 legationem
1195 827 1234 856 et
1265 818 1442 856 mandata
1468 816 1532 855 sua
1557 814 1738 854 confece-

343 894 436 931 rint.
467 893 517 931 L.
539 904 626 929 vero
653 888 843 942 Apuleius
871 886 977 925 hunc
1008 886 1105 924 tanti
1130 884 1250 930 facit,
1282 892 1325 922 ut
1346 896 1495 922 morem
1516 881 1631 920 illum
1651 893 1737 919 ma-

338 960 471 1011 jorum
487 987 498 1003 ,
529 957 598 1010 qui
619 955 828 1009 praescribit
844 983 855 999 ,
887 954 927 992 in
948 960 1150 1006 parentum
1170 951 1256 989 loco
1277 949 1525 1003 quaestoribus
1545 948 1619 986 suis
1639 961 1738 1000 prae-

345 1035 444 1063 tores
464 1024 535 1062 effe
554 1031 728 1076 oportere
743 1051 753 1067 ‚
785 1021 925 1059 officiis
946 1018 1290 1070 benevolentiaque
1310 1015 1504 1070 superarit.
1536 1013 1739 1053 Tribunus

343 1092 469 1145 plebis
490 1090 566 1129 fuit
595 1103 674 1128 non
697 1087 846 1126 fortaffe
866 1096 945 1126 tarn
965 1084 1195 1130 vehemens,
1226 1096 1344 1136 quarn
1365 1082 1445 1127 isti,
1477 1094 1573 1134 quos
1595 1081 1741 1133 tujure

344 1157 502 1202 laudas;
534 1156 597 1194 sed
623 1163 725 1193 certe
753 1153 837 1192 t'alis
855 1182 866 1198 ‚
898 1151 1028 1205 quales
1053 1151 1080 1189 fi
1100 1163 1234 1189 omnes
1255 1149 1402 1202 semper
1421 1146 1576 1187 fuiffent
1593 1175 1605 1192 ,
1635 1159 1740 1185 nun-

346 1237 466 1276 quam
485 1221 710 1260 desideratus
731 1218 936 1260 vehemens
955 1217 1043 1256 effet
1063 1218 1257 1256 tribunus.

400 1289 496 1328 XII.
529 1289 687 1327 Omitto
706 1287 787 1332 illa,
819 1299 903 1339 quae
924 1285 950 1323 fi
970 1285 1101 1323 minus
1121 1284 1163 1321 in
1183 1283 1292 1321 scena
1311 1281 1412 1327 sunt,
1442 1289 1481 1320 at
1500 1288 1616 1325 certe,
1647 1292 1743 1317 cum

347 1355 435 1394 sunt
460 1355 607 1408 prolata
621 1383 633 1400 ‚
665 1353 868 1391 laudantur
882 1370 895 1397 3
928 1359 971 1390 ut
995 1350 1098 1389 vivat
1117 1363 1210 1388 cum
1231 1349 1305 1387 suis
1323 1363 1333 1387 z
1364 1348 1537 1401 primum
1559 1359 1652 1384 cum
1672 1358 1743 1398 pa-

347 1429 467 1466 rente,
501 1421 620 1473 (nam
639 1432 728 1458 meo
745 1418 897 1471 judicio
925 1417 1046 1470 pietas
1070 1415 1372 1454 fundamentum
1391 1413 1445 1452 est
1464 1412 1644 1451 omnium
1664 1410 1744 1449 vir-

347 1488 498 1538 tutum)
522 1500 642 1539 quem
661 1493 812 1524 veretur
832 1493 875 1522 ut
892 1484 1038 1527 Deum,
1059 1482 1201 1533 (neque
1221 1480 1327 1518 enim
1347 1479 1475 1517 multo
1491 1478 1595 1517 secus
1611 1489 1744 1531 parens

348 1553 498 1605 liberis)
522 1561 625 1590 amat
646 1565 735 1590 vero
755 1558 799 1588 ut
819 1548 984 1587 sodalem
1003 1577 1014 1592 ‚
1047 1556 1090 1586 ut
1116 1546 1273 1585 fratrem
1290 1575 1302 1591 ‚
1333 1553 1377 1584 ut
1403 1545 1604 1598 aequalem.
1636 1543 1747 1594 Qid

349 1620 477 1658 dicam
498 1632 591 1657 cum
612 1626 748 1671 patruo
766 1616 779 1655 ?
811 1625 903 1655 cum
925 1614 1138 1653 affinibus?
1160 1626 1252 1651 cum
1275 1612 1503 1665 propinquis
1522 1611 1535 1648 ?
1555 1624 1649 1649 cum
1668 1609 1746 1647 hoc

351 1686 428 1724 Cn.
451 1684 670 1728 Saturnino,
700 1682 940 1722 ornatiffimo
960 1681 1042 1720 viro
1061 1680 1074 1717 ?
1108 1680 1217 1731 cujus
1241 1686 1432 1730 quantum
1451 1676 1608 1716 honoris
1629 1674 1746 1727 hujus

350 1750 604 1805 cupiditatem
638 1749 748 1787 fuisse
779 1748 936 1787 creditis
954 1776 965 1792 ‚
1005 1760 1098 1784 cum
1138 1745 1294 1783 videatis
1329 1743 1454 1782 laetus
1493 1742 1712 1781 societatem
1731 1739 1745 1777 Β

351 1817 460 1868 Qid
482 1817 529 1855 de
557 1829 621 1854 me
648 1815 807 1853 dicam?
839 1813 908 1867 qui
934 1811 1035 1851 mihi
1061 1812 1101 1849 in
1128 1809 1244 1862 hujus
1274 1808 1448 1861 periculo
1474 1820 1557 1845 reus
1587 1806 1657 1844 effe
1683 1805 1746 1844 vi-

355 1884 446 1922 deor
464 1884 477 1920 ?
510 1882 618 1933 Qid
639 1882 685 1918 de
705 1880 765 1919 his
787 1889 845 1919 tot
864 1880 954 1918 viris
975 1878 1116 1917 talibus
1133 1905 1145 1922 ,
1175 1889 1273 1928 quos
1293 1874 1430 1912 videtis
1451 1873 1548 1911 veste
1568 1881 1715 1911 mutata
1733 1871 1746 1908 ?

352 1948 479 2001 Atqui
497 1947 583 1986 haec‘
600 1947 687 1985 sunt
706 1946 848 1984 indicia
867 1945 984 1983 solida
1000 1973 1012 1989 ,
1043 1943 1201 1994 Judiccs
1218 1970 1230 1986 ,
1261 1949 1299 1979 et
1319 1939 1511 1993 expreffa3
1543 1938 1624 1977 haec
1646 1938 1749 1991 figna

355 2014 556 2066 probitatis
573 2042 585 2059 ‚
615 2026 694 2051 non
714 2011 841 2050 fucata
866 2010 1003 2049 forenfi
1031 2010 1153 2062 specie
1169 2037 1181 2053 ,
1212 2007 1274 2045 sed
1294 2006 1512 2045 domesticis
1533 2005 1655 2044 inusta
1675 2017 1748 2042 no-

355 2081 404 2118 tis
435 2080 615 2118 veritatis.
648 2078 789 2117 Facilis
822 2078 874 2116 est
904 2077 972 2115 illa
1000 2074 1213 2114 occursatio
1243 2082 1281 2111 et
1313 2072 1498 2111 blanditia
1526 2070 1746 2124 popularis:

356 2146 550 2198 aspicitur,
581 2158 660 2183 non
678 2145 922 2182 attrectatur:
956 2141 1090 2195 procul
1117 2148 1298 2193 apparet;
1330 2152 1408 2176 non
1429 2138 1637 2181 excutitur,
1668 2148 1748 2173 non

357 2214 398 2251 in
419 2225 552 2251 manus
574 2211 753 2248 sumitur.

414 2277 612 2316 Omnibus
633 2276 752 2328 igitur
772 2275 882 2313 rebus
903 2284 1080 2313 ornatum
1098 2271 1316 2316 hominem,
1334 2280 1412 2309 tam
1428 2268 1607 2311 externis
1627 2279 1745 2318 quarn

358 2344 600 2388 domestici53
632 2341 828 2380 nonnullis
849 2343 958 2380 rebus
981 2340 1217 2383 inferiorem,
1239 2351 1356 2389 quam
1379 2346 1428 2380 te,
1451 2335 1595 2386 generis
1616 2342 1654 2370 et
1674 2346 1746 2370 no-

359 2411 475 2451 minis
493 2410 603 2456 dico5
626 2407 856 2463 superiorem
877 2408 974 2452 aliis,
994 2405 1255 2458 municipum,
1273 2401 1504 2446 vicinorum,
1523 2399 1748 2439 societatum

1246 2466 1445 2508 Kkkz
