2212 2835
606 198 744 239 PRo
803 199 855 239 A.
916 197 1332 238 eLUENTm.
1625 213 1680 255 47

333 297 467 337 Multa
486 296 565 336 dici
584 297 752 351 possunt,
774 310 891 350 quare
917 296 970 336 ita
989 296 1134 336 necefl‘e
1154 296 1273 336 fuerit
1298 295 1464 350 judicari
1480 315 1492 342 ;
1525 295 1589 336 sed
1608 310 1680 351 ego

275 377 477 404 occurram
497 364 752 418 expectationi
771 363 912 408 vestrae,
933 364 1105 414 Judices.
1137 364 1260 408 Nam,
1282 363 1348 401 etfi
1369 377 1389 401 a
1409 363 1518 402 vobis
1539 363 1590 402 fic
1610 378 1680 402 au-

275 431 374 477 dior,
396 441 440 470 ut
459 444 660 482 nunquam
682 430 903 483 benignum,
931 443 1058 482 neque
1078 430 1276 474 attentius,
1306 444 1546 482 quemquam
1568 432 1679 470 audi·

277 506 364 536 tum
380 506 516 550 putem
528 515 541 542 3
564 506 692 535 tamen
710 505 822 535 vocat
842 510 906 534 me
921 496 997 534 alio
1012 496 1250 549 jamdudum
1267 497 1382 535 tacita
1399 497 1514 535 vestra
1534 511 1679 550 expec-

275 564 384 609 tatio,
419 577 504 616 quae
523 562 625 602 mihi
645 563 805 616 obloqui
827 563 993 609 videtur,
1016 562 1127 615 Qid
1146 564 1266 616 ergo?
1299 563 1474 616 negasne,
1497 564 1596 601 illud
1610 566 1678 617 ju-

273 629 425 668 dicium
445 630 518 668 effe
537 630 794 684 corruptum?
827 630 923 668 Non
944 643 1068 683 nego:
1101 629 1164 668 sed
1185 629 1232 668 ab
1253 629 1328 668 hoc
1349 638 1578 684 corruptum
1601 645 1680 669 non

272 695 345 735 effe
364 696 569 736 confirmo.
602 698 639 736 A
660 711 739 750 quo
760 697 880 749 igitur
907 696 960 735 est
990 698 1252 750 corruptum?
1288 697 1454 750 Opinor,
1488 697 1678 750 primum,

273 761 301 800 fi
335 754 528 801 incertum
548 761 689 808 fuiffet,
721 763 899 816 quisnam
930 763 1056 801 exitus
1090 763 1196 801 illius
1226 763 1368 816 judicii
1388 762 1542 801 futurus
1575 763 1678 808 effet,

273 829 519 868 verifimilius
552 838 681 868 tamen
713 829 816 875 esset,
847 843 938 868 eum
960 830 1089 882 potius
1117 829 1336 883 corrupiffe,
1370 830 1438 882 qui
1470 829 1677 875 metuisset,

273 908 322 934 ne
341 897 419 949 ipse
439 897 776 942 condemnaretur,
807 911 925 950 quam
957 897 1087 943 illum,
1120 897 1188 949 qui
1219 897 1361 935 veritus
1381 896 1485 942 effer,
1517 910 1564 934 ne
1585 897 1679 935 alter

271 962 556 1002 absolveretur:
588 963 740 1008 deinde,
775 977 868 1002 cum
899 963 987 1002 effet
1007 963 1157 1001 nemini
1176 963 1358 1008 dubium,
1388 963 1483 1015 quid
1511 963 1680 1015 judicari

273 1028 420 1067 neceffe
440 1029 544 1075 effet,
566 1043 657 1068 eum
679 1038 781 1068 certe
800 1029 945 1083 potiuS,
979 1030 1048 1082 qui
1068 1029 1138 1067 fibi
1157 1030 1286 1082 aliqua
1306 1030 1452 1068 ratione
1473 1030 1676 1076 diffideret,

272 1109 393 1148 quarn
414 1110 518 1141 eum,
551 1097 619 1148 qui
640 1097 751 1134 omni
771 1097 918 1134 ratione
939 1096 1148 1134 confideret
1166 1111 1173 1134 :
1198 1096 1404 1148 postremo,
1427 1105 1528 1134 certe
1547 1097 1677 1149 potius

272 1162 403 1208 illum,
432 1164 500 1215 qui
521 1163 579 1200 bis
601 1162 701 1214 apud
722 1175 785 1200 eos
811 1162 963 1214 judices
985 1160 1213 1206 offendisset,
1247 1175 1365 1213 quam
1387 1175 1493 1207 eum,
1527 1163 1596 1215 qui
1616 1162 1676 1201 bis

272 1229 424 1267 causam
444 1229 490 1266 iis
511 1228 753 1281 probavisset.
782 1230 922 1267 Unum
943 1228 1105 1281 quidem
1127 1237 1242 1273 certe,
1266 1241 1383 1266 nemo
1404 1229 1474 1266 erit
1496 1238 1574 1266 tam
1595 1230 1674 1267 ini-

271 1309 374 1348 quus
402 1296 601 1340 Cluentio,
639 1296 707 1348 qui
735 1293 837 1334 mihi
869 1309 947 1334 non
979 1295 1178 1340 concedat,
1211 1295 1237 1333 fi
1269 1295 1416 1333 constet
1445 1305 1677 1348 corruptum

271 1363 371 1401 illud
391 1362 461 1401 effe
475 1362 688 1415 judicium,
711 1371 775 1401 aut
794 1363 841 1401 ab
858 1363 992 1408 Avito,
1013 1371 1077 1400 aut
1097 1362 1144 1400 ab
1163 1362 1398 1415 Oppianico,
1420 1362 1492 1400 effe
1512 1376 1675 1415 corrup-

270 1439 375 1468 tum.
414 1429 453 1467 Si
474 1429 592 1468 doceo
623 1443 702 1468 non
733 1430 780 1468 ab
808 1429 942 1475 Avito,
974 1429 1090 1467 vinco
1116 1429 1163 1467 ab
1187 1428 1433 1482 Oppianico:
1471 1428 1497 1466 s1
1518 1429 1676 1467 ostendo

271 1496 320 1534 ab
342 1497 578 1550 Oppianico,
600 1510 724 1550 purgo
744 1496 927 1535 Avitum.
962 1497 1105 1547 Qare,
1126 1495 1192 1534 etfi
1214 1495 1299 1534 satis
1321 1495 1451 1540 docui,
1486 1496 1676 1535 rationem

273 1562 421 1600 nullam
441 1561 534 1600 huic
555 1562 828 1615 corrumpendi
847 1561 984 1606 fuifl‘e5
1016 1575 1063 1599 ex
1084 1575 1163 1613 quo
1184 1561 1430 1614 intelligitur,
1452 1562 1498 1600 ab
1521 1562 1673 1616 Oppia-

272 1628 362 1666 nico
383 1627 454 1665 effe
473 1638 727 1680 corruptum;
759 1637 889 1666 tamen
911 1627 957 1665 de
977 1626 1046 1665 illo
1066 1626 1148 1680 ipso
1168 1627 1369 1679 separatim
1390 1628 1624 1680 cognoscite.

326 1689 478 1727 XXIV.
511 1691 644 1741 Atque
673 1703 745 1742 ego
764 1689 831 1727 illa
861 1702 941 1727 non
972 1688 1283 1741 argumentabor,
1317 1702 1402 1740 quae
1422 1689 1508 1726 sunt
1528 1691 1671 1741 gravia,

272 1754 520 1793 vehementer
538 1770 547 1793 :
580 1768 671 1793 eum
691 1754 910 1808 corrupisse,
943 1755 1012 1808 qui
1032 1755 1073 1793 in
1092 1754 1266 1808 periculo
1286 1753 1404 1793 fuerit
1418 1773 1431 1800 3
1465 1768 1579 1801 eum,
1603 1758 1673 1809 qui

271 1822 480 1867 metuerit3
513 1836 618 1867 eum,
655 1822 724 1874 qui
743 1822 850 1876 spem
870 1821 1002 1860 salutis
1032 1822 1074 1860 in
1094 1822 1168 1860 alia
1196 1822 1342 1861 ratione
1362 1836 1441 1860 non
1461 1821 1640 1861 habuerit
1657 1843 1668 1869 ς

269 1902 373 1934 eum,
396 1890 466 1942 qui
485 1889 633 1942 semper
649 1888 832 1943 singulari
849 1886 967 1926 fuerit
987 1888 1155 1927 audacia.
1193 1888 1326 1926 Multa
1344 1888 1436 1926 sunt.
1450 1890 1638 1942 ejusmodi
1658 1906 1667 1929 ς

270 1969 403 1994 verum
424 1969 516 1994 curn
535 1955 698 1994 habeam
720 1969 802 1994 rem
829 1969 907 1993 non
928 1955 1102 2001 dubiam,
1132 1955 1194 1994 sed
1215 1964 1385 2008 apertam
1405 1965 1520 2008 atque
1541 1958 1668 1994 mani·

270 2020 418 2068 festam,
451 2022 691 2061 enumeratio
725 2022 967 2075 singulorum
998 2030 1318 2075 argumentorum
1347 2035 1425 2060 non
1459 2023 1511 2061 est
1535 2025 1667 2062 neces·

270 2088 374 2128 saria.

330 2156 447 2202 Dico,
482 2157 531 2195 C.
562 2157 670 2195 AElio
702 2156 854 2195 Staieno
884 2157 1009 2209 judici
1042 2156 1250 2210 pecuniam
1281 2156 1465 2208 grandem
1502 2157 1668 2194 Statium

269 2221 436 2261 Albium
456 2224 501 2261 ad
522 2224 851 2277 corrumpendum
876 2224 1073 2277 judicium
1093 2223 1245 2262 dediffe.
1279 2224 1392 2262 Num
1413 2223 1499 2276 quis
1521 2234 1632 2274 negat
1652 2224 1665 2259 ?

271 2290 332 2326 Te
354 2289 518 2341 appello,
556 2291 801 2343 Oppianice3
835 2300 885 2336 te,
909 2292 961 2329 T.
985 2291 1098 2329 Atti:
1124 2304 1291 2343 quorum
1323 2289 1416 2327 alter
1448 2289 1667 2340 eloquentia

269 2355 558 2393 damnationem
573 2356 695 2402 illam,
718 2358 811 2396 alter
831 2358 945 2396 tacita
966 2357 1120 2410 pietate,
1138 2357 1325 2409 deplorat.
1348 2356 1499 2394 Audete
1515 2368 1664 2406 negare,

270 2422 317 2460 ab
339 2421 560 2474 Oppianico
582 2423 733 2460 Staleno
759 2423 885 2475 judici
905 2424 1111 2476 pecuniam
1139 2423 1265 2460 datam
1285 2437 1293 2459 :
1332 2431 1479 2473 negate,
1517 2430 1663 2472 negate,

267 2488 443 2541 inquam,
480 2488 520 2526 in
551 2501 596 2527 eo
627 2488 727 2528 loco.
770 2489 877 2540 Qid
908 2489 1105 2528 reticetis?
1147 2489 1201 2527 At
1232 2500 1368 2540 negare
1394 2501 1472 2526 non
1493 2487 1665 2540 potestis,

1595 2615 1601 2644 l
