2212 2835
507 230 586 270 452
1008 213 1412 252 ORATIO

507 314 750 359 adolescens;
789 311 937 352 tribuni
973 311 1096 366 plebis
1132 314 1177 352 P.
1217 313 1390 352 Rutilius
1427 311 1586 359 Rufus,
1619 314 1667 352 C.
1706 313 1915 360 Fimbria„

510 383 557 419 C.
583 380 753 425 Caffius,
786 381 862 418 Cn.
887 379 1064 425 Orestes,
1096 377 1190 418 faeti*
1222 394 1298 418 non
1332 379 1446 419 sunt:
1479 394 1576 433 quos
1611 389 1742 419 tamen
1776 394 1912 419 omnes

508 447 681 486 consules
712 446 832 486 &etos
864 447 1006 485 seimus
1038 447 1123 486 effe.
1165 448 1264 499 Qae
1297 447 1370 485 tibi
1402 447 1504 486 ultro
1541 457 1646 501 pater
1676 458 1714 486 et
1750 449 1912 501 majores

510 516 566 552 tui
587 528 664 552 non
684 513 906 552 consolandi
927 513 984 551 tui
1004 513 1124 566 gratia
1145 514 1315 552 dicerent
1333 543 1343 559 ,
1375 527 1502 566 neque
1528 528 1617 553 vero
1644 529 1723 567 quo
1752 525 1789 553 te
1809 515 1914 553 libe-

508 591 592 620 rent
612 582 739 635 aliqua
759 581 872 634 culpa
890 610 900 626 ,
932 595 1049 633 quam
1079 590 1120 619 tu
1148 581 1286 619 vereris
1305 610 1315 626 ‚
1349 594 1395 620 ne
1423 595 1443 619 a
1464 591 1501 620 te
1521 581 1690 636 suscepta
1709 583 1882 621 videatur
1898 601 1916 628 ς,

507 649 584 693 sed,
617 658 659 686 ut
681 659 717 686 te
736 648 782 685 ad
803 647 960 685 cursum
979 647 1095 685 istum
1117 647 1343 693 tenendum,
1374 661 1494 701 quem
1515 662 1535 686 a
1554 649 1679 701 prima
1704 658 1812 687 aetate
1833 649 1915 687 sus-

506 715 653 768 cepisti,
683 713 950 752 cohortentur.
996 712 1114 751 Nihil
1148 713 1200 751 est
1234 714 1355 758 enim,
1393 713 1495 752 mihi
1529 715 1912 761 crede„Laterens1s,

509 783 555 820 de
591 790 627 819 te
661 781 903 818 detractum:
936 779 1151 818 detraetum
1187 780 1306 818 dico?
1338 780 1364 817 fi
1400 779 1640 819 mehercules
1674 795 1775 827 vere,
1807 783 1913 835 quod

507 848 664 893 accidit,
695 846 938 900 interpretari
969 846 1079 891 velis,
1110 846 1163 885 est
1193 846 1343 899 aliquid
1373 846 1491 885 etiam
1522 848 1569 885 de
1597 847 1738 886 virtute
1765 848 1918 901 fignifi-

506 925 639 963 catum
660 924 739 953 tua.

560 971 703 1021 XXII.
731 981 830 1020 Noli
848 980 954 1019 enim
975 980 1205 1025 existimare,
1229 993 1306 1019 non
1327 994 1517 1034 magnum
1539 980 1735 1034 quendam
1757 990 1918 1021 motum«

507 1048 616 1088 fuiffe
635 1048 740 1087 illius
762 1048 961 1101 petitionis
983 1057 1058 1086 tuae
1076 1077 1086 1093 ,
1118 1048 1166 1086 de
1186 1062 1264 1101 qua
1285 1061 1333 1086 ne
1354 1048 1501 1101 aliquid
1515 1049 1662 1101 jurares
1679 1078 1692 1094 ,
1722 1048 1917 1088 destitisti.

507 1116 769 1161 Denuntiasti,
799 1114 923 1154 homo
942 1115 1173 1161 adolescens,
1195 1115 1292 1169 quid
1312 1116 1359 1154 de
1378 1115 1530 1154 summa
1549 1116 1774 1170 reipublicae
1794 1116 1913 1155 senti-

506 1198 564 1223 res
582 1199 591 1222 :
624 1183 763 1222 fortius
785 1192 828 1222 tu
847 1183 1021 1236 quidem,
1053 1197 1174 1237 quam
1194 1183 1375 1222 nonnulli
1399 1182 1573 1222 defuneti
1592 1183 1821 1229 honoribus,
1853 1184 1916 1222 sed

506 1249 687 1303 apertius,
719 1263 838 1302 quam
859 1249 918 1287 vel
938 1249 1179 1295 ambitionis,
1210 1250 1270 1289 vel
1291 1250 1410 1289 aetatis
1440 1259 1528 1296 tuae,
1560 1250 1656 1289 ratio
1682 1250 1912 1303 postulabat.

507 1316 779 1366 Qamobrem
811 1316 853 1354 in
889 1315 1129 1353 dissentiente
1162 1316 1308 1369 populo
1341 1315 1423 1354 noli
1457 1326 1592 1368 putare
1626 1315 1754 1354 nullos
1786 1315 1917 1361 fuiffe,

504 1397 675 1436 quorum
696 1383 846 1420 animos
868 1390 957 1420 tuus
978 1382 1044 1420 ille
1064 1381 1176 1421 fortis
1196 1383 1349 1421 animus
1370 1381 1606 1421 offenderet:
1628 1383 1697 1436 qui
1718 1390 1755 1421 te
1775 1382 1913 1421 incana

504 1461 593 1488 zum
619 1448 771 1487 fortaffe
797 1462 901 1486 nunc
930 1457 999 1486 tuo
1025 1449 1113 1487 loco
1140 1449 1345 1488 demovere
1365 1458 1608 1502 potuerunt,
1638 1449 1916 1503 providentem·

507 1526 607 1561 ante,
638 1525 676 1554 et
694 1523 989 1569 praecaventem,
1020 1528 1223 1568 nunquam
1244 1524 1347 1554 certe
1367 1516 1598 1555 movebunt.

560 1585 626 1622 An
655 1591 694 1620 te
720 1583 787 1620 illa
811 1591 1037 1635 argumenta
1057 1582 1252 1622 duxerunt
1275 1584 1287 1621 ?
1320 1582 1565 1622 Dubitabitis
1583 1612 1595 1628 ,
1626 1583 1783 1635 inquit,
1816 1582 1912 1635 quin

503 1650 624 1688 coitio
643 1648 744 1688 saera
761 1649 807 1688 fit
824 1678 835 1695 ‚
867 1663 960 1688 cum
986 1650 1111 1688 tribus
1139 1650 1338 1703 plerasque
1363 1663 1457 1688 cum
1485 1650 1615 1689 Plotio
1642 1650 1773 1689 tulerit
1794 1649 1911 1688 Plan·-

505 1718 589 1755 cius
608 1717 620 1753 ?
653 1719 718 1755 An
740 1730 814 1755 una
834 1715 916 1754 fieri
937 1725 1148 1770 potuerunt
1165 1746 1176 1761 ,
1208 1717 1234 1755 fi
1264 1731 1339 1755 una
1367 1717 1490 1755 tribus
1520 1730 1601 1755 non
1621 1716 1790 1755 tuliffent
1810 1717 1822 1752 ?
1854 1717 1913 1753 At

505 1784 710 1823 ,nonnullas
742 1784 896 1837 punctis
929 1797 1026 1836 pene
1056 1783 1236 1822 totidem.
1270 1784 1431 1836 Qippe
1462 1797 1553 1821 cum
1582 1782 1672 1821 faeci
1687 1784 1771 1836 jam
1791 1795 1910 1836 prope

505 1850 763 1902 superioribus
788 1850 974 1894 comitiis,
1006 1849 1279 1902 declaratique,
1312 1849 1509 1888 veniffent.
1542 1849 1778 1902 Qanquam
1802 1863 1849 1887 ne
1869 1850 1917 1887 id.

504 1916 664 1968 quidem
696 1915 953 1969 suspicionem
987 1916 1169 1955 coitionis
1199 1915 1405 1961 habuerit-3
1437 1929 1564 1969 neque
1595 1917 1701 1954 enim
1735 1928 1908 1967 unquam

503 1986 665 2036 majores
687 1983 803 2021 nostri
824 1983 1064 2023 sortitionem
1086 1983 1365 2023 constituissent
1385 1983 1582 2022 aedilitiam
1602 2013 1613 2029 ,
1645 1983 1715 2021 nifi
1738 1983 1913 2022 viderent

504 2052 674 2090 accidere
694 2051 809 2104 poffe,
842 2060 884 2089 ut
905 2051 1180 2104 competitores
1200 2065 1307 2105 pares
1328 2050 1515 2104 suffragiis
1536 2050 1666 2090 effent.

559 2120 611 2157 Et
633 2119 684 2157 ais
703 2148 714 2164 ,
745 2119 938 2172 prioribus
959 2120 1131 2158 comitiis
1152 2120 1362 2159 Aniensem
1384 2133 1404 2157 a
1425 2119 1555 2158 Plotio
1571 2148 1582 2164 ,
1615 2118 1869 2158 Terentinam
1890 2132 1932 2157 av

503 2185 677 2231 Plancio,
700 2186 772 2224 tibi
793 2185 864 2224 effe
884 2185 1098 2225 conceffam
1115 2205 1127 2233 3
1160 2200 1264 2225 nunc
1285 2187 1331 2225 ab
1353 2195 1518 2239 utroque
1538 2199 1597 2224 eas
1619 2184 1777 2230 avulsas,
1799 2198 1847 2223 ne
1865 2185 1907 2223 in

502 2253 707 2306 angustum
738 2253 927 2292 venirent.
959 2254 1091 2306 Qam
1128 2255 1310 2293 convenit
1329 2284 1340 2300 ,
1371 2254 1548 2292 nondum
1583 2254 1739 2306 cognita
1768 2252 1911 2306 populi

502 2322 714 2366 voluntate,
744 2319 831 2366 hos,
863 2334 960 2373 quos
976 2321 1059 2373 jam
1080 2330 1166 2360 tum
1194 2322 1421 2373 conjunctos
1450 2320 1559 2360 fuiffe
1579 2321 1691 2366 dicis,
1717 2321 1906 2374 jaeturam

501 2388 653 2426 suarum
680 2387 870 2433 tribuum,
901 2401 980 2441 quo
1008 2401 1073 2427 vos
1104 2389 1396 2441 adjuvaremini,
1428 2387 1581 2434 feciffe5
1614 2387 1781 2432 eosdem,
1813 2399 1906 2424 cum

497 2454 577 2503 jam
609 2453 725 2492 effent
756 2455 918 2508 experti,
949 2455 1045 2508 quid
1076 2455 1260 2501 valerent,
1292 2455 1478 2494 restrictos
1509 2465 1548 2494 et
1580 2464 1727 2494 tenaces
1763 2451 1903 2491 fuiffe?

500 2520 658 2559 Etenim
683 2521 922 2568 verebantur,
945 2523 1074 2569 credo,
1097 2523 1285 2576 angustias
1303 2538 1311 2562 ε
1332 2523 1435 2576 quasi
1457 2536 1514 2562 res
1534 2523 1574 2562 in
1595 2521 1901 2564 contentionem.
