2212 2835
642 156 718 196 IN
776 157 826 196 L.
887 157 1345 197 CATILINAM.
1635 172 1709 212 177

307 256 542 302 consulatus,
578 256 764 309 quoniam
798 256 921 294 sanare
953 269 1031 293 non
1063 255 1199 308 potest,
1230 254 1448 300 sustulerit;
1486 268 1564 294 non
1598 254 1710 294 breve

307 323 436 362 nescio
468 323 573 375 quod
605 332 771 375 tempus,
803 321 864 359 sed
896 322 1020 359 multa
1049 321 1188 366 secula,
1219 322 1438 375 propagarit
1469 321 1705 374 reipublicae.

308 390 434 428 Nulla
465 390 517 428 est
548 390 654 428 enim
687 389 804 433 natio,
835 402 953 440 quam
987 388 1330 440 pertimescamus;
1364 388 1494 426 nullus
1528 402 1607 434 rex,
1639 388 1710 441 qui

308 456 457 495 bellum
476 456 625 509 populo
645 456 826 493 Romano
846 453 971 492 facere
991 454 1121 507 poflit:
1143 454 1275 492 omnia
1295 454 1382 492 sunt
1401 464 1571 501 externa,
1593 455 1708 494 unius

306 523 463 567 virtute,
503 531 600 559 terra
637 521 811 573 marique
847 529 992 573 pacata.
1044 520 1317 559 Domesticum
1357 520 1506 559 bellum
1546 530 1705 560 manet:

304 589 411 627 intus
446 587 590 626 infidiae
624 587 740 625 sunt:
777 587 882 625 intus
914 585 1110 625 inclusum
1143 586 1364 640 periculum
1398 587 1477 625 est:
1516 587 1621 625 intus
1657 588 1709 626 est

304 653 450 693 hostis:
483 668 576 692 cum
595 654 748 693 luxuria
767 653 894 698 nobis,
925 667 1018 691 cum
1038 655 1220 699 amentia,
1251 667 1345 692 cum
1373 653 1525 700 scelere,
1557 663 1707 693 certan-

305 721 402 760 dum
423 721 488 760 est.
513 721 622 759 Huic
642 734 714 774 ego
733 734 796 759 me
817 720 920 758 bello
940 719 1080 758 ducem
1102 720 1298 773 profiteor,
1321 721 1520 772 Qirites:
1544 720 1709 775 suscipio

303 787 530 827 inimicitias
551 787 762 826 hominum
784 787 1039 841 perditorum.
1059 788 1159 839 Qae
1174 787 1293 826 sanari
1308 796 1508 840 poterunt,
1529 801 1708 841 quacun-

305 868 382 908 que
401 855 547 893 ratione
567 854 730 892 sanabo:
764 867 849 906 quae
869 853 1066 892 resecanda
1093 863 1220 899 erunt,
1251 867 1331 893 non
1357 854 1478 908 patiar
1501 855 1547 893 ad
1574 855 1708 908 perni-

306 921 409 959 ciem
429 920 596 958 civitatis
617 933 783 958 manare.
807 919 974 957 Proinde
995 929 1060 958 aut
1080 928 1230 965 exeant,
1253 929 1319 958 aut
1339 919 1554 973 quiescant:
1578 929 1657 966 aut,
1680 921 1708 959 fi

306 996 346 1026 et
365 987 406 1025 in
426 987 535 1033 urbe,
566 995 605 1025 et
623 986 665 1024 in
685 986 819 1025 eadem
840 995 983 1031 mente,
1014 995 1242 1040 permanent
1257 1004 1270 1032 ς
1302 1000 1358 1034 ea,
1390 1001 1475 1040 quae
1495 996 1706 1033 merentur,

306 1055 525 1107 expectent.

360 1120 434 1159 VI.
467 1121 522 1158 At
555 1119 670 1158 etiam
704 1120 804 1165 sunt,
837 1120 1026 1171 QiriteS,
1057 1120 1127 1172 qui
1157 1120 1301 1165 dicant,
1333 1134 1354 1158 a
1384 1134 1448 1159 me
1475 1121 1516 1159 in
1543 1121 1708 1161 exilium

305 1186 472 1238 ejectum
493 1183 564 1222 effe
583 1185 809 1223 Catilinam.
842 1185 962 1236 Qod
982 1199 1054 1238 ego
1074 1185 1100 1223 fi
1121 1186 1238 1224 verbo
1265 1185 1405 1239 afl‘equi
1426 1186 1585 1239 possem,
1617 1187 1706 1227 istos

303 1251 404 1305 ipsos
425 1251 619 1304 ejicerem,
650 1252 719 1304 qui
738 1250 822 1290 haec
842 1251 1071 1304 loquuntur.
1105 1253 1242 1291 Homo
1262 1252 1368 1291 enim
1394 1253 1573 1292 videlicet
1595 1254 1706 1293 timi-

303 1317 391 1363 dus,
421 1326 460 1356 et
490 1317 767 1371 permodestus,
799 1331 935 1356 vocem
967 1317 1133 1356 consulis
1165 1317 1264 1357 ferre
1295 1332 1374 1357 non
1403 1320 1559 1373 potuit:
1592 1319 1707 1358 fimul

303 1393 419 1437 atque
438 1384 492 1423 ire
511 1385 553 1423 in
574 1385 740 1424 exilium
755 1384 877 1437 juffus
899 1385 966 1430 est,
998 1386 1138 1438 paruit,
1171 1385 1332 1438 quievit.

358 1451 552 1490 Hesterno
571 1452 648 1497 die,
670 1466 763 1491 cum
783 1451 892 1490 domi
914 1465 1008 1490 meae
1024 1466 1122 1505 pene
1138 1451 1362 1491 interfectus
1375 1453 1509 1499 essem,
1532 1453 1707 1493 senatum

305 1517 348 1555 in
374 1518 494 1556 aedem
521 1518 629 1569 Jovis
658 1518 815 1557 Statoris
843 1518 1051 1556 convocavi
1068 1537 1080 1562 5
1113 1532 1193 1556 rem
1212 1532 1375 1558 omnem
1395 1520 1442 1559 ad
1463 1529 1586 1573 patres
1608 1534 1706 1560 con-

304 1582 465 1635 scriptos
495 1583 630 1622 detuli.
664 1585 757 1636 Qo
787 1597 880 1622 cum
914 1583 1082 1622 Catilina
1106 1584 1263 1622 veniffet
1279 1604 1290 1630 3
1323 1586 1411 1638 quis
1438 1599 1530 1625 eum
1558 1587 1706 1626 senator

304 1647 510 1701 appellavit
529 1648 541 1685 ?
573 1649 661 1701 quis
682 1648 885 1687 salutavit?
909 1649 996 1702 quis
1018 1649 1186 1702 denique
1206 1651 1259 1688 ita
1278 1650 1423 1704 aspexit
1443 1661 1486 1691 ut
1505 1653 1705 1706 perditum

304 1714 446 1760 civem,
468 1728 510 1753 ac
531 1729 611 1753 non
630 1716 760 1768 potius
780 1725 824 1754 ut
843 1716 1218 1769 importuniffimum
1239 1716 1391 1756 hostem
1409 1719 1423 1756 ?
1455 1719 1566 1771 Qin
1586 1721 1705 1759 etiam

245 1794 249 1798 ·
302 1780 494 1834 principes
515 1781 597 1833 ejus
617 1781 763 1820 ordinis
789 1791 938 1835 partem
965 1783 1073 1821 illam
1101 1781 1386 1830 subselliorum,
1417 1785 1464 1823 ad
1491 1800 1609 1839 quam
1637 1786 1706 1825 ille

302 1846 514 1893 accefferat,
536 1847 680 1886 nudam
701 1857 816 1900 atque
836 1849 990 1887 inanem
1007 1849 1261 1903 reliquerunt.
1285 1851 1367 1889 Hic
1387 1865 1475 1905 ego,
1496 1851 1706 1892 vehemens

300 1912 368 1952 ille
387 1913 535 1959 consul,
558 1914 627 1966 qui
647 1915 764 1953 verbo
784 1915 884 1953 cives
905 1916 946 1954 in
966 1916 1130 1955 exilium
1152 1917 1279 1970 ejicio,
1305 1918 1458 1970 quaefivi
1478 1933 1498 1957 a
1519 1918 1703 1966 Catilina,

302 1992 351 2017 an
372 1981 560 2018 nocturno
580 1990 775 2020 conventu
795 1981 897 2035 apud
917 1982 981 2021 M.
1002 1984 1170 2022 Leccam
1191 1983 1332 2029 fnisset,
1354 1998 1490 2024 necne.
1514 1987 1619 2024 Cum
1636 1986 1704 2024 ille

299 2043 422 2084 homo
455 2046 737 2093 audaciffimus,
776 2047 1009 2086 conscientia
1047 2050 1262 2096 convictus,
1302 2052 1430 2104 primo
1464 2051 1699 2097 reticuiffet;

303 2111 466 2164 patefeci
486 2122 643 2152 caetera:
667 2113 764 2166 quid
779 2127 821 2152 ea
840 2116 950 2153 nocte
970 2115 1115 2168 egiffet,
1138 2117 1206 2155 ubi
1226 2116 1365 2162 fuisset,
1388 2118 1484 2170 quid
1505 2119 1545 2156 in
1566 2119 1698 2171 proxi-

303 2191 411 2216 mam
431 2179 694 2225 constituiffet‚
725 2181 1060 2233 quemadmodum
1081 2182 1171 2221 effet
1190 2184 1225 2220 ei
1247 2184 1341 2221 ratio
1362 2185 1480 2222 totius
1510 2185 1601 2222 belli
1629 2186 1697 2221 de-

303 2244 455 2297 scripta,
485 2246 637 2284 edocui.
670 2248 775 2286 Cum
804 2246 1002 2293 haefitaret‚
1034 2262 1126 2287 cum
1154 2258 1371 2294 teneretur3
1405 2250 1572 2302 quaesivi,
1603 2249 1699 2301 quid

302 2309 496 2348 dubitaret
515 2324 561 2349 eo
580 2311 784 2364 proficisci,
807 2327 885 2366 quo
899 2314 1136 2367 jampridem
1158 2324 1302 2367 pararat
1321 2330 1328 2353 :
1352 2329 1445 2352 cum
1466 2328 1582 2358 arma,
1605 2328 1697 2352 cum

303 2376 463 2421 secures,
504 2390 597 2415 cum
635 2377 766 2424 fasces,
807 2393 901 2418 cum
937 2381 1060 2426 tubas,
1101 2394 1195 2419 cum
1232 2381 1335 2433 signa
1372 2381 1566 2424 militaria,
1604 2394 1696 2419 cum

300 2442 492 2496 Aquilam
526 2442 636 2482 illam
671 2453 902 2497 argenteam,
937 2448 1002 2485 cui
1034 2447 1101 2485 ille
1131 2448 1248 2486 etiam
1278 2447 1480 2484 laci-arium
1511 2446 1694 2485 scelerum

383 2511 450 2549 To
463 2523 515 2550 M.
539 2510 591 2551 V.
1357 2513 1391 2550 Z
