2212 2835
482 165 563 215 460
982 159 1385 201 ORATIO

481 265 743 307 vehementer,
763 275 879 314 quam
900 261 965 300 abs
987 270 1024 300 te
1044 261 1128 300 sum
1150 269 1399 314 provocatu33
1420 259 1482 299 sed
1501 259 1675 314 profesto
1694 274 1766 299 nec
1786 275 1883 302 con-

480 332 634 369 fiderate
658 331 803 374 minus,
826 343 895 367 nec
919 329 1048 367 minus
1070 329 1207 367 amice.
1239 328 1347 367 Nam
1367 328 1544 381 primum
1563 328 1662 367 illud
1681 327 1758 367 fuit
1778 329 1884 382 aspe-

480 399 574 442 rius,
606 410 683 441 me,
715 410 800 449 quae
829 395 875 434 de
901 395 1061 434 Plancio
1088 396 1270 440 dicerem,
1302 395 1475 440 mentiri,
1506 402 1544 434 et
1571 396 1755 448 temporis
1777 394 1886 433 causa

478 464 639 517 fingere.
672 464 829 502 Scilicet
858 462 981 501 homo
1012 463 1156 516 sapiens
1188 462 1420 515 excogitavi,
1451 462 1709 514 quamobrem
1738 462 1885 501 viderer

480 530 664 569 maximis
687 529 865 567 beneficii
886 529 1051 567 vinculis
1073 529 1289 573 obstrictus,
1309 542 1401 566 cum
1422 527 1519 566 liber
1534 527 1647 566 essem
1665 536 1702 567 et
1723 528 1882 566 solutus.

480 596 592 648 Qid
622 596 759 634 enim?
792 594 893 633 mihi
924 596 971 633 ad
1001 594 1289 633 defendendum
1321 594 1527 633 Plancium
1558 609 1696 648 parum
1727 594 1882 639 multae,

479 678 617 717 parum
648 663 758 715 justae
788 662 1080 700 neceffitudines
1108 671 1214 701 erant
1241 661 1535 710 familiaritatis,
1559 662 1783 707 vicinitatis,
1815 676 1883 715 pa—

481 730 549 768 tris
571 729 781 767 amicitiae?
814 728 912 778 Qae
932 727 958 765 fi
979 741 1057 765 non
1078 727 1209 772 effent,
1240 741 1399 772 vererer,
1422 728 1550 772 credo,
1572 741 1619 765 ne
1639 729 1802 781 turpiter
1822 727 1882 766 fa-

480 809 634 840 cerem,
666 795 691 832 fi
724 794 801 832 hoc
832 793 1031 846 splendore
1061 802 1099 831 et
1132 792 1205 831 hac
1237 793 1425 845 dignitate
1458 791 1664 832 hominem
1691 794 1882 845 Qdefende-

480 876 562 900 rem
581 877 590 900 :
623 862 802 914 fingenda
822 859 899 898 fuit
922 858 1022 898 mihi
1043 860 1224 898 videlicet
1244 859 1352 898 causa
1371 868 1550 912 peracuta
1566 889 1577 904 ‚
1610 868 1653 897 ut
1673 860 1706 897 ei
1723 889 1735 906 ‚
1766 874 1885 913 quem

479 928 581 967 mihi
607 929 745 966 debere
770 936 963 980 oporteret
982 956 993 972 ‚
1024 940 1096 980 ego
1127 941 1190 965 me
1221 927 1354 965 omnia
1383 927 1520 964 debere
1547 927 1730 966 dicerem.
1763 929 1818 965 At
1844 928 1885 966 id

479 996 596 1033 etiam
618 995 781 1048 gregarii
803 994 947 1032 milites
975 993 1125 1032 faciunt
1146 993 1274 1038 inviti,
1307 1002 1351 1031 ut
1378 1007 1562 1032 coronam
1590 993 1683 1032 dent
1703 994 1883 1039 civicam,

478 1073 516 1100 et
537 1062 572 1100 se
591 1063 638 1100 ab
659 1063 791 1114 aliquo
813 1061 972 1099 servatos
994 1060 1065 1098 effe
1084 1060 1276 1099 fateantur
1295 1075 1304 1099 z
1338 1074 1416 1098 non
1442 1075 1522 1113 quo
1549 1069 1659 1114 turpe
1685 1061 1731 1100 fit
1748 1090 1759 1107 ‚
1791 1075 1883 1115 pro-

478 1131 626 1168 tenum
646 1129 687 1168 in
707 1129 787 1167 acie
805 1158 816 1174 ,
847 1127 1019 1166 hostium
1045 1128 1225 1166 manibus
1252 1127 1376 1180 eripi3
1409 1141 1499 1166 nam
1519 1127 1560 1166 id
1585 1127 1755 1166 accidere
1773 1157 1783 1172 ‚
1815 1128 1886 1166 nifi

479 1195 572 1235 forti
603 1196 698 1242 viro,
730 1205 768 1233 et
800 1195 988 1248 pugnanti
1020 1195 1213 1240 cominus,
1245 1208 1324 1233 non
1355 1195 1505 1247 potest:
1538 1194 1601 1233 sed
1632 1209 1729 1233 onus
1762 1195 1882 1233 bene-

479 1263 559 1301 ficii
595 1262 872 1307 reformidant,
903 1262 1009 1314 quod
1042 1275 1301 1314 permagnum
1335 1261 1388 1299 est
1422 1262 1545 1300 alieno
1580 1262 1718 1300 debere
1749 1261 1880 1307 idem,

478 1329 585 1382 quod
606 1329 769 1382 parenti.

535 1397 644 1449 Ego,
675 1410 766 1434 cum
788 1395 911 1433 caeteri
933 1408 1019 1433 vera
1039 1393 1245 1440 beneficia,
1276 1394 1393 1432 etiam
1415 1395 1584 1440 minora,
1615 1394 1879 1440 diffimulent‚

478 1475 527 1500 ne
547 1462 709 1514 obligati
729 1461 800 1498 effe
822 1461 1040 1505 videantur;
1060 1474 1104 1498 eo
1120 1473 1183 1497 me
1203 1460 1392 1498 beneficio
1412 1460 1636 1498 obstrictum
1658 1460 1728 1498 effe
1745 1474 1880 1499 emen-

478 1529 564 1573 tiar,
595 1528 659 1566 cui
691 1541 739 1565 ne
770 1526 901 1565 referri
932 1526 1093 1579 quidem
1119 1526 1240 1578 gratia
1265 1526 1366 1578 posse
1394 1526 1596 1564 videatur?
1628 1528 1693 1564 An
1720 1525 1795 1565 hoc
1822 1536 1881 1572 tu,

478 1595 704 1640 Laterensis,
736 1594 916 1646 ignoras?
948 1594 1030 1646 qui,
1053 1607 1145 1632 curn
1167 1592 1269 1631 mihi
1288 1592 1378 1631 effes
1399 1593 1675 1639 amiciffimus;
1707 1607 1799 1632 cum
1820 1594 1882 1632 vel

476 1662 696 1716 periculum
724 1661 810 1698 vitae
836 1669 911 1699 tuae
938 1673 1095 1698 mecum
1123 1659 1263 1698 sociare
1291 1659 1495 1705 voluiffes;
1528 1674 1620 1698 cum
1647 1674 1711 1698 me
1738 1661 1778 1698 in
1809 1660 1880 1698 illo

478 1728 574 1766 tristi
595 1738 632 1766 et
653 1728 788 1766 acerbo
808 1727 915 1765 luctu
930 1755 942 1772 ‚
973 1735 1089 1779 atque
1109 1725 1266 1764 discessu
1283 1755 1295 1771 ,
1327 1740 1404 1764 non
1425 1726 1604 1778 lacrymis
1626 1726 1751 1764 solum
1773 1727 1849 1763 tuis
1866 1756 1878 1772 ,

479 1794 541 1832 sed
561 1795 693 1831 animo
707 1823 718 1838 ,
749 1806 908 1846 corpore
922 1822 933 1837 ‚
965 1792 1086 1845 copiis
1105 1821 1115 1837 ‚
1147 1792 1368 1844 prosecutus
1389 1791 1505 1836 effe53
1537 1805 1629 1829 cum
1651 1805 1757 1829 meos
1778 1792 1878 1830 libe-

478 1873 538 1898 ros
560 1869 598 1898 et
619 1863 801 1904 uxorem,
833 1872 897 1896 me
917 1857 1092 1903 absente,
1124 1858 1200 1896 tuis
1221 1858 1361 1910 opibus
1382 1857 1605 1910 auxilioque
1626 1857 1848 1896 defendiffes
1867 1873 1876 1897 ε

477 1927 528 1965 sic
560 1939 717 1965 mecum
749 1925 896 1978 semper
929 1925 1051 1978 egisti,
1084 1934 1120 1963 te
1151 1923 1252 1963 mihi
1284 1912 1479 1963 remittere
1509 1934 1622 1978 atque
1654 1926 1878 1971 concedere,

479 2002 521 2031 ut
542 2006 659 2030 omne
680 1992 850 2030 studium
872 2005 1005 2030 meum
1030 1992 1070 2030 in
1093 1993 1168 2030 Cn.
1193 1991 1341 2030 Plancii
1367 1990 1555 2030 honorem
1583 1993 1850 2030 consumerem
1867 2022 1879 2038 ,

477 2059 582 2113 quod
603 2060 683 2111 ejus
705 2060 744 2097 in
766 2072 828 2097 me
849 2059 1034 2097 meritum
1056 2059 1128 2097 tibi
1150 2059 1267 2097 etiam
1289 2059 1356 2111 ipsi
1377 2067 1529 2111 gratum
1551 2058 1623 2096 effe
1643 2059 1810 2098 dicebas.

533 2125 650 2165 Nihil
683 2135 813 2163 autem
844 2138 908 2163 me
940 2125 1045 2170 novi,
1076 2123 1176 2163 nihil
1209 2125 1396 2178 temporis
1428 2125 1549 2171 causa,
1581 2126 1718 2171 dicere,
1752 2140 1880 2165 nonne

477 2193 593 2231 etiam
614 2192 681 2230 illa
702 2192 802 2230 testis
823 2191 876 2229 est
896 2192 1032 2238 oratio,
1064 2205 1148 2244 quae
1169 2191 1221 2230 est
1241 2205 1262 2229 a
1281 2206 1344 2229 me
1363 2193 1487 2245 prima
1505 2191 1636 2231 habita
1655 2193 1696 2230 in
1717 2192 1845 2230 senatu
1862 2193 1876 2230 ?

477 2259 516 2296 in
549 2272 624 2311 qua
655 2272 747 2297 cum
778 2258 978 2311 perpaucis
1007 2258 1243 2297 nominatim
1273 2257 1430 2312 egifl‘em
1461 2259 1619 2311 gratias,
1651 2259 1756 2312 quod
1787 2272 1876 2297 om-

475 2338 542 2362 nes
574 2325 789 2363 enumerari
821 2324 932 2363 nullo
962 2324 1081 2363 modo
1111 2324 1273 2377 pofl‘ent,
1304 2324 1424 2362 scelus
1455 2334 1585 2363 autem
1616 2325 1704 2363 effet
1733 2339 1876 2378 quem-

476 2404 593 2442 quam
615 2392 827 2444 praeteriri,
859 2390 1142 2443 statuissemque
1168 2404 1232 2429 eos
1260 2390 1385 2429 solum
1411 2392 1610 2430 nominare
1627 2421 1638 2437 ‚
1670 2392 1738 2444 qui
1759 2391 1876 2430 causae

477 2457 609 2495 nostrae
630 2458 766 2505 duces,
797 2466 835 2496 et
856 2457 959 2510 quafi
979 2456 1171 2511 signiferi,
1202 2457 1358 2497 fuissent
1377 2473 1386 2497 ;
1418 2459 1459 2497 in
1479 2457 1540 2497 his
1562 2459 1719 2497 Plancio
1739 2457 1875 2510 gratias
