2212 2835
513 164 591 202 400
1011 147 1412 186 ORATIO

515 248 649 286 dedico
671 246 834 284 domum
857 242 1074 286 Ciceronis,
1098 250 1141 279 ut
1162 239 1261 279 mihi
1283 241 1466 293 praeeatis,
1489 240 1714 294 postemque
1735 243 1906 280 teneatis.

515 315 568 351 Es
592 324 631 351 tu
654 312 813 364 quidem
834 323 926 347 cum
947 307 1115 353 audacia,
1141 316 1227 345 tum
1248 307 1504 360 impudentia,
1526 308 1705 361 fingulari
1724 323 1731 346 :
1755 308 1816 346 sed
1838 309 1911 346 tibi

515 389 642 417 tamen
664 378 795 422 oculi,
827 375 956 414 vultus
975 404 985 419 ,
1017 374 1131 412 verba
1158 373 1402 419 cecidissent,
1434 386 1526 412 cum
1558 383 1595 412 te
1622 374 1719 420 viri,
1751 375 1818 427 qui
1849 373 1913 411 sua

515 446 702 499 dignitate
736 443 935 498 personam
965 441 1102 495 populi
1128 441 1298 479 Romani
1325 450 1440 494 atque
1466 442 1732 480 auctoritatem
1759 441 1915 494 imperii

516 512 739 551 sustinerent
756 540 766 556 ‚
799 510 922 548 verbis
943 507 1169 561 graviffimis
1189 507 1498 560 perterruiffent3
1530 521 1656 560 neque
1676 507 1745 546 fibi
1764 506 1820 546 fas
1844 506 1915 545 effe

515 578 696 617 dixissent
715 576 836 615 furori
858 574 1028 614 interesse
1049 584 1130 619 tuo,
1148 583 1263 626 atque
1284 574 1324 611 in
1344 574 1473 626 patriae
1490 575 1694 626 parricidio
1710 583 1747 612 et
1763 573 1913 612 scelere.

574 646 672 696 Qae
693 658 784 682 cum
805 642 950 681 videres
969 671 980 686 ,
1011 651 1097 680 tum
1125 650 1162 679 te
1188 640 1233 678 ad
1261 650 1374 678 tuum
1402 640 1557 678 affinem
1586 654 1664 679 non
1683 641 1878 678 delectum
1898 653 1918 677 a

519 722 556 750 te
571 742 581 756 ‚
613 712 675 749 sed
696 710 873 748 relietum
894 722 914 745 a
934 708 1078 746 caeteris
1092 736 1104 752 ,
1135 707 1346 745 contulisti.
1380 707 1510 758 Qem
1533 721 1605 759 ego
1626 717 1755 746 tamen
1774 707 1888 745 credo
1904 736 1914 752 ,

516 779 545 816 fi
566 778 616 815 est
637 786 740 815 ortus
763 776 808 812 ab
829 774 920 819 illis,
939 786 1036 826 quos
1052 773 1250 811 memoriae
1270 772 1469 824 proditum
1490 773 1542 810 est
1561 773 1608 810 ab
1625 774 1706 826 ipso
1727 774 1915 818 Hercule,

520 843 723 897 perfuncto
738 843 821 894 jam
842 840 1037 879 laboribus
1054 868 1066 884 ,
1097 838 1198 877 sacra
1217 837 1388 876 didiciffe
1405 867 1415 883 ,
1447 838 1485 876 in
1516 839 1587 875 viri
1607 837 1717 876 fortis
1737 840 1916 877 aerumnis

521 924 597 948 non
619 910 671 947 ita
690 907 886 946 crudelem
907 905 1030 951 fuifl'e,
1053 915 1096 944 ut
1116 906 1157 943 in
1177 905 1254 942 vivi
1276 913 1313 942 et
1328 905 1410 956 jam
1431 904 1606 957 spirantis
1626 914 1742 958 caput
1761 905 1919 943 bustum

520 978 596 1016 suis
619 976 797 1015 manibus
819 975 1035 1027 imponeret
1054 988 1062 1012 :
1095 973 1163 1025 qui
1184 981 1249 1010 aut
1269 971 1368 1010 nihil
1391 972 1504 1017 dixit,
1536 981 1614 1017 aut,
1646 973 1671 1009 fi
1691 970 1799 1017 fecit,
1830 985 1918 1010 om-

520 1044 614 1081 nino
634 1055 790 1096 poenam
810 1040 910 1079 hanc
930 1049 1111 1078 maternae
1131 1038 1358 1076 temeritatis
1381 1037 1486 1083 tulit,
1509 1048 1552 1076 ut
1572 1047 1722 1076 mutam
1739 1038 1778 1076 in
1798 1037 1919 1075 delic-

521 1119 562 1148 to
581 1109 779 1163 personam
800 1120 1020 1159 nomenque
1040 1105 1224 1159 praeberet
1243 1120 1252 1143 t
1285 1113 1349 1142 aut
1366 1132 1376 1149 ,
1409 1104 1435 1142 fi
1463 1104 1562 1143 dixit
1591 1105 1737 1158 aliquid
1754 1134 1766 1150 ,
1797 1104 1921 1143 verbis

522 1176 782 1215 haesitantibus
800 1204 811 1219 ,
844 1174 1068 1226 postemque
1098 1171 1350 1210 tremebunda
1369 1184 1488 1209 manu
1509 1172 1638 1224 tetigit
1657 1186 1666 1210 :
1699 1180 1800 1210 certe
1820 1169 1921 1209 nihil

519 1243 610 1287 rite,
643 1241 743 1280 nihil
773 1240 883 1285 caste,
914 1238 1014 1277 nihil
1045 1251 1152 1276 more
1173 1237 1441 1289 institutoque,
1473 1236 1648 1289 perfecit.
1681 1238 1838 1276 Viderat
1857 1237 1923 1275 ille

524 1310 749 1352 Murenam,
782 1307 965 1344 vitricum
985 1304 1112 1349 suum,
1140 1303 1337 1341 consulem
1358 1303 1611 1355 designatum,
1633 1304 1679 1341 ad
1699 1317 1763 1341 me
1783 1303 1921 1341 consu-

522 1376 604 1413 lem
621 1389 713 1413 cum
735 1372 1015 1425 Allobrogibus
1036 1370 1258 1409 communis
1278 1369 1388 1408 exitii
1408 1369 1550 1407 indicia
1570 1369 1722 1408 afferre:
1756 1370 1924 1407 audierat

524 1455 571 1480 ex
598 1442 681 1486 illo,
712 1440 747 1479 se
767 1454 787 1478 a
818 1453 880 1478 me
900 1439 959 1477 bis
980 1437 1141 1476 salutem
1165 1435 1360 1490 accepiffe,
1392 1436 1590 1489 separatim
1622 1436 1751 1482 semel,
1783 1436 1925 1474 iterum

524 1522 619 1547 cum
640 1507 834 1547 universis.

583 1576 712 1626 Qare
747 1575 831 1627 quis
866 1573 932 1618 est,
964 1573 1034 1626 qui
1067 1572 1282 1611 existimare
1314 1571 1439 1624 poffit,
1469 1569 1564 1609 huic
1599 1583 1699 1609 novo
1733 1568 1924 1623 pontifici,

526 1642 695 1695 primam
730 1640 829 1678 hanc
864 1639 947 1693 post
980 1639 1232 1677 sacerdotium
1261 1638 1405 1676 initum
1437 1637 1664 1690 religionem
1694 1636 1923 1681 instituenti,

524 1721 741 1760 >vocemque
762 1707 950 1750 mittenti,
982 1718 1059 1744 non
1079 1713 1117 1743 et
1138 1705 1313 1756 linguam
1334 1703 1580 1748 obmutuiffe,
1611 1712 1649 1741 et
1670 1715 1829 1740 manum
1850 1701 1923 1739 ob-

527 1774 723 1827 torpuiffe‚
759 1782 797 1811 et
832 1781 1004 1810 mentem
1035 1770 1276 1808 debilitatam
1311 1778 1420 1807 metu
1451 1768 1656 1806 concidisse
1675 1769 1687 1804 ?
1718 1767 1926 1820 praesertim

527 1853 689 1878 cumex
710 1839 874 1891 collegio
896 1847 1002 1876 tanto
1024 1850 1100 1875 non
1122 1848 1250 1888 regern
1266 1865 1278 1880 ,
1310 1848 1387 1874 non
1408 1833 1605 1872 flaminem
1623 1863 1633 1878 ,
1666 1848 1744 1872 non
1764 1833 1926 1886 pontifi-

530 1919 632 1950 cem,
654 1905 822 1949 videret;
856 1903 1014 1955 fierique
1033 1903 1221 1956 particeps
1242 1901 1356 1940 alieni
1376 1900 1524 1938 sceleris
1547 1901 1690 1938 invitus
1711 1909 1925 1953 cogeretur,

529 1981 568 2010 et
587 1971 818 2025 gravissimas
840 1983 970 2024 poenas
991 1969 1187 2007 affinitatis
1207 1967 1471 2021 impuriffimae
1492 1966 1699 2005 sustineret.

587 2039 699 2077 LIII.
733 2038 803 2076 Sed
819 2066 829 2082 ,
863 2046 905 2075 ut
926 2046 1087 2075 revertar
1106 2036 1232 2087 adjus
1254 2034 1459 2087 publicum
1481 2033 1706 2077 dedicandi,
1738 2033 1842 2085 quod
1862 2032 1929 2086 ipfi

530 2104 733 2159 pontifices
755 2104 902 2156 semper
922 2116 999 2141 non
1021 2103 1145 2141 solum
1166 2102 1212 2139 acl
1232 2101 1312 2139 suas
1345 2100 1587 2138 caeremonias
1605 2129 1616 2144 ,
1648 2099 1709 2137 sed
1736 2100 1851 2138 etiam
1882 2099 1928 2138 ad
1957 2111 1960 2113 ’

531 2171 669 2225 populi
692 2170 789 2223 jussa
807 2200 816 2215 ‚
849 2169 1265 2208 accommodaverunt:
1298 2166 1448 2206 habetis
1476 2167 1515 2204 in
1536 2166 1824 2205 commentariis
1846 2165 1928 2204 ves-

534 2239 616 2283 tris,
650 2239 697 2276 C.
721 2237 890 2276 Caffium
925 2236 1123 2275 censorem
1156 2235 1202 2272 de
1237 2234 1342 2287 figno
1379 2234 1606 2272 Concordiae
1641 2233 1853 2271 dedicando
1883 2232 1930 2270 ad

533 2303 764 2358 pontificum
783 2302 994 2355 collegium
1016 2300 1194 2346 retuliffe,
1225 2301 1338 2352 eique
1359 2300 1421 2338 M.
1444 2299 1670 2344 AEmilium,
1702 2297 1927 2352 pontificem

533 2372 770 2415 maximum,
803 2383 872 2423 pro
902 2368 1067 2422 collegio
1097 2366 1337 2421 respondisse,
1368 2367 1437 2405 nisi
1466 2380 1555 2404 eum
1586 2366 1752 2420 populus
1781 2366 1928 2403 Roma-

532 2452 608 2478 nus
631 2438 865 2477 nominatim
885 2435 1136 2490 praefeciffet,
1162 2443 1277 2488 atque
1295 2435 1376 2489 ejus
1391 2433 1494 2490 juffu
1514 2433 1655 2473 faceret
1670 2451 1683 2480 ς
1716 2445 1793 2472 non
1814 2430 1931 2471 videri
