2212 2835
504 152 582 202 462
1002 149 1405 189 &RATIO

500 248 732 288 diliiinulavi
765 261 827 286 me
858 247 1076 301 plurimum
1108 248 1260 294 debere,
1297 248 1521 302 semperque
1552 263 1628 303 prae
1659 262 1723 289 me
1752 250 1901 292 feram:

501 316 626 353 nullas
649 315 753 352 enim
775 314 844 352 fibi
865 313 930 352 ille
951 327 1076 367 neque
1097 315 1378 360 contentiones,
1410 329 1536 368 neque
1560 316 1801 362 inimicitias,
1833 331 1903 355 ne-

502 396 578 434 que
599 382 684 419 vitae
704 381 987 427 dimicationes,
1010 395 1078 419 nec
1100 395 1169 435 pro
1189 382 1399 434 republica,
1422 395 1492 420 nec
1513 396 1582 435 pro
1603 396 1681 428 me,
1700 382 1903 436 defugien-

500 449 564 486 das
586 449 749 501 putavit.
778 450 910 501 Atque
930 449 1093 494 utinam,
1116 463 1233 501 quarn
1253 463 1323 502 ego
1345 449 1428 487 sum
1451 450 1490 487 in
1511 449 1625 487 illum
1647 459 1791 502 gratus,
1823 459 1903 488 tam

499 516 662 554 licuiffet
683 529 749 568 per
767 514 978 554 hominum
1000 517 1095 561 vim,
1126 525 1163 553 et
1184 516 1365 567 injuriam
1387 516 1523 568 populi
1544 516 1730 561 Romani,
1761 516 1795 553 ei
1815 529 1903 568 gra-

500 582 594 619 tiam
615 581 766 620 referri!
787 581 871 626 Sed,
891 582 915 620 s1
938 596 1014 620 non
1036 582 1167 619 eadem
1190 582 1391 620 contendit
1412 583 1451 619 in
1474 582 1673 620 tribunatu
1695 582 1900 626 Plancius;

499 648 713 686 existimare
733 648 846 685 debes
865 677 876 692 ‚
908 662 983 686 non
1005 647 1098 685 huic
1120 648 1359 686 voluntatem
1386 647 1544 686 defuiffe
1561 677 1572 692 ,
1605 648 1666 686 sed
1686 662 1750 686 me
1767 677 1778 693 ,
1809 661 1904 686 cum

493 715 576 767 jam
601 714 758 752 Plancio
779 713 972 758 deberem,
1005 713 1148 751 Racilii
1169 713 1366 751 beneficiis
1386 713 1497 752 fuiffe
1517 723 1762 753 contentum.

555 784 620 820 An
654 794 741 818 vero
772 789 907 833 putas,
939 780 1084 830 judices
1116 779 1263 817 idcirco
1295 779 1426 817 minus
1459 793 1545 817 mea
1571 781 1680 818 causa
1707 780 1900 825 facturos,

499 848 605 900 quod
635 861 697 886 me
723 847 794 885 effe
821 856 975 900 gratum
1003 846 1252 885 crimineris?
1286 847 1365 890 An,
1397 859 1489 884 cum
1510 847 1677 899 populus
1698 847 1899 886 Romanus

498 915 569 952 illo
601 913 966 958 senatus-consulto,
1003 913 1108 965 quod
1140 913 1180 950 in
1213 921 1472 950 monumento
1503 912 1625 950 Marii
1655 911 1803 950 fanum
1834 911 1901 957 est,

498 995 577 1034 quo
621 995 706 1019 mea
743 980 839 1019 salus
873 980 1054 1018 omnium
1090 979 1142 1017 est
1177 979 1359 1033 gentibus
1396 979 1682 1024 commendata,
1719 978 1787 1016 uni
1823 979 1900 1017 Cn.

499 1049 659 1087 Plancio
690 1048 827 1100 gratias
859 1047 1003 1100 egerit,
1038 1047 1167 1099 (unus
1195 1046 1301 1084 enim
1333 1044 1410 1084 fuit
1440 1045 1486 1083 de
1517 1045 1801 1099 magistratibus
1833 1045 1901 1083 de-

498 1114 625 1153 fensor
656 1115 785 1152 salutis
817 1128 925 1158 meae,
957 1114 1021 1152 cui
1052 1113 1199 1151 senatus
1232 1127 1301 1166 pro
1332 1126 1395 1151 me
1426 1113 1563 1165 gratias
1595 1112 1755 1166 agendas
1786 1120 1901 1165 puta-

499 1182 582 1234 vit)
606 1182 640 1219 ei
661 1196 733 1234 ego
754 1195 773 1218 a
793 1195 855 1218 me
877 1179 1114 1218 referendam
1135 1180 1296 1233 gratiam
1317 1193 1395 1217 non
1420 1188 1556 1232 putem
1578 1179 1591 1217 ?
1623 1179 1749 1232 Atqui
1767 1208 1778 1224 ,
1811 1191 1902 1217 eum

498 1261 591 1285 cum
613 1248 740 1291 vides,
773 1260 852 1298 quo
873 1260 935 1284 me
956 1246 1110 1284 tandem
1133 1246 1262 1284 animo
1282 1246 1323 1283 in
1346 1254 1382 1283 te
1402 1254 1511 1297 putas
1532 1244 1623 1290 effe,
1655 1244 1865 1283 Laterensis
1885 1243 1899 1280 ?

497 1315 626 1353 ullum
647 1314 717 1352 effe
738 1323 888 1352 tanturn
910 1312 1146 1366 periculum,
1178 1322 1331 1350 tantum
1350 1312 1536 1356 laborem,
1568 1320 1715 1350 tantam
1736 1319 1900 1349 conten-

498 1382 660 1425 tionem,
680 1394 797 1433 quam
816 1393 888 1432 ego
907 1393 984 1417 non
1003 1379 1121 1417 modo
1140 1393 1210 1431 pro
1228 1378 1345 1416 salute
1366 1387 1444 1423 tua,
1462 1378 1524 1416 sed
1543 1378 1660 1416 etiam
1680 1391 1751 1431 pro
1770 1377 1899 1430 digni-

498 1458 590 1494 tate,
608 1448 858 1501 defugerem?
882 1447 973 1495 Qo
992 1446 1152 1498 quidem
1171 1446 1289 1484 etiam
1310 1446 1432 1497 magis
1454 1445 1553 1490 sum,
1575 1459 1653 1483 non
1675 1445 1801 1483 dicam
1823 1444 1902 1482 mi-

499 1516 566 1561 ser,
587 1516 695 1567 (nam
717 1513 791 1552 hoc
813 1513 974 1566 quidem
991 1512 1169 1551 abhorret
1189 1526 1209 1550 a
1224 1513 1366 1551 virtute
1386 1512 1567 1564 verbum)
1588 1512 1649 1549 sed
1669 1521 1772 1550 certe
1791 1524 1901 1553 exer-

495 1584 597 1621 citus
617 1598 625 1621 2
658 1596 736 1621 non
757 1581 847 1634 quia
867 1580 1003 1618 multis
1024 1580 1171 1624 debe03
1204 1580 1285 1617 leve
1304 1579 1408 1617 enim
1429 1592 1526 1617 onus
1549 1578 1726 1617 beneficii
1751 1578 1872 1631 gratia
1890 1592 1900 1617 ε

498 1650 560 1688 sed
581 1650 672 1703 quia
691 1649 785 1701 saepe
804 1647 1001 1686 concurrit
1021 1656 1178 1700 propter
1195 1647 1417 1699 aliquorum
1435 1646 1481 1684 de
1502 1659 1565 1685 me
1586 1646 1816 1684 meritorum
1837 1646 1900 1683 in-

498 1728 555 1756 ter
584 1717 683 1771 ipsos
715 1715 997 1760 contentiones,
1028 1724 1072 1752 ut
1102 1714 1238 1752 eodem
1271 1723 1445 1766 tempore
1471 1713 1512 1751 in
1538 1726 1672 1751 omnes
1700 1725 1826 1751 verear
1853 1725 1901 1749 ne

497 1785 564 1822 vix
591 1783 729 1837 poffim
753 1790 881 1835 gratus
908 1780 1043 1819 videri.
1075 1780 1147 1818 Sed
1172 1793 1244 1832 ego
1272 1778 1347 1817 hoc
1375 1779 1472 1817 meis
1492 1778 1728 1831 ponderibus
1749 1778 1898 1816 exami-

498 1850 621 1894 nabo,
645 1863 723 1887 non
745 1848 869 1886 solum
891 1848 986 1900 quid
1007 1846 1148 1898 cuique
1171 1846 1347 1890 debeam,
1378 1844 1441 1883 sed
1460 1845 1577 1883 etiam
1599 1844 1694 1897 quid
1714 1844 1899 1897 cujusque

497 1916 658 1961 interfit,
689 1925 727 1954 et
745 1915 843 1967 quid
863 1928 884 1953 a
904 1928 966 1953 me
987 1914 1171 1966 cujusque
1192 1922 1345 1966 tempus
1366 1912 1508 1966 poscat.

553 1984 750 2022 XXXIII.
783 1982 926 2035 Agitur
946 1981 1116 2020 studium
1138 1990 1265 2025 tuum,
1285 1980 1345 2019 vel
1365 1980 1497 2025 etiam,
1515 1979 1541 2018 fi
1563 1979 1632 2024 vis,
1651 1978 1898 2024 existimatio,

496 2051 593 2097 laus,
620 2051 804 2090 aedilitas:
837 2058 874 2088 at
896 2052 971 2088 Cn.
995 2049 1143 2087 Plancii
1163 2048 1274 2093 salus,
1306 2048 1439 2100 patria,
1470 2046 1647 2085 fortunae.
1681 2046 1836 2085 Salvum
1858 2055 1901 2084 tu

497 2133 562 2158 me
581 2118 652 2157 effe
673 2117 835 2170 cupisti:
857 2116 922 2155 hic
943 2115 1037 2154 fecit
1056 2116 1187 2160 etiam,
1206 2125 1248 2154 ut
1268 2115 1339 2153 effe
1360 2114 1519 2168 pofl‘em.
1552 2113 1749 2153 Distineor
1768 2123 1898 2152 tamen
1950 2118 1952 2120 ’

497 2196 535 2225 et
566 2185 728 2224 divellor
759 2184 901 2229 dolore,
933 2192 971 2221 et
1002 2184 1042 2221 in
1075 2183 1182 2221 causa
1214 2182 1351 2235 dispari
1378 2181 1523 2220 offendi
1550 2190 1587 2219 te
1615 2194 1635 2218 a
1661 2194 1724 2219 me
1755 2180 1894 2219 doleo:

497 2254 573 2300 sed,
606 2253 756 2291 medius
777 2252 906 2296 fidius,
939 2251 1065 2289 multo
1085 2251 1200 2289 citius
1222 2263 1350 2288 meam
1372 2249 1530 2288 salutem
1552 2262 1621 2301 pro
1643 2257 1679 2286 te
1706 2248 1896 2300 objecero‚

494 2335 616 2374 quam
643 2322 718 2359 Cn.
743 2319 890 2358 Plancii
917 2318 1079 2356 salutem
1107 2318 1296 2356 tradidero
1322 2315 1564 2354 contentioni
1584 2324 1672 2353 tuoe.
1704 2315 1864 2353 Etenim
1883 2343 1895 2360 ,

498 2389 655 2440 Judices
675 2418 685 2434 ‚
717 2402 809 2426 cum
840 2386 1023 2426 omnibus
1055 2385 1263 2423 virtutibus
1296 2398 1360 2423 me
1393 2383 1576 2422 affectum
1605 2381 1676 2420 effe
1708 2382 1893 2435 cupiam;

495 2465 628 2493 tamen
660 2454 759 2493 nihil
791 2453 867 2499 est,
899 2452 1004 2506 quod
1034 2452 1196 2499 malim,
1228 2464 1346 2505 quam
1378 2464 1440 2489 me
1470 2459 1508 2489 et
1541 2457 1694 2503 gratum
1728 2447 1828 2493 effe,
1858 2455 1895 2485 et
