2212 2835
481 139 569 176 DE
629 138 1100 176 HARUSPICUM
1159 137 1555 177 RESPONSIS.
1640 153 1719 192 4¹7

380 235 498 286 Qod
529 235 650 288 igitur
680 247 728 272 ex
754 234 885 286 aliquo
909 234 1100 287 disjuneto
1126 235 1350 288 diversoque
1377 237 1547 276 monstro
1573 236 1719 290 fignifi-

324 310 457 339 catum
477 314 696 340 caveremus
714 330 726 346 ‚
758 301 797 338 id
813 330 824 346 ‚
855 315 948 339 cum
969 301 1037 339 fibi
1063 301 1190 354 ipsum
1220 303 1435 341 monstrum
1462 303 1514 341 est
1532 333 1543 349 ‚
1573 312 1611 342 et
1630 317 1723 342 cum

324 368 364 405 in
396 381 442 406 eo
473 368 552 421 ipso
582 367 800 421 periculum
831 368 897 412 est,
927 381 974 406 ex
1000 382 1080 420 quo
1106 369 1326 420 periculum
1355 371 1623 422 portenditur‚·
1643 384 1722 408 non

324 435 670 487 pertimescemus?
703 433 922 472 Istiusmodi
953 434 1162 486 Megalesia
1192 433 1284 472 fecit
1310 444 1415 487 pater
1441 438 1563 474 tuus?
1594 437 1721 475 istius-

324 501 433 538 modi
450 510 608 554 patruus
628 500 641 537 ?
674 500 710 537 Is
732 498 831 537 mihi
851 500 967 537 etiam
989 499 1136 551 generis
1160 499 1215 537 sui
1235 501 1479 540 mentionem
1500 501 1607 547 facit,
1629 517 1721 542 cum

322 564 556 604 Athenionis
589 574 653 602 aut
679 565 846 617 Spartaci
877 564 1057 617 exemplo
1084 564 1195 603 ludos
1226 564 1351 604 facere
1380 567 1573 612 maluerit,
1604 581 1721 620 quam

323 631 407 668 Caii
439 640 504 668 aut
535 630 657 683 Appii
691 629 980 668 Claudiorum?
1012 630 1090 677 Illi,
1121 644 1215 669 cum
1245 631 1356 670 ludos
1385 631 1569 678 facerent,
1600 633 1722 671 servos

322 695 370 733 de
389 708 501 734 cavea
518 696 623 734 exire
636 695 847 748 jubebant:
872 705 914 734 tu
935 696 976 734 in
996 696 1154 734 alteram
1174 697 1296 735 servos
1318 697 1524 744 immifisti,
1542 712 1589 737 ex
1607 699 1723 737 altera

321 762 464 801 liberos
484 762 640 815 ejecisti.
660 761 808 814 Itaque,
825 763 894 814 qui
913 771 1022 800 antea
1041 776 1133 801 voce
1152 764 1338 816 praeconis
1358 778 1379 802 a
1398 764 1527 803 liberis
1549 765 1723 803 semove-

323 829 477 873 bantur,
508 830 585 867 tuis
605 828 707 867 ludis
729 842 807 866 non
827 842 935 874 voce,
966 828 1027 867 sed
1048 843 1181 875 manu,
1202 830 1343 869 liberos
1364 845 1384 870 a
1404 831 1440 869 se
1459 832 1722 885 segregabant.

377 895 495 934 XIII.
527 894 592 932 Ne
611 893 687 933 hoc
708 894 869 946 quidem
892 895 964 932 tibi
990 895 1030 933 in
1059 905 1232 934 mentem
1258 897 1434 936 veniebat
1455 898 1645 950 Sibyllino
1666 897 1722 936 sa-

321 960 471 1000 cerdoti
487 990 499 1007 ,
528 959 612 999 haec
639 960 740 999 sacra
759 961 919 1013 majores
940 961 1084 1000 nostros
1105 976 1152 1000 ex
1172 962 1301 1001 vestris
1322 963 1430 1002 libris
1456 963 1666 1017 expetisse?
1698 964 1724 1002 fi

323 1027 384 1065 illi
405 1027 491 1066 sunt
511 1027 648 1073 vestri,
679 1040 776 1079 quos
805 1035 847 1065 tu
874 1027 995 1080 impia
1021 1037 1152 1066 mente
1172 1029 1368 1081 conquiris
1385 1059 1397 1075 ‚
1429 1030 1578 1068 violatis
1599 1030 1722 1069 oculis

323 1093 435 1146 legis,
467 1093 740 1132 contaminatis
762 1094 942 1132 manibus
972 1096 1160 1132 attrestas.
1194 1095 1282 1133 Hac
1303 1096 1423 1148 igitur
1443 1106 1526 1135 vate
1546 1097 1726 1135 suadente

324 1160 522 1213 quondam
537 1189 548 1205 ‚
579 1158 716 1198 defeffa
737 1160 846 1198 Italia
867 1160 1017 1198 Punico
1038 1160 1160 1205 bello,
1191 1169 1306 1213 atque
1325 1162 1373 1200 ab
1393 1163 1588 1201 Annibale
1608 1177 1724 1202 vexa-

325 1235 363 1264 ta
378 1255 390 1271 ‚
421 1226 521 1265 sacra
547 1226 615 1264 ista
635 1226 796 1278 majores
818 1226 935 1264 nostri
955 1227 1068 1265 ascita
1089 1240 1136 1265 ex
1158 1226 1325 1280 Phrygia
1345 1229 1482 1267 Romae
1509 1229 1724 1268 collocave-

322 1301 441 1331 runt:
473 1305 558 1344 quae
584 1292 642 1330 vir
667 1292 699 1330 is
720 1292 884 1345 accepit,
916 1293 984 1344 qui
1003 1292 1056 1330 est
1076 1293 1250 1345 optimus
1271 1294 1407 1346 populi
1429 1295 1724 1348 Romanijudi-

323 1367 446 1403 catus,
477 1359 522 1397 P.
546 1357 703 1411 Scipio3
735 1357 899 1396 foemina
933 1368 1076 1403 autem,
1108 1372 1193 1410 quae
1229 1369 1491 1399 matronarum
1527 1361 1728 1400 castiffima

324 1425 557 1477 putabatur,
594 1425 745 1479 Qinta
779 1424 967 1463 Claudia:
1005 1425 1114 1476 cujus
1148 1424 1313 1477 priscam
1346 1425 1455 1464 illam
1489 1427 1727 1466 severitatem

322 1491 500 1529 sacrificii
527 1491 691 1529 mirifice
719 1500 784 1528 tua
809 1491 912 1528 soror
937 1490 1176 1528 existimatur
1203 1491 1366 1530 imitata.
1399 1492 1515 1531 Nihil
1545 1503 1581 1532 te
1607 1495 1728 1547 igitur

323 1571 450 1610 neque
478 1558 639 1609 majores
668 1557 739 1601 tui,
771 1557 970 1608 conjuneti
1000 1570 1092 1595 cum
1123 1555 1185 1595 his
1214 1557 1481 1610 religionibus,
1512 1573 1638 1613 neque
1667 1562 1726 1600 sa·-

323 1623 543 1661 cerdotium
578 1621 720 1675 ipsum,
756 1636 834 1675 quo
865 1623 918 1660 est
949 1621 1032 1661 haec
1064 1631 1143 1661 tota
1178 1623 1312 1676 religio
1345 1624 1564 1672 constituta,
1601 1640 1727 1678 neque

324 1688 471 1728 curulis
492 1689 672 1734 aedilitas,
705 1702 790 1741 quae
811 1689 982 1727 maxime
1001 1687 1100 1727 hanc
1123 1690 1222 1727 tueri
1242 1690 1469 1743 religionem
1491 1691 1605 1737 solet,
1636 1706 1725 1745 per-

324 1755 478 1800 movit,
509 1769 588 1808 quo
617 1754 748 1793 minus
779 1754 1000 1794 castiffimos
1037 1755 1147 1794 ludos
1181 1757 1292 1795 omni
1324 1756 1471 1810 flagitio
1505 1758 1724 1811 pollueres,

323 1821 510 1861 dedecore
530 1820 754 1866 maculares,
786 1821 924 1859 scelere
944 1821 1132 1874 obligares
1150 1822 1164 1859 ?

381 1888 455 1926 Sed
485 1887 580 1940 quid
611 1901 683 1940 ego
713 1888 753 1926 id
784 1887 983 1926 admiror?
1013 1889 1083 1940 qui
1110 1897 1265 1941 accepta
1282 1890 1445 1942 pecunia
1465 1890 1727 1929 Peffinuntem

325 1953 467 2006 ipsum,
489 1953 616 1991 sedem
637 1953 963 2007 domiciliumque
982 1955 1123 1993 Matris
1146 1956 1336 2001 Deorum,
1359 1956 1508 1996 vastariS
1523 1975 1537 2002 5
1569 1966 1607 1996 et
1627 1958 1724 1996 Bro-

324 2020 449 2071 gitaro
470 2019 712 2072 Gallograeco
726 2049 736 2065 ,
760 2020 916 2072 impuro
935 2019 1091 2059 homini
1111 2035 1153 2059 ac
1173 2020 1320 2060 nefario
1337 2051 1348 2066 ‚
1379 2024 1489 2074 cujus
1510 2022 1626 2076 legati
1644 2052 1656 2068 ‚
1688 2032 1725 2061 te

326 2086 483 2124 tribuno
500 2115 510 2130 ,
543 2086 711 2124 dividere
730 2087 770 2124 in
792 2087 869 2125 aede
891 2087 1055 2126 Castoris
1077 2088 1153 2126 tuis
1174 2089 1299 2141 operis
1319 2102 1502 2128 nummos
1524 2089 1693 2127 solebant
1710 2119 1721 2134 ‚

327 2162 455 2190 totum
484 2151 599 2190 illurn
626 2152 757 2191 locum
789 2152 1005 2206 fanumque
1036 2155 1277 2199 vendideris3
1310 2155 1541 2194 sacerdotem
1569 2156 1615 2194 ab
1636 2156 1722 2207 ipsis

326 2219 398 2256 aris
419 2218 757 2271 pulvinaribusque
777 2219 979 2258 detraxeris
996 2239 1007 2265 ς
1040 2221 1172 2258 omina
1191 2220 1255 2258 illa
1270 2249 1281 2265 ,
1313 2234 1397 2272 quae
1418 2221 1576 2259 vetustas
1595 2250 1606 2265 ‚
1638 2234 1723 2272 quae

329 2284 472 2328 Persae,
504 2298 588 2336 qua:
610 2284 719 2335 Syri,
750 2299 836 2337 quae
862 2299 966 2338 reges
994 2300 1153 2332 omnes,
1185 2286 1252 2339 qui
1286 2287 1482 2339 Europam
1513 2286 1722 2338 Asiamque

326 2360 546 2395 tenuerunt,
578 2349 725 2404 semper
744 2351 894 2389 summa
912 2353 1098 2406 religione
1118 2353 1334 2397 coluerunt,
1365 2353 1585 2404 perverteris
1602 2353 1615 2389 ?
1637 2365 1722 2403 quae

323 2419 493 2470 denique
514 2417 630 2456 nostri
650 2419 809 2471 majores
832 2428 909 2458 tam
931 2419 1053 2459 saneta
1073 2420 1265 2459 duxerunt
1283 2448 1294 2463 ‚
1328 2428 1369 2456 ut
1387 2448 1397 2463 ‚
1429 2432 1521 2458 cum
1542 2418 1719 2458 refertam

408 2486 480 2524 To
493 2498 544 2524 M.
576 2484 628 2525 V.
1272 2486 1311 2523 G
1340 2499 1366 2537 g
1394 2499 1420 2539 g
