2212 2835
667 164 810 204 PRO
868 162 1086 203 DOMO
1145 161 1292 201 SUA.
1599 175 1673 216 391

284 267 351 306 illa
371 267 567 321 rogatione
587 265 650 304 sua
668 266 727 304 vir
746 265 870 305 bonus
891 263 1100 303 dominum
1125 261 1160 300 se
1184 262 1226 300 in
1251 262 1349 301 meis
1378 260 1490 301 bonis
1516 260 1588 300 effe
1606 275 1677 300 vo-

284 333 409 373 luiffet
425 353 439 380 ;
470 343 600 373 tamen
625 333 695 372 illo
720 332 802 385 ipso
828 332 869 370 in
893 330 1022 370 furore
1047 329 1114 367 suo
1140 342 1220 367 non
1247 329 1300 367 est
1325 328 1434 366 ausus
1456 342 1584 366 meam
1603 328 1677 367 do-

282 413 396 439 mum
411 429 423 445 ‚
453 402 564 453 cujus
583 398 795 452 cupiditate
814 396 1075 435 inflammatus
1095 402 1173 432 erat
1186 422 1198 440 ,
1229 393 1412 446 poffidere
1430 409 1439 432 :
1472 395 1577 432 Deos
1598 395 1678 432 im-

282 466 464 506 mortales
498 465 738 509 existimatis,
768 464 878 515 cujus
913 462 1046 500 labore
1078 468 1116 498 et
1150 459 1309 498 consilio
1338 459 1402 497 sua
1435 460 1504 512 ipfi
1535 461 1681 514 templa

283 540 504 577 tenuerunt,
533 532 573 569 in
593 532 674 583 ejus
694 530 859 568 domum
877 527 1062 566 affiid‘tam
1081 534 1120 564 et
1138 526 1304 564 eversam
1324 539 1392 578 per
1412 527 1524 564 unius
1544 526 1679 566 homi-

283 599 342 636 nis
363 597 634 636 sceleratissimi
653 595 846 634 nefarium
865 593 1117 632 latrocinium
1137 592 1361 645 immigrare
1381 592 1538 631 voluifi'e
1556 593 1569 630 ?

337 664 444 702 Civis
475 662 528 701 est
557 676 674 700 nemo
705 662 745 699 in
777 669 884 699 tanto
913 659 1074 714 populo,
1105 667 1210 697 extra
1240 659 1538 698 contaminatam
1572 659 1682 698 illam

280 738 320 768 et
345 739 545 768 cruentam
574 729 618 768 Ρ.
642 728 774 767 Clodii
799 741 977 772 manum,
1009 726 1078 779 qui
1104 739 1187 763 rem
1215 725 1335 763 ullam
1362 725 1409 764 de
1438 726 1534 764 meis
1567 726 1679 764 bonis

248 788 252 792 ¹
281 797 452 849 attigerit
468 826 479 842 ,
510 796 580 848 qui
599 809 678 834 non
699 809 768 849 pro
788 795 862 833 suis
883 794 1022 847 opibus
1043 793 1085 831 in
1105 793 1171 831 illa
1192 792 1415 846 tempestate
1435 792 1648 831 defenderit
1666 808 1676 832 :

281 873 334 908 at,
363 863 433 916 qui
453 864 582 915 aliqua
600 861 636 900 se
659 862 887 915 contagione
906 860 1054 914 praedae,
1077 859 1279 905 societatis,
1298 860 1522 913 emptionis,
1544 870 1680 898 conta-

284 930 544 974 minaverunt,
562 929 707 968 nullius
727 942 853 981 neque
872 928 1025 982 privati,
1044 941 1169 980 neque
1187 927 1505 980 publici,judicii
1523 941 1681 980 poenam

282 996 449 1049 effugere
480 1005 703 1050 potuerunt.
736 997 798 1034 Ex
828 995 889 1034 his
921 995 1041 1048 igitur
1074 995 1186 1033 bonis
1205 1024 1215 1039 ,
1247 1008 1416 1047 quorum
1450 1007 1566 1032 nemo
1597 1007 1680 1032 rem

284 1063 406 1102 ullam
426 1063 569 1116 attigit,
587 1063 656 1116 qui
675 1076 753 1101 non
774 1063 955 1101 omnium
970 1061 1121 1114 judicio
1138 1061 1440 1099 sceleratiffimus
1460 1059 1680 1106 haberetur,

283 1131 354 1169 Dii
374 1131 612 1169 immortales
633 1130 797 1169 domum
819 1143 947 1168 meam
967 1129 1272 1181 concupiverunt
1291 1129 1304 1165 ?
1336 1128 1410 1166 Ista
1430 1137 1493 1166 tua
1519 1127 1684 1181 pulchra

283 1197 458 1236 Libertas
480 1198 584 1235 Deos
607 1197 766 1234 Penates
787 1204 824 1234 et
842 1195 1048 1233 familiares
1070 1207 1175 1232 meos
1197 1195 1312 1232 Lares
1333 1194 1508 1246 expulit,
1541 1203 1584 1231 ut
1604 1208 1623 1231 a
1644 1203 1681 1231 te

283 1263 363 1316 ipsa
382 1273 568 1315 tanquam
586 1263 627 1301 in
648 1263 809 1315 captivis
830 1262 980 1300 sedibus
1001 1261 1280 1299 collocaretur?
1301 1261 1410 1312 Qid
1430 1260 1482 1298 est
1502 1260 1679 1304 sandtius,

283 1330 379 1382 quid
399 1330 509 1368 omni
529 1329 716 1382 religione
735 1328 927 1367 munitius
945 1356 956 1373 ‚
988 1340 1107 1380 quam
1132 1327 1271 1365 domus
1298 1326 1596 1378 uniuscujusque
1622 1326 1681 1364 ci-

284 1396 393 1434 vium
412 1397 425 1434 ?
458 1396 539 1435 Hic
560 1409 629 1434 arae
649 1394 751 1440 sunt,
782 1393 848 1432 hic
868 1393 961 1438 foci,
992 1392 1058 1430 hic
1079 1393 1150 1430 Dii
1172 1394 1344 1437 Penates,
1368 1391 1434 1430 hic
1455 1392 1568 1437 sacra,
1591 1393 1680 1430 reli-

283 1462 430 1514 gioneS,
452 1461 700 1505 caeremoniae,
722 1461 998 1499 continentur:
1022 1457 1097 1496 hoc
1120 1457 1345 1510 perfugium
1364 1458 1417 1496 est
1437 1459 1489 1496 ita
1508 1458 1682 1497 sanctum

284 1529 483 1573 omnibus,
514 1537 558 1566 ut
577 1528 667 1566 inde
687 1526 809 1579 abripi
831 1525 1028 1564 neminem
1048 1523 1103 1562 fas
1126 1524 1183 1562 sit.

340 1595 473 1633 XLII.
507 1595 599 1646 Qo
625 1593 747 1646 magis
775 1592 828 1631 est
847 1591 954 1630 furor
973 1591 1079 1629 istius
1100 1590 1147 1628 ab
1168 1590 1323 1629 auribus
1343 1590 1471 1629 vestris
1492 1591 1681 1643 repellen-

287 1661 358 1699 dus
375 1689 386 1705 ‚
418 1661 512 1713 qui,
543 1674 628 1712 quae
655 1661 815 1711 majores
844 1658 960 1696 nostri
987 1657 1240 1710 religionibus
1269 1666 1350 1695 tuta
1370 1657 1481 1695 nobis
1502 1667 1539 1694 et
1559 1657 1684 1694 san&a

286 1726 357 1765 esse
377 1726 596 1771 voluerunt,
627 1739 668 1763 ea
688 1725 754 1763 iste
775 1738 853 1764 non
873 1724 997 1763 solum
1018 1732 1152 1762 contra
1171 1723 1399 1776 religionem
1427 1722 1681 1768 labefactavit,

287 1794 350 1832 sed
369 1795 486 1832 etiam
505 1793 619 1846 ipsius
640 1793 836 1845 religionis
858 1792 1016 1830 nomine
1036 1791 1186 1829 evertit.
1219 1791 1274 1828 At
1294 1804 1378 1842 quae
1399 1791 1482 1828 Dea
1501 1790 1581 1828 est?
1603 1791 1682 1828 Bo-

288 1874 378 1899 nam
398 1860 469 1899 effe
488 1868 639 1913 oportet
656 1889 667 1905 ,
698 1858 1016 1912 quandoquidem
1037 1857 1089 1896 est
1108 1857 1173 1896 abs
1196 1866 1232 1895 te
1259 1857 1443 1895 dedicata.
1477 1858 1653 1895 Libertas
1670 1886 1682 1902 ,

286 1927 418 1978 inquit
432 1955 443 1971 ‚
473 1926 538 1964 est.
572 1927 670 1964 Eam
692 1935 736 1963 tu
756 1926 875 1978 igitur
895 1925 1002 1963 domi
1022 1938 1117 1962 meae
1137 1923 1353 1967 collocasti,
1385 1938 1502 1976 quam
1523 1937 1568 1961 ex
1590 1923 1684 1960 urbe

287 2002 368 2031 tota
387 1992 565 2030 sustulisti
583 1993 596 2030 ?
629 1994 709 2037 Tu,
741 2006 834 2030 cum
855 1992 1020 2044 collegas
1041 2001 1142 2035 tuos,
1174 1991 1325 2028 summa
1344 1991 1526 2043 potestate
1544 1990 1684 2042 praedi-

290 2069 347 2098 tos
367 2088 377 2103 ,
409 2072 563 2111 negares
584 2059 723 2097 liberos
743 2058 842 2102 ess'e5
873 2072 964 2096 cum
986 2059 1025 2096 in
1048 2057 1243 2110 templum
1265 2058 1430 2096 Castoris
1452 2057 1575 2094 aditus
1596 2056 1685 2093 effer

290 2133 441 2178 apertus
462 2125 636 2168 nemini;
668 2137 759 2162 cum
781 2123 886 2162 hunc
907 2124 1156 2162 clariffimum
1184 2124 1309 2161 virum
1329 2152 1339 2167 ,
1371 2123 1525 2160 summo
1549 2135 1684 2173 genere

290 2201 440 2234 natum,
472 2189 633 2228 summis
653 2189 788 2242 populi
811 2189 1007 2227 beneficiis
1031 2189 1156 2233 usum,
1187 2187 1428 2240 pontificem,
1450 2197 1488 2225 et
1508 2186 1682 2224 consula-

292 2270 388 2300 rem,
419 2266 457 2293 et
491 2255 670 2307 fingulari
707 2256 876 2294 bonitate
909 2265 947 2293 et
982 2254 1166 2293 modestia
1199 2253 1419 2306 praeditum,
1450 2265 1568 2304 quem
1598 2251 1683 2288 satis

292 2321 423 2360 mirari
445 2321 586 2374 quibus
613 2321 735 2359 oculis
755 2321 917 2373 aspicere
943 2322 1076 2359 audeas
1098 2334 1176 2358 non
1197 2333 1311 2372 queo,
1342 2319 1519 2356 audiente
1539 2317 1687 2369 populo

293 2389 472 2426 Romano
493 2400 513 2424 a
533 2387 746 2440 pedisequis
769 2387 986 2425 conculcari
1001 2387 1184 2438 juberes;
1216 2399 1307 2422 cum
1325 2384 1592 2421 indemnatum
1614 2396 1683 2421 ex-

293 2455 461 2493 turbares
480 2482 490 2499 ,
522 2452 733 2506 privilegiis
761 2453 968 2503 tyrannicis
988 2452 1190 2504 irrogatis;
1222 2463 1312 2488 cum
1342 2450 1555 2502 principem
1581 2449 1685 2487 orbis
