<?xml version="1.0" encoding="UTF-8"?>
<!DOCTYPE html PUBLIC "-//W3C//DTD XHTML 1.0 Transitional//EN"
    "http://www.w3.org/TR/xhtml1/DTD/xhtml1-transitional.dtd">
<html xmlns="http://www.w3.org/1999/xhtml" xml:lang="en" lang="en">
 <head>
  <title>
</title>
<meta http-equiv="Content-Type" content="text/html;charset=utf-8" />
  <meta name='ocr-system' content='tesseract 3.04.00' />
  <meta name='ocr-capabilities' content='ocr_page ocr_carea ocr_par ocr_line ocrx_word'/>
</head>
<body>
  <div class='ocr_page' id='page_1' title='image "./operacumindicibu05ciceuoft_0254.png"; bbox 0 0 2212 2835; ppageno 0'>
   <div class='ocr_carea' id='block_1_1' title="bbox 437 194 1343 252">
    <p class='ocr_par' dir='ltr' id='par_1_1' title="bbox 437 194 1343 252">
     <span class='ocr_line' id='line_1_1' title="bbox 437 194 1343 252; baseline -0.013 -10"><span class='ocrx_word' id='word_1_1' title='bbox 437 214 513 252; x_wconf 83' lang='lat'>242</span> <span class='ocrx_word' id='word_1_2' title='bbox 943 194 1343 233; x_wconf 91' lang='lat' dir='ltr'>ORATIO</span> 
     </span>
    </p>
   </div>
   <div class='ocr_carea' id='block_1_2' title="bbox 434 294 1831 2528">
    <p class='ocr_par' dir='ltr' id='par_1_2' title="bbox 434 294 1825 548">
     <span class='ocr_line' id='line_1_2' title="bbox 434 294 1825 351; baseline -0.003 -12"><span class='ocrx_word' id='word_1_3' title='bbox 434 300 599 339; x_wconf 79' lang='lat' dir='ltr'>tribunis</span> <span class='ocrx_word' id='word_1_4' title='bbox 620 298 741 351; x_wconf 84' lang='lat' dir='ltr'>plebis</span> <span class='ocrx_word' id='word_1_5' title='bbox 763 297 887 341; x_wconf 82' lang='lat' dir='ltr'>detur,</span> <span class='ocrx_word' id='word_1_6' title='bbox 918 295 1076 349; x_wconf 85' lang='lat' dir='ltr'>depulso</span> <span class='ocrx_word' id='word_1_7' title='bbox 1096 295 1316 340; x_wconf 89' lang='lat' dir='ltr'>adversario,</span> <span class='ocrx_word' id='word_1_8' title='bbox 1353 294 1548 333; x_wconf 82' lang='lat' dir='ltr'><strong>seditionis</strong></span> <span class='ocrx_word' id='word_1_9' title='bbox 1568 306 1610 333; x_wconf 89' lang='lat' dir='ltr'>ac</span> <span class='ocrx_word' id='word_1_10' title='bbox 1630 294 1825 335; x_wconf 85' lang='lat' dir='ltr'>discordiae</span> 
     </span>
     <span class='ocr_line' id='line_1_3' title="bbox 434 361 1824 415; baseline -0.001 -12"><span class='ocrx_word' id='word_1_11' title='bbox 434 365 684 403; x_wconf 63' lang='lat' dir='ltr'>concitandas.</span> <span class='ocrx_word' id='word_1_12' title='bbox 733 363 891 402; x_wconf 87' lang='lat' dir='ltr'>Idemne</span> <span class='ocrx_word' id='word_1_13' title='bbox 929 363 1048 415; x_wconf 79' lang='lat' dir='ltr'>igitur</span> <span class='ocrx_word' id='word_1_14' title='bbox 1085 361 1220 400; x_wconf 64' lang='lat' dir='ltr'>delesti</span> <span class='ocrx_word' id='word_1_15' title='bbox 1258 361 1498 414; x_wconf 76' lang='lat' dir='ltr'>amplissimis</span> <span class='ocrx_word' id='word_1_16' title='bbox 1538 375 1586 400; x_wconf 87' lang='lat' dir='ltr'>ex</span> <span class='ocrx_word' id='word_1_17' title='bbox 1623 361 1824 401; x_wconf 84' lang='lat' dir='ltr'>ordinibus</span> 
     </span>
     <span class='ocr_line' id='line_1_4' title="bbox 434 427 1824 482; baseline -0.003 -13"><span class='ocrx_word' id='word_1_18' title='bbox 434 430 683 468; x_wconf 72' lang='lat' dir='ltr'>honestissimi</span> <span class='ocrx_word' id='word_1_19' title='bbox 703 439 817 482; x_wconf 80' lang='lat' dir='ltr'>atque</span> <span class='ocrx_word' id='word_1_20' title='bbox 838 428 1099 481; x_wconf 85' lang='lat' dir='ltr'>sapientiffimi</span> <span class='ocrx_word' id='word_1_21' title='bbox 1119 428 1190 466; x_wconf 90' lang='lat' dir='ltr'>viri</span> <span class='ocrx_word' id='word_1_22' title='bbox 1205 427 1452 479; x_wconf 84' lang='lat' dir='ltr'>judicabunt,</span> <span class='ocrx_word' id='word_1_23' title='bbox 1475 428 1579 479; x_wconf 90' lang='lat' dir='ltr'>quod</span> <span class='ocrx_word' id='word_1_24' title='bbox 1595 427 1661 465; x_wconf 90' lang='lat' dir='ltr'>ille</span> <span class='ocrx_word' id='word_1_25' title='bbox 1673 427 1824 480; x_wconf 87' lang='lat' dir='ltr'>impor-</span> 
     </span>
     <span class='ocr_line' id='line_1_5' title="bbox 434 493 1521 548; baseline -0.004 -14"><span class='ocrx_word' id='word_1_26' title='bbox 434 497 653 535; x_wconf 81' lang='lat' dir='ltr'>tuniffimus</span> <span class='ocrx_word' id='word_1_27' title='bbox 672 496 872 548; x_wconf 84' lang='lat' dir='ltr'>gladiator,</span> <span class='ocrx_word' id='word_1_28' title='bbox 903 493 1020 532; x_wconf 85' lang='lat' dir='ltr'>hostis</span> <span class='ocrx_word' id='word_1_29' title='bbox 1041 493 1276 546; x_wconf 89' lang='lat' dir='ltr'>reipublicae‚</span> <span class='ocrx_word' id='word_1_30' title='bbox 1301 493 1521 545; x_wconf 87' lang='lat' dir='ltr'>judicaret?</span> 
     </span>
    </p>

    <p class='ocr_par' dir='ltr' id='par_1_3' title="bbox 435 558 1829 1404">
     <span class='ocr_line' id='line_1_6' title="bbox 490 558 1825 612; baseline -0.003 -12"><span class='ocrx_word' id='word_1_31' title='bbox 490 561 598 600; x_wconf 84' lang='lat' dir='ltr'>Mihi</span> <span class='ocrx_word' id='word_1_32' title='bbox 620 562 776 607; x_wconf 85' lang='lat' dir='ltr'>credite,</span> <span class='ocrx_word' id='word_1_33' title='bbox 795 561 962 612; x_wconf 82' lang='lat' dir='ltr'>Judiees,</span> <span class='ocrx_word' id='word_1_34' title='bbox 983 560 1023 597; x_wconf 90' lang='lat' dir='ltr'>in</span> <span class='ocrx_word' id='word_1_35' title='bbox 1044 558 1116 597; x_wconf 85' lang='lat' dir='ltr'>hac</span> <span class='ocrx_word' id='word_1_36' title='bbox 1136 559 1243 597; x_wconf 87' lang='lat' dir='ltr'>causa</span> <span class='ocrx_word' id='word_1_37' title='bbox 1263 573 1340 597; x_wconf 86' lang='lat' dir='ltr'>non</span> <span class='ocrx_word' id='word_1_38' title='bbox 1361 558 1485 597; x_wconf 87' lang='lat' dir='ltr'>solum</span> <span class='ocrx_word' id='word_1_39' title='bbox 1505 559 1551 597; x_wconf 95' lang='lat' dir='ltr'>de</span> <span class='ocrx_word' id='word_1_40' title='bbox 1571 559 1621 597; x_wconf 89' lang='lat' dir='ltr'>L.</span> <span class='ocrx_word' id='word_1_41' title='bbox 1634 558 1825 603; x_wconf 85' lang='lat' dir='ltr'>Murenae,</span> 
     </span>
     <span class='ocr_line' id='line_1_7' title="bbox 435 624 1825 671; baseline -0.003 -4"><span class='ocrx_word' id='word_1_42' title='bbox 435 642 570 667; x_wconf 85' lang='lat' dir='ltr'>verum</span> <span class='ocrx_word' id='word_1_43' title='bbox 595 628 711 666; x_wconf 86' lang='lat' dir='ltr'>etiam</span> <span class='ocrx_word' id='word_1_44' title='bbox 739 628 784 665; x_wconf 92' lang='lat' dir='ltr'>de</span> <span class='ocrx_word' id='word_1_45' title='bbox 811 626 941 671; x_wconf 86' lang='lat' dir='ltr'>vestra,</span> <span class='ocrx_word' id='word_1_46' title='bbox 974 626 1090 664; x_wconf 82' lang='lat' dir='ltr'>salute</span> <span class='ocrx_word' id='word_1_47' title='bbox 1115 625 1341 664; x_wconf 83' lang='lat' dir='ltr'>sententiam</span> <span class='ocrx_word' id='word_1_48' title='bbox 1372 624 1515 664; x_wconf 84' lang='lat' dir='ltr'>feretis.</span> <span class='ocrx_word' id='word_1_49' title='bbox 1547 626 1594 663; x_wconf 91' lang='lat' dir='ltr'>In</span> <span class='ocrx_word' id='word_1_50' title='bbox 1621 624 1825 663; x_wconf 84' lang='lat' dir='ltr'>discrimen</span> 
     </span>
     <span class='ocr_line' id='line_1_8' title="bbox 436 690 1825 743; baseline -0.002 -11"><span class='ocrx_word' id='word_1_51' title='bbox 436 703 654 732; x_wconf 84' lang='lat' dir='ltr'>extremum</span> <span class='ocrx_word' id='word_1_52' title='bbox 675 694 850 731; x_wconf 76' lang='lat' dir='ltr'>venimus</span> <span class='ocrx_word' id='word_1_53' title='bbox 870 706 879 730; x_wconf 73' lang='grc' dir='ltr'>ε</span> <span class='ocrx_word' id='word_1_54' title='bbox 904 691 1002 729; x_wconf 88' lang='lat' dir='ltr'>nihil</span> <span class='ocrx_word' id='word_1_55' title='bbox 1022 691 1187 743; x_wconf 87' lang='lat' dir='ltr'>estjam,</span> <span class='ocrx_word' id='word_1_56' title='bbox 1210 691 1311 729; x_wconf 88' lang='lat' dir='ltr'>unde</span> <span class='ocrx_word' id='word_1_57' title='bbox 1330 705 1399 730; x_wconf 87' lang='lat' dir='ltr'>nos</span> <span class='ocrx_word' id='word_1_58' title='bbox 1419 691 1650 738; x_wconf 83' lang='lat' dir='ltr'>reficiamus,</span> <span class='ocrx_word' id='word_1_59' title='bbox 1672 700 1737 729; x_wconf 91' lang='lat' dir='ltr'>aut</span> <span class='ocrx_word' id='word_1_60' title='bbox 1757 690 1825 728; x_wconf 83' lang='lat' dir='ltr'>ubi</span> 
     </span>
     <span class='ocr_line' id='line_1_9' title="bbox 435 757 1826 813; baseline -0.002 -15"><span class='ocrx_word' id='word_1_61' title='bbox 435 761 526 813; x_wconf 77' lang='lat' dir='ltr'>lapsi</span> <span class='ocrx_word' id='word_1_62' title='bbox 557 760 781 799; x_wconf 80' lang='lat' dir='ltr'>resistamus.</span> <span class='ocrx_word' id='word_1_63' title='bbox 813 759 908 797; x_wconf 92' lang='lat' dir='ltr'>Non</span> <span class='ocrx_word' id='word_1_64' title='bbox 939 758 1064 796; x_wconf 89' lang='lat' dir='ltr'>solum</span> <span class='ocrx_word' id='word_1_65' title='bbox 1093 758 1302 798; x_wconf 89' lang='lat' dir='ltr'>minuenda</span> <span class='ocrx_word' id='word_1_66' title='bbox 1334 771 1412 796; x_wconf 87' lang='lat' dir='ltr'>non</span> <span class='ocrx_word' id='word_1_67' title='bbox 1444 758 1530 796; x_wconf 90' lang='lat' dir='ltr'>sunt</span> <span class='ocrx_word' id='word_1_68' title='bbox 1555 757 1710 804; x_wconf 81' lang='lat' dir='ltr'>auxilia,</span> <span class='ocrx_word' id='word_1_69' title='bbox 1741 770 1826 810; x_wconf 84' lang='lat' dir='ltr'>quae</span> 
     </span>
     <span class='ocr_line' id='line_1_10' title="bbox 435 823 1827 875; baseline -0.002 -11"><span class='ocrx_word' id='word_1_70' title='bbox 435 825 621 864; x_wconf 82' lang='lat' dir='ltr'>habemus</span> <span class='ocrx_word' id='word_1_71' title='bbox 638 843 650 870; x_wconf 86' lang='lat'>;</span> <span class='ocrx_word' id='word_1_72' title='bbox 682 825 744 862; x_wconf 90' lang='lat' dir='ltr'>sed</span> <span class='ocrx_word' id='word_1_73' title='bbox 774 824 891 862; x_wconf 86' lang='lat' dir='ltr'>etiam</span> <span class='ocrx_word' id='word_1_74' title='bbox 922 837 1032 868; x_wconf 89' lang='lat' dir='ltr'>nova,</span> <span class='ocrx_word' id='word_1_75' title='bbox 1063 823 1090 861; x_wconf 89' lang='lat' dir='ltr'><strong>fi</strong></span> <span class='ocrx_word' id='word_1_76' title='bbox 1121 823 1203 861; x_wconf 86' lang='lat' dir='ltr'>fieri</span> <span class='ocrx_word' id='word_1_77' title='bbox 1234 823 1359 875; x_wconf 75' lang='lat' dir='ltr'>possit,</span> <span class='ocrx_word' id='word_1_78' title='bbox 1390 824 1657 875; x_wconf 83' lang='lat' dir='ltr'>comparanda.</span> <span class='ocrx_word' id='word_1_79' title='bbox 1693 823 1827 862; x_wconf 89' lang='lat' dir='ltr'>Hostis</span> 
     </span>
     <span class='ocr_line' id='line_1_11' title="bbox 437 887 1826 942; baseline -0.002 -13"><span class='ocrx_word' id='word_1_80' title='bbox 437 891 489 929; x_wconf 87' lang='lat' dir='ltr'>est</span> <span class='ocrx_word' id='word_1_81' title='bbox 520 892 625 929; x_wconf 87' lang='lat' dir='ltr'>enim</span> <span class='ocrx_word' id='word_1_82' title='bbox 652 904 729 928; x_wconf 91' lang='lat' dir='ltr'>non</span> <span class='ocrx_word' id='word_1_83' title='bbox 757 889 858 942; x_wconf 86' lang='lat' dir='ltr'>apud</span> <span class='ocrx_word' id='word_1_84' title='bbox 885 889 1094 933; x_wconf 87' lang='lat' dir='ltr'>Anienem,</span> <span class='ocrx_word' id='word_1_85' title='bbox 1126 889 1231 940; x_wconf 92' lang='lat' dir='ltr'>quod</span> <span class='ocrx_word' id='word_1_86' title='bbox 1258 887 1360 926; x_wconf 90' lang='lat' dir='ltr'>bello</span> <span class='ocrx_word' id='word_1_87' title='bbox 1387 888 1536 926; x_wconf 90' lang='lat' dir='ltr'>Punico</span> <span class='ocrx_word' id='word_1_88' title='bbox 1563 888 1826 941; x_wconf 77' lang='lat' dir='ltr'>gravissimum</span> 
     </span>
     <span class='ocr_line' id='line_1_12' title="bbox 437 953 1828 1007; baseline -0.003 -12"><span class='ocrx_word' id='word_1_89' title='bbox 437 957 559 995; x_wconf 90' lang='lat' dir='ltr'>visum</span> <span class='ocrx_word' id='word_1_90' title='bbox 579 957 645 1003; x_wconf 88' lang='lat' dir='ltr'>est,</span> <span class='ocrx_word' id='word_1_91' title='bbox 676 956 736 994; x_wconf 89' lang='lat' dir='ltr'>sed</span> <span class='ocrx_word' id='word_1_92' title='bbox 759 957 797 993; x_wconf 89' lang='lat' dir='ltr'>in</span> <span class='ocrx_word' id='word_1_93' title='bbox 819 956 925 1000; x_wconf 87' lang='lat' dir='ltr'>urbe,</span> <span class='ocrx_word' id='word_1_94' title='bbox 956 956 995 993; x_wconf 88' lang='lat' dir='ltr'>in</span> <span class='ocrx_word' id='word_1_95' title='bbox 1015 954 1102 992; x_wconf 90' lang='lat' dir='ltr'>foro</span> <span class='ocrx_word' id='word_1_96' title='bbox 1120 969 1128 992; x_wconf 89' lang='lat'><strong>:</strong></span> <span class='ocrx_word' id='word_1_97' title='bbox 1165 954 1263 1006; x_wconf 81' lang='lat' dir='ltr'>(Dii</span> <span class='ocrx_word' id='word_1_98' title='bbox 1283 954 1521 992; x_wconf 83' lang='lat' dir='ltr'>immortales</span> <span class='ocrx_word' id='word_1_99' title='bbox 1540 953 1548 991; x_wconf 77' lang='lat' dir='ltr'>l</span> <span class='ocrx_word' id='word_1_100' title='bbox 1582 954 1658 992; x_wconf 89' lang='lat' dir='ltr'>fine</span> <span class='ocrx_word' id='word_1_101' title='bbox 1677 954 1828 1007; x_wconf 88' lang='lat' dir='ltr'>gemitu</span> 
     </span>
     <span class='ocr_line' id='line_1_13' title="bbox 436 1019 1826 1074; baseline -0.002 -14"><span class='ocrx_word' id='word_1_102' title='bbox 436 1021 512 1060; x_wconf 91' lang='lat' dir='ltr'>hoc</span> <span class='ocrx_word' id='word_1_103' title='bbox 534 1023 610 1060; x_wconf 87' lang='lat' dir='ltr'>dici</span> <span class='ocrx_word' id='word_1_104' title='bbox 630 1036 708 1060; x_wconf 93' lang='lat' dir='ltr'>non</span> <span class='ocrx_word' id='word_1_105' title='bbox 729 1022 868 1074; x_wconf 86' lang='lat' dir='ltr'>potest)</span> <span class='ocrx_word' id='word_1_106' title='bbox 893 1035 969 1059; x_wconf 86' lang='lat' dir='ltr'>non</span> <span class='ocrx_word' id='word_1_107' title='bbox 990 1035 1105 1059; x_wconf 87' lang='lat' dir='ltr'>nemo</span> <span class='ocrx_word' id='word_1_108' title='bbox 1126 1021 1241 1058; x_wconf 87' lang='lat' dir='ltr'>etiam</span> <span class='ocrx_word' id='word_1_109' title='bbox 1263 1021 1303 1058; x_wconf 87' lang='lat' dir='ltr'>in</span> <span class='ocrx_word' id='word_1_110' title='bbox 1324 1020 1394 1058; x_wconf 92' lang='lat' dir='ltr'>illo</span> <span class='ocrx_word' id='word_1_111' title='bbox 1413 1020 1570 1058; x_wconf 86' lang='lat' dir='ltr'>sacrario</span> <span class='ocrx_word' id='word_1_112' title='bbox 1590 1019 1826 1072; x_wconf 86' lang='lat' dir='ltr'>reipublicae,</span> 
     </span>
     <span class='ocr_line' id='line_1_14' title="bbox 437 1085 1829 1142; baseline -0.002 -16"><span class='ocrx_word' id='word_1_113' title='bbox 437 1089 477 1126; x_wconf 86' lang='lat' dir='ltr'>in</span> <span class='ocrx_word' id='word_1_114' title='bbox 512 1088 602 1142; x_wconf 82' lang='lat' dir='ltr'>ipsa,</span> <span class='ocrx_word' id='word_1_115' title='bbox 633 1089 808 1140; x_wconf 86' lang='lat' dir='ltr'>inquam,</span> <span class='ocrx_word' id='word_1_116' title='bbox 840 1088 958 1132; x_wconf 88' lang='lat' dir='ltr'>curia,</span> <span class='ocrx_word' id='word_1_117' title='bbox 995 1101 1072 1125; x_wconf 90' lang='lat' dir='ltr'>non</span> <span class='ocrx_word' id='word_1_118' title='bbox 1108 1101 1224 1124; x_wconf 90' lang='lat' dir='ltr'>nemo</span> <span class='ocrx_word' id='word_1_119' title='bbox 1254 1085 1370 1124; x_wconf 83' lang='lat' dir='ltr'>hostis</span> <span class='ocrx_word' id='word_1_120' title='bbox 1404 1086 1469 1124; x_wconf 88' lang='lat' dir='ltr'>est.</span> <span class='ocrx_word' id='word_1_121' title='bbox 1507 1086 1577 1124; x_wconf 91' lang='lat' dir='ltr'>Dii</span> <span class='ocrx_word' id='word_1_122' title='bbox 1610 1085 1748 1131; x_wconf 87' lang='lat' dir='ltr'>faxint,</span> <span class='ocrx_word' id='word_1_123' title='bbox 1786 1094 1829 1123; x_wconf 91' lang='lat' dir='ltr'>ut</span> 
     </span>
     <span class='ocr_line' id='line_1_15' title="bbox 437 1151 1828 1207; baseline -0.002 -15"><span class='ocrx_word' id='word_1_124' title='bbox 437 1168 546 1192; x_wconf 83' lang='lat' dir='ltr'>meus</span> <span class='ocrx_word' id='word_1_125' title='bbox 582 1155 743 1207; x_wconf 85' lang='lat' dir='ltr'>collega,</span> <span class='ocrx_word' id='word_1_126' title='bbox 775 1154 832 1192; x_wconf 79' lang='lat' dir='ltr'>vir</span> <span class='ocrx_word' id='word_1_127' title='bbox 862 1152 1101 1198; x_wconf 85' lang='lat' dir='ltr'>fortiffimus,</span> <span class='ocrx_word' id='word_1_128' title='bbox 1132 1151 1207 1190; x_wconf 90' lang='lat' dir='ltr'>hoc</span> <span class='ocrx_word' id='word_1_129' title='bbox 1239 1152 1417 1190; x_wconf 67' lang='lat' dir='ltr'>Catilinae</span> <span class='ocrx_word' id='word_1_130' title='bbox 1446 1151 1637 1189; x_wconf 88' lang='lat' dir='ltr'>nefarium</span> <span class='ocrx_word' id='word_1_131' title='bbox 1671 1151 1828 1190; x_wconf 90' lang='lat' dir='ltr'>latroci-</span> 
     </span>
     <span class='ocr_line' id='line_1_16' title="bbox 436 1217 1828 1272; baseline -0.003 -13"><span class='ocrx_word' id='word_1_132' title='bbox 436 1221 549 1259; x_wconf 87' lang='lat' dir='ltr'>nium</span> <span class='ocrx_word' id='word_1_133' title='bbox 569 1229 735 1258; x_wconf 86' lang='lat' dir='ltr'>armatus</span> <span class='ocrx_word' id='word_1_134' title='bbox 756 1220 950 1272; x_wconf 85' lang='lat' dir='ltr'>opprimat</span> <span class='ocrx_word' id='word_1_135' title='bbox 969 1218 975 1256; x_wconf 85' lang='lat'>!</span> <span class='ocrx_word' id='word_1_136' title='bbox 1009 1232 1080 1271; x_wconf 82' lang='lat' dir='ltr'>ego</span> <span class='ocrx_word' id='word_1_137' title='bbox 1100 1227 1266 1270; x_wconf 82' lang='lat' dir='ltr'>togatus,</span> <span class='ocrx_word' id='word_1_138' title='bbox 1296 1218 1405 1256; x_wconf 88' lang='lat' dir='ltr'>vobis</span> <span class='ocrx_word' id='word_1_139' title='bbox 1433 1217 1620 1270; x_wconf 89' lang='lat' dir='ltr'>bonisque</span> <span class='ocrx_word' id='word_1_140' title='bbox 1646 1218 1828 1256; x_wconf 89' lang='lat' dir='ltr'>omnibus</span> 
     </span>
     <span class='ocr_line' id='line_1_17' title="bbox 438 1283 1828 1339; baseline -0.001 -15"><span class='ocrx_word' id='word_1_141' title='bbox 438 1287 690 1339; x_wconf 82' lang='lat' dir='ltr'>adjutoribus,</span> <span class='ocrx_word' id='word_1_142' title='bbox 721 1285 811 1331; x_wconf 91' lang='lat' dir='ltr'>hoc,</span> <span class='ocrx_word' id='word_1_143' title='bbox 843 1286 947 1339; x_wconf 87' lang='lat' dir='ltr'>quod</span> <span class='ocrx_word' id='word_1_144' title='bbox 968 1294 1201 1338; x_wconf 89' lang='lat' dir='ltr'>conceptum</span> <span class='ocrx_word' id='word_1_145' title='bbox 1225 1283 1438 1337; x_wconf 87' lang='lat' dir='ltr'>respublica</span> <span class='ocrx_word' id='word_1_146' title='bbox 1456 1284 1675 1337; x_wconf 88' lang='lat' dir='ltr'>periculum</span> <span class='ocrx_word' id='word_1_147' title='bbox 1694 1293 1828 1337; x_wconf 88' lang='lat' dir='ltr'>partu-</span> 
     </span>
     <span class='ocr_line' id='line_1_18' title="bbox 438 1350 1302 1404; baseline -0.003 -12"><span class='ocrx_word' id='word_1_148' title='bbox 438 1354 502 1399; x_wconf 83' lang='lat' dir='ltr'>rit,</span> <span class='ocrx_word' id='word_1_149' title='bbox 533 1353 690 1392; x_wconf 88' lang='lat' dir='ltr'>confilio</span> <span class='ocrx_word' id='word_1_150' title='bbox 711 1353 926 1397; x_wconf 84' lang='lat' dir='ltr'>discutiam,</span> <span class='ocrx_word' id='word_1_151' title='bbox 958 1361 995 1390; x_wconf 91' lang='lat' dir='ltr'>et</span> <span class='ocrx_word' id='word_1_152' title='bbox 1015 1352 1273 1404; x_wconf 86' lang='lat' dir='ltr'>comprimam</span> <span class='ocrx_word' id='word_1_153' title='bbox 1295 1350 1302 1389; x_wconf 74' lang='lat' dir='ltr'>l</span> 
     </span>
    </p>

    <p class='ocr_par' dir='ltr' id='par_1_4' title="bbox 438 1416 1831 2198">
     <span class='ocr_line' id='line_1_19' title="bbox 495 1416 1828 1472; baseline -0.003 -14"><span class='ocrx_word' id='word_1_154' title='bbox 495 1420 567 1458; x_wconf 90' lang='lat' dir='ltr'>Sed</span> <span class='ocrx_word' id='word_1_155' title='bbox 598 1420 693 1472; x_wconf 89' lang='lat' dir='ltr'>quid</span> <span class='ocrx_word' id='word_1_156' title='bbox 724 1420 878 1457; x_wconf 86' lang='lat' dir='ltr'>tandem</span> <span class='ocrx_word' id='word_1_157' title='bbox 911 1418 990 1463; x_wconf 88' lang='lat' dir='ltr'>fiet,</span> <span class='ocrx_word' id='word_1_158' title='bbox 1023 1418 1048 1456; x_wconf 90' lang='lat' dir='ltr'>fi</span> <span class='ocrx_word' id='word_1_159' title='bbox 1079 1416 1162 1456; x_wconf 82' lang='lat' dir='ltr'>haec</span> <span class='ocrx_word' id='word_1_160' title='bbox 1193 1417 1315 1470; x_wconf 84' lang='lat' dir='ltr'>elapsa</span> <span class='ocrx_word' id='word_1_161' title='bbox 1344 1417 1390 1455; x_wconf 91' lang='lat' dir='ltr'>de</span> <span class='ocrx_word' id='word_1_162' title='bbox 1421 1417 1599 1456; x_wconf 87' lang='lat' dir='ltr'>manibus</span> <span class='ocrx_word' id='word_1_163' title='bbox 1626 1416 1761 1455; x_wconf 90' lang='lat' dir='ltr'>nostris</span> <span class='ocrx_word' id='word_1_164' title='bbox 1787 1416 1828 1454; x_wconf 89' lang='lat' dir='ltr'>in</span> 
     </span>
     <span class='ocr_line' id='line_1_20' title="bbox 438 1482 1829 1538; baseline -0.003 -13"><span class='ocrx_word' id='word_1_165' title='bbox 438 1500 530 1525; x_wconf 86' lang='lat' dir='ltr'>eum</span> <span class='ocrx_word' id='word_1_166' title='bbox 555 1500 714 1530; x_wconf 86' lang='lat' dir='ltr'>annum,</span> <span class='ocrx_word' id='word_1_167' title='bbox 746 1486 815 1538; x_wconf 88' lang='lat' dir='ltr'>qui</span> <span class='ocrx_word' id='word_1_168' title='bbox 840 1484 1100 1536; x_wconf 83' lang='lat' dir='ltr'>consequitur,</span> <span class='ocrx_word' id='word_1_169' title='bbox 1133 1483 1410 1522; x_wconf 88' lang='lat' dir='ltr'>redundarint?</span> <span class='ocrx_word' id='word_1_170' title='bbox 1442 1485 1555 1522; x_wconf 87' lang='lat' dir='ltr'>Unus</span> <span class='ocrx_word' id='word_1_171' title='bbox 1582 1483 1654 1521; x_wconf 86' lang='lat' dir='ltr'>erit</span> <span class='ocrx_word' id='word_1_172' title='bbox 1682 1482 1829 1528; x_wconf 86' lang='lat' dir='ltr'>consul,</span> 
     </span>
     <span class='ocr_line' id='line_1_21' title="bbox 439 1548 1829 1602; baseline -0.004 -11"><span class='ocrx_word' id='word_1_173' title='bbox 439 1562 476 1591; x_wconf 85' lang='lat' dir='ltr'>et</span> <span class='ocrx_word' id='word_1_174' title='bbox 496 1553 526 1590; x_wconf 83' lang='lat' dir='ltr'>is</span> <span class='ocrx_word' id='word_1_175' title='bbox 548 1566 624 1591; x_wconf 88' lang='lat' dir='ltr'>non</span> <span class='ocrx_word' id='word_1_176' title='bbox 647 1553 686 1589; x_wconf 90' lang='lat' dir='ltr'>in</span> <span class='ocrx_word' id='word_1_177' title='bbox 707 1550 1003 1589; x_wconf 84' lang='lat' dir='ltr'>administrando</span> <span class='ocrx_word' id='word_1_178' title='bbox 1024 1549 1142 1594; x_wconf 89' lang='lat' dir='ltr'>bello,</span> <span class='ocrx_word' id='word_1_179' title='bbox 1173 1549 1235 1587; x_wconf 91' lang='lat' dir='ltr'>sed</span> <span class='ocrx_word' id='word_1_180' title='bbox 1255 1549 1295 1587; x_wconf 86' lang='lat' dir='ltr'>in</span> <span class='ocrx_word' id='word_1_181' title='bbox 1322 1548 1544 1587; x_wconf 89' lang='lat' dir='ltr'>sufficiendo</span> <span class='ocrx_word' id='word_1_182' title='bbox 1568 1549 1729 1602; x_wconf 85' lang='lat' dir='ltr'>collega,</span> <span class='ocrx_word' id='word_1_183' title='bbox 1760 1561 1829 1587; x_wconf 91' lang='lat' dir='ltr'>oc-</span> 
     </span>
     <span class='ocr_line' id='line_1_22' title="bbox 439 1615 1828 1672; baseline -0.004 -14"><span class='ocrx_word' id='word_1_184' title='bbox 439 1628 611 1672; x_wconf 86' lang='lat' dir='ltr'>cupatus.</span> <span class='ocrx_word' id='word_1_185' title='bbox 642 1619 763 1656; x_wconf 90' lang='lat' dir='ltr'>Hunc</span> <span class='ocrx_word' id='word_1_186' title='bbox 778 1618 862 1670; x_wconf 85' lang='lat' dir='ltr'>jam</span> <span class='ocrx_word' id='word_1_187' title='bbox 882 1617 951 1669; x_wconf 91' lang='lat' dir='ltr'>qui</span> <span class='ocrx_word' id='word_1_188' title='bbox 970 1616 1198 1669; x_wconf 87' lang='lat' dir='ltr'>impedituri</span> <span class='ocrx_word' id='word_1_189' title='bbox 1218 1615 1290 1654; x_wconf 91' lang='lat' dir='ltr'>s1nt</span> <span class='ocrx_word' id='word_1_190' title='bbox 1304 1617 1396 1642; x_wconf 38' lang='grc' dir='ltr'>ΗΜ</span> <span class='ocrx_word' id='word_1_191' title='bbox 1413 1615 1480 1654; x_wconf 83' lang='lat' dir='ltr'>illa</span> <span class='ocrx_word' id='word_1_192' title='bbox 1498 1615 1609 1669; x_wconf 86' lang='lat' dir='ltr'>pestis</span> <span class='ocrx_word' id='word_1_193' title='bbox 1630 1615 1828 1660; x_wconf 85' lang='lat' dir='ltr'>immanis,</span> 
     </span>
     <span class='ocr_line' id='line_1_23' title="bbox 439 1680 1831 1738; baseline -0.003 -16"><span class='ocrx_word' id='word_1_194' title='bbox 439 1685 674 1738; x_wconf 86' lang='lat' dir='ltr'>importuna,</span> <span class='ocrx_word' id='word_1_195' title='bbox 709 1683 884 1721; x_wconf 87' lang='lat' dir='ltr'>Catilinae</span> <span class='ocrx_word' id='word_1_196' title='bbox 919 1689 1158 1735; x_wconf 90' lang='lat' dir='ltr'>prorumpet,</span> <span class='ocrx_word' id='word_1_197' title='bbox 1194 1694 1269 1733; x_wconf 88' lang='lat' dir='ltr'>qua</span> <span class='ocrx_word' id='word_1_198' title='bbox 1298 1681 1440 1732; x_wconf 88' lang='lat' dir='ltr'>poterit</span> <span class='ocrx_word' id='word_1_199' title='bbox 1457 1699 1469 1727; x_wconf 75' lang='lat'><em>3</em></span> <span class='ocrx_word' id='word_1_200' title='bbox 1501 1690 1539 1718; x_wconf 90' lang='lat' dir='ltr'>et</span> <span class='ocrx_word' id='word_1_201' title='bbox 1568 1682 1651 1733; x_wconf 86' lang='lat' dir='ltr'>jam</span> <span class='ocrx_word' id='word_1_202' title='bbox 1684 1680 1831 1733; x_wconf 90' lang='lat' dir='ltr'>populo</span> 
     </span>
     <span class='ocr_line' id='line_1_24' title="bbox 439 1746 1829 1800; baseline -0.005 -11"><span class='ocrx_word' id='word_1_203' title='bbox 439 1752 619 1790; x_wconf 80' lang='lat' dir='ltr'>Romano</span> <span class='ocrx_word' id='word_1_204' title='bbox 658 1750 858 1788; x_wconf 85' lang='lat' dir='ltr'>minatur:</span> <span class='ocrx_word' id='word_1_205' title='bbox 909 1749 949 1786; x_wconf 88' lang='lat' dir='ltr'>in</span> <span class='ocrx_word' id='word_1_206' title='bbox 987 1760 1094 1800; x_wconf 85' lang='lat' dir='ltr'>agros</span> <span class='ocrx_word' id='word_1_207' title='bbox 1134 1746 1368 1784; x_wconf 86' lang='lat' dir='ltr'>suburbanos</span> <span class='ocrx_word' id='word_1_208' title='bbox 1409 1756 1561 1798; x_wconf 88' lang='lat' dir='ltr'>repente</span> <span class='ocrx_word' id='word_1_209' title='bbox 1603 1746 1829 1783; x_wconf 86' lang='lat' dir='ltr'>advolabit:</span> 
     </span>
     <span class='ocr_line' id='line_1_25' title="bbox 439 1809 1829 1862; baseline -0.004 -9"><span class='ocrx_word' id='word_1_210' title='bbox 439 1815 646 1855; x_wconf 82' lang='lat' dir='ltr'>versabitur</span> <span class='ocrx_word' id='word_1_211' title='bbox 675 1815 716 1852; x_wconf 88' lang='lat' dir='ltr'>in</span> <span class='ocrx_word' id='word_1_212' title='bbox 746 1813 874 1852; x_wconf 85' lang='lat' dir='ltr'>castris</span> <span class='ocrx_word' id='word_1_213' title='bbox 907 1812 1027 1857; x_wconf 87' lang='lat' dir='ltr'>furor,</span> <span class='ocrx_word' id='word_1_214' title='bbox 1059 1812 1098 1849; x_wconf 89' lang='lat' dir='ltr'>in</span> <span class='ocrx_word' id='word_1_215' title='bbox 1131 1811 1237 1849; x_wconf 79' lang='lat' dir='ltr'>curia</span> <span class='ocrx_word' id='word_1_216' title='bbox 1262 1811 1393 1856; x_wconf 86' lang='lat' dir='ltr'>timor,</span> <span class='ocrx_word' id='word_1_217' title='bbox 1421 1811 1460 1848; x_wconf 86' lang='lat' dir='ltr'>in</span> <span class='ocrx_word' id='word_1_218' title='bbox 1488 1809 1573 1848; x_wconf 89' lang='lat' dir='ltr'>foro</span> <span class='ocrx_word' id='word_1_219' title='bbox 1599 1811 1829 1862; x_wconf 87' lang='lat' dir='ltr'>conjuratio,</span> 
     </span>
     <span class='ocr_line' id='line_1_26' title="bbox 439 1876 1829 1933; baseline -0.004 -14"><span class='ocrx_word' id='word_1_220' title='bbox 439 1881 478 1918; x_wconf 83' lang='lat' dir='ltr'>in</span> <span class='ocrx_word' id='word_1_221' title='bbox 514 1894 652 1933; x_wconf 79' lang='lat' dir='ltr'>campo</span> <span class='ocrx_word' id='word_1_222' title='bbox 687 1880 889 1924; x_wconf 83' lang='lat' dir='ltr'>exercitus,</span> <span class='ocrx_word' id='word_1_223' title='bbox 930 1879 969 1916; x_wconf 90' lang='lat' dir='ltr'>in</span> <span class='ocrx_word' id='word_1_224' title='bbox 1005 1878 1102 1930; x_wconf 77' lang='lat' dir='ltr'>agris</span> <span class='ocrx_word' id='word_1_225' title='bbox 1137 1877 1312 1915; x_wconf 79' lang='lat' dir='ltr'>vastitas:</span> <span class='ocrx_word' id='word_1_226' title='bbox 1353 1877 1462 1915; x_wconf 86' lang='lat' dir='ltr'>omni</span> <span class='ocrx_word' id='word_1_227' title='bbox 1500 1885 1628 1914; x_wconf 84' lang='lat' dir='ltr'>autem</span> <span class='ocrx_word' id='word_1_228' title='bbox 1667 1877 1707 1914; x_wconf 92' lang='lat' dir='ltr'>in</span> <span class='ocrx_word' id='word_1_229' title='bbox 1746 1876 1829 1914; x_wconf 86' lang='lat' dir='ltr'>sede</span> 
     </span>
     <span class='ocr_line' id='line_1_27' title="bbox 440 1942 1828 1995; baseline -0.005 -9"><span class='ocrx_word' id='word_1_230' title='bbox 440 1961 481 1985; x_wconf 83' lang='lat' dir='ltr'>ac</span> <span class='ocrx_word' id='word_1_231' title='bbox 516 1948 603 1985; x_wconf 90' lang='lat' dir='ltr'>loco</span> <span class='ocrx_word' id='word_1_232' title='bbox 637 1946 782 1984; x_wconf 85' lang='lat' dir='ltr'>ferrum</span> <span class='ocrx_word' id='word_1_233' title='bbox 817 1945 1093 1995; x_wconf 83' lang='lat' dir='ltr'>flammamque</span> <span class='ocrx_word' id='word_1_234' title='bbox 1127 1953 1359 1981; x_wconf 87' lang='lat' dir='ltr'>metuemus.</span> <span class='ocrx_word' id='word_1_235' title='bbox 1402 1944 1500 1994; x_wconf 81' lang='lat' dir='ltr'>Qae</span> <span class='ocrx_word' id='word_1_236' title='bbox 1529 1942 1682 1994; x_wconf 87' lang='lat' dir='ltr'>jamdiu</span> <span class='ocrx_word' id='word_1_237' title='bbox 1716 1956 1828 1980; x_wconf 90' lang='lat' dir='ltr'>com-</span> 
     </span>
     <span class='ocr_line' id='line_1_28' title="bbox 440 2008 1828 2066; baseline -0.003 -15"><span class='ocrx_word' id='word_1_238' title='bbox 440 2023 631 2066; x_wconf 81' lang='lat' dir='ltr'>parantur,</span> <span class='ocrx_word' id='word_1_239' title='bbox 663 2012 795 2049; x_wconf 81' lang='lat' dir='ltr'>cadem</span> <span class='ocrx_word' id='word_1_240' title='bbox 815 2011 882 2048; x_wconf 78' lang='lat' dir='ltr'>ista</span> <span class='ocrx_word' id='word_1_241' title='bbox 902 2010 1045 2054; x_wconf 87' lang='lat' dir='ltr'>omnia,</span> <span class='ocrx_word' id='word_1_242' title='bbox 1078 2009 1104 2047; x_wconf 85' lang='lat' dir='ltr'>fi</span> <span class='ocrx_word' id='word_1_243' title='bbox 1125 2018 1253 2047; x_wconf 81' lang='lat' dir='ltr'>ornata</span> <span class='ocrx_word' id='word_1_244' title='bbox 1273 2009 1346 2046; x_wconf 80' lang='lat' dir='ltr'>suis</span> <span class='ocrx_word' id='word_1_245' title='bbox 1372 2009 1550 2061; x_wconf 81' lang='lat' dir='ltr'>praefidiis</span> <span class='ocrx_word' id='word_1_246' title='bbox 1576 2008 1647 2046; x_wconf 88' lang='lat' dir='ltr'>erit</span> <span class='ocrx_word' id='word_1_247' title='bbox 1671 2008 1828 2061; x_wconf 90' lang='lat' dir='ltr'>respub-</span> 
     </span>
     <span class='ocr_line' id='line_1_29' title="bbox 439 2074 1828 2130; baseline -0.004 -13"><span class='ocrx_word' id='word_1_248' title='bbox 439 2080 525 2124; x_wconf 85' lang='lat' dir='ltr'>lica,</span> <span class='ocrx_word' id='word_1_249' title='bbox 557 2078 669 2117; x_wconf 79' lang='lat' dir='ltr'>facile</span> <span class='ocrx_word' id='word_1_250' title='bbox 689 2086 726 2115; x_wconf 89' lang='lat' dir='ltr'>et</span> <span class='ocrx_word' id='word_1_251' title='bbox 747 2077 1039 2130; x_wconf 82' lang='lat' dir='ltr'>magistratuum</span> <span class='ocrx_word' id='word_1_252' title='bbox 1068 2075 1248 2120; x_wconf 78' lang='lat' dir='ltr'>consiliis,</span> <span class='ocrx_word' id='word_1_253' title='bbox 1279 2084 1318 2112; x_wconf 88' lang='lat' dir='ltr'>et</span> <span class='ocrx_word' id='word_1_254' title='bbox 1346 2075 1584 2128; x_wconf 83' lang='lat' dir='ltr'>privatorum</span> <span class='ocrx_word' id='word_1_255' title='bbox 1613 2074 1828 2127; x_wconf 86' lang='lat' dir='ltr'>diligentia,</span> 
     </span>
     <span class='ocr_line' id='line_1_30' title="bbox 439 2144 720 2198; baseline -0.007 -14"><span class='ocrx_word' id='word_1_256' title='bbox 439 2144 720 2198; x_wconf 86' lang='lat' dir='ltr'>opprimentur.</span> 
     </span>
    </p>

    <p class='ocr_par' dir='ltr' id='par_1_5' title="bbox 436 2206 1830 2528">
     <span class='ocr_line' id='line_1_31' title="bbox 493 2206 1828 2261; baseline -0.005 -11"><span class='ocrx_word' id='word_1_257' title='bbox 493 2212 582 2250; x_wconf 85' lang='lat' dir='ltr'>XL.</span> <span class='ocrx_word' id='word_1_258' title='bbox 616 2211 714 2261; x_wconf 75' lang='lat' dir='ltr'>Qae</span> <span class='ocrx_word' id='word_1_259' title='bbox 734 2223 823 2247; x_wconf 89' lang='lat' dir='ltr'>cum</span> <span class='ocrx_word' id='word_1_260' title='bbox 846 2209 898 2246; x_wconf 86' lang='lat' dir='ltr'>ita</span> <span class='ocrx_word' id='word_1_261' title='bbox 918 2209 1014 2253; x_wconf 75' lang='lat' dir='ltr'>sint,</span> <span class='ocrx_word' id='word_1_262' title='bbox 1046 2207 1227 2259; x_wconf 88' lang='lat' dir='ltr'>Judices,</span> <span class='ocrx_word' id='word_1_263' title='bbox 1260 2207 1431 2260; x_wconf 90' lang='lat' dir='ltr'>primum</span> <span class='ocrx_word' id='word_1_264' title='bbox 1456 2206 1676 2259; x_wconf 85' lang='lat' dir='ltr'>reipublioae</span> <span class='ocrx_word' id='word_1_265' title='bbox 1696 2206 1828 2252; x_wconf 87' lang='lat' dir='ltr'>causa,</span> 
     </span>
     <span class='ocr_line' id='line_1_32' title="bbox 438 2272 1830 2330; baseline -0.003 -15"><span class='ocrx_word' id='word_1_266' title='bbox 438 2292 512 2330; x_wconf 88' lang='lat' dir='ltr'>qua</span> <span class='ocrx_word' id='word_1_267' title='bbox 534 2277 639 2315; x_wconf 86' lang='lat' dir='ltr'>nulla</span> <span class='ocrx_word' id='word_1_268' title='bbox 660 2290 715 2314; x_wconf 84' lang='lat' dir='ltr'>res</span> <span class='ocrx_word' id='word_1_269' title='bbox 742 2276 924 2327; x_wconf 81' lang='lat' dir='ltr'>cuiquam</span> <span class='ocrx_word' id='word_1_270' title='bbox 946 2274 1072 2327; x_wconf 85' lang='lat' dir='ltr'>potior</span> <span class='ocrx_word' id='word_1_271' title='bbox 1092 2274 1206 2311; x_wconf 81' lang='lat' dir='ltr'>debet</span> <span class='ocrx_word' id='word_1_272' title='bbox 1225 2273 1320 2318; x_wconf 78' lang='lat' dir='ltr'>effe,</span> <span class='ocrx_word' id='word_1_273' title='bbox 1351 2286 1416 2311; x_wconf 84' lang='lat' dir='ltr'>vos</span> <span class='ocrx_word' id='word_1_274' title='bbox 1432 2302 1442 2318; x_wconf 93' lang='lat'>,</span> <span class='ocrx_word' id='word_1_275' title='bbox 1473 2286 1542 2325; x_wconf 86' lang='lat' dir='ltr'>pro</span> <span class='ocrx_word' id='word_1_276' title='bbox 1570 2286 1654 2311; x_wconf 88' lang='lat' dir='ltr'>mea</span> <span class='ocrx_word' id='word_1_277' title='bbox 1679 2272 1830 2311; x_wconf 84' lang='lat' dir='ltr'>summa</span> 
     </span>
     <span class='ocr_line' id='line_1_33' title="bbox 439 2339 1828 2395; baseline -0.004 -13"><span class='ocrx_word' id='word_1_278' title='bbox 439 2354 474 2382; x_wconf 82' lang='lat' dir='ltr'>ct</span> <span class='ocrx_word' id='word_1_279' title='bbox 495 2344 603 2382; x_wconf 84' lang='lat' dir='ltr'>vobis</span> <span class='ocrx_word' id='word_1_280' title='bbox 624 2343 778 2395; x_wconf 84' lang='lat' dir='ltr'>cognita</span> <span class='ocrx_word' id='word_1_281' title='bbox 799 2343 837 2379; x_wconf 89' lang='lat' dir='ltr'>in</span> <span class='ocrx_word' id='word_1_282' title='bbox 860 2339 1142 2393; x_wconf 84' lang='lat' dir='ltr'>rempublicam</span> <span class='ocrx_word' id='word_1_283' title='bbox 1171 2339 1384 2391; x_wconf 85' lang='lat' dir='ltr'>diligentia,</span> <span class='ocrx_word' id='word_1_284' title='bbox 1415 2352 1568 2384; x_wconf 85' lang='lat' dir='ltr'>moneo,</span> <span class='ocrx_word' id='word_1_285' title='bbox 1601 2352 1669 2391; x_wconf 87' lang='lat' dir='ltr'>pro</span> <span class='ocrx_word' id='word_1_286' title='bbox 1696 2340 1828 2376; x_wconf 62' lang='lat' dir='ltr'>aucto-</span> 
     </span>
     <span class='ocr_line' id='line_1_34' title="bbox 438 2404 1828 2459; baseline -0.004 -12"><span class='ocrx_word' id='word_1_287' title='bbox 438 2410 547 2447; x_wconf 74' lang='lat' dir='ltr'>ritate</span> <span class='ocrx_word' id='word_1_288' title='bbox 579 2408 767 2447; x_wconf 83' lang='lat' dir='ltr'>consulari</span> <span class='ocrx_word' id='word_1_289' title='bbox 797 2407 943 2450; x_wconf 86' lang='lat' dir='ltr'>hortor,</span> <span class='ocrx_word' id='word_1_290' title='bbox 974 2420 1044 2459; x_wconf 88' lang='lat' dir='ltr'>pro</span> <span class='ocrx_word' id='word_1_291' title='bbox 1079 2405 1346 2457; x_wconf 77' lang='lat' dir='ltr'>magnitudine</span> <span class='ocrx_word' id='word_1_292' title='bbox 1382 2404 1544 2457; x_wconf 84' lang='lat' dir='ltr'>periculi</span> <span class='ocrx_word' id='word_1_293' title='bbox 1575 2404 1754 2449; x_wconf 83' lang='lat' dir='ltr'>obtestor,</span> <span class='ocrx_word' id='word_1_294' title='bbox 1786 2410 1828 2440; x_wconf 87' lang='lat' dir='ltr'>ut</span> 
     </span>
     <span class='ocr_line' id='line_1_35' title="bbox 436 2469 1826 2528; baseline -0.005 -15"><span class='ocrx_word' id='word_1_295' title='bbox 436 2475 530 2520; x_wconf 83' lang='lat' dir='ltr'>otio,</span> <span class='ocrx_word' id='word_1_296' title='bbox 563 2484 605 2513; x_wconf 86' lang='lat' dir='ltr'>ut</span> <span class='ocrx_word' id='word_1_297' title='bbox 634 2476 731 2528; x_wconf 82' lang='lat' dir='ltr'>paci,</span> <span class='ocrx_word' id='word_1_298' title='bbox 763 2484 804 2513; x_wconf 88' lang='lat' dir='ltr'>ut</span> <span class='ocrx_word' id='word_1_299' title='bbox 836 2473 960 2518; x_wconf 79' lang='lat' dir='ltr'>saluti,</span> <span class='ocrx_word' id='word_1_300' title='bbox 992 2482 1034 2510; x_wconf 85' lang='lat' dir='ltr'>ut</span> <span class='ocrx_word' id='word_1_301' title='bbox 1062 2472 1147 2511; x_wconf 79' lang='lat' dir='ltr'>vita:</span> <span class='ocrx_word' id='word_1_302' title='bbox 1176 2471 1316 2518; x_wconf 78' lang='lat' dir='ltr'>vestrae,</span> <span class='ocrx_word' id='word_1_303' title='bbox 1347 2480 1384 2509; x_wconf 84' lang='lat' dir='ltr'>et</span> <span class='ocrx_word' id='word_1_304' title='bbox 1411 2480 1636 2510; x_wconf 81' lang='lat' dir='ltr'>caeterorum</span> <span class='ocrx_word' id='word_1_305' title='bbox 1664 2469 1826 2512; x_wconf 76' lang='lat' dir='ltr'>civium,</span> 
     </span>
    </p>
   </div>
  </div>
 </body>
</html>
