2212 2835
525 172 600 225 37&
1019 164 1421 201 ORAllo

580 266 710 305 XXV.
746 264 879 314 Itaque
910 257 1093 297 infraffiis
1121 256 1228 296 furor
1259 265 1347 296 tuus
1379 257 1508 296 inanes
1539 256 1703 296 faciebat
1733 258 1916 311 impetus.

526 334 701 370 Omnem
719 329 822 367 enim
841 327 920 364 vim
937 324 1119 363 omnium
1140 323 1407 362 sceleratorum
1429 324 1610 362 acerbitas
1629 324 1706 362 mei
1727 325 1830 363 casus
1850 338 1919 363 ex-

524 407 674 451 ceperat
694 412 702 434 :
727 409 806 434 non
827 402 905 432 erat
924 393 964 430 in
986 402 1065 430 tarn
1086 391 1250 430 immani
1270 391 1423 442 injuria,
1446 391 1636 444 tantisque
1656 391 1793 436 ruinis,
1813 404 1920 429 novae

524 463 744 503 crudelitati
764 462 886 500 locus,
919 460 1017 497 Cato
1037 457 1161 496 fuerat
1181 456 1395 510 proximus.
1429 457 1538 508 Qid
1557 471 1698 509 ageres,
1721 471 1799 495 non
1818 466 1918 502 erat;

526 532 594 570 nis1
616 539 672 575 ut,
690 528 757 582 qui
778 525 878 566 mihi
898 526 977 564 dux
993 525 1176 563 omnibus
1197 524 1238 561 in
1259 523 1371 561 rebus
1389 522 1524 569 fuerat,
1541 524 1644 562 idem
1666 523 1754 562 effet
1774 523 1921 576 injuriae

527 598 661 636 socius.
695 594 803 645 Qid
831 592 982 646 poffes?
1014 591 1214 629 extrudere
1244 590 1291 628 ad
1324 590 1509 642 Cypriam
1541 591 1760 643 pecuniam.
1793 589 1924 629 Praeda

525 663 692 716 perierit.
725 660 814 698 Alia
848 672 926 697 non
960 657 1104 696 deerit:
1137 655 1243 694 hunc
1278 657 1396 694 modo
1429 657 1714 695 amandandum
1746 655 1830 694 effe.
1864 655 1924 694 Sic

528 731 590 768 M.
620 730 744 772 Cato,
777 724 944 769 invisus,
976 723 1079 775 quafi
1115 736 1182 775 per
1213 723 1472 768 beneficium,
1504 724 1681 776 Cyprum
1717 723 1918 775 relegatur.

528 795 749 847 Ejiciuntur
781 792 872 835 duo,
903 802 1001 842 quos
1031 788 1205 841 improbi
1237 787 1363 825 videre
1394 801 1471 826 non
1503 797 1703 840 poterant:
1736 789 1831 827 alter
1858 802 1923 841 per

527 861 715 900 honorem
737 856 1001 910 turpiffimum
1016 874 1028 900 5
1061 854 1155 893 alter
1175 867 1241 907 per
1260 853 1562 892 honestiffimam
1584 855 1854 893 calamitatem.

584 929 731 979 Atque,
763 934 807 963 ut
827 923 967 968 sciatis,
995 935 1074 961 non
1095 921 1325 960 hominibus
1345 921 1478 966 istum,
1509 921 1572 959 sed
1592 921 1813 966 virtutibus,
1833 920 1923 959 hos-

528 1005 607 1033 tem
629 994 777 1046 semper
796 989 925 1035 fuifl‘e5
944 1003 1007 1028 me
1026 988 1198 1042 expulso,
1219 989 1367 1027 Ca-tone
1387 988 1605 1033 amandato,
1628 988 1666 1026 in
1686 1001 1777 1026 eum
1798 987 1926 1040 ipsum

529 1062 563 1100 se
583 1059 773 1098 convertit
792 1087 801 1103 ‚
835 1070 913 1110 quo
934 1058 1086 1094 auctore
1102 1085 1113 1101 ‚
1146 1069 1225 1108 quo
1245 1055 1416 1107 adjutore
1434 1084 1445 1100 ,
1477 1055 1517 1092 in
1538 1055 1792 1093 concionibus
1812 1083 1823 1100 ‚
1854 1067 1895 1092 ea
1913 1083 1923 1099 ,

529 1142 614 1181 quae
637 1126 804 1179 gerebat,
835 1123 981 1169 omnia,
1013 1135 1174 1176 quaeque
1200 1121 1369 1175 gesserat,
1401 1121 1436 1159 se
1458 1120 1599 1167 feciffe,
1630 1131 1667 1160 et
1695 1120 1833 1166 facere,
1864 1121 1924 1159 di-

529 1195 652 1233 cebat.
687 1194 762 1230 Cn.
788 1189 1035 1242 Pompeium,
1067 1202 1184 1241 quem
1205 1188 1386 1227 omnium
1401 1188 1552 1240 judicio
1574 1187 1691 1240 longe
1710 1187 1926 1240 principem

531 1260 603 1299 effe
635 1258 799 1297 civitatis
832 1256 1012 1301 videbat,
1043 1256 1189 1294 diutius
1217 1254 1338 1294 furori
1366 1255 1432 1293 suo
1459 1255 1611 1294 veniam
1635 1255 1820 1293 daturum
1848 1267 1927 1292 non

532 1326 798 1365 arbitrabatur.
818 1323 900 1374 Qi
920 1336 967 1361 ex
987 1323 1067 1375 ejus
1088 1322 1259 1360 custodia
1275 1335 1341 1375 per
1357 1321 1506 1360 infidias
1528 1321 1624 1374 regis
1647 1321 1763 1359 amici
1782 1320 1924 1365 filium,

530 1393 680 1432 hostem
702 1391 900 1443 captivum
919 1419 928 1434 ‚
960 1387 1220 1440 surripuisset,
1252 1396 1290 1426 et
1310 1401 1352 1425 ea
1371 1388 1508 1440 injuria
1531 1389 1657 1426 virum
1678 1386 1927 1426 fortiffimum

530 1458 751 1500 laceffiffet;
785 1456 945 1509 speravit
973 1454 1108 1492 iisdem
1137 1453 1172 1491 se
1199 1454 1319 1506 copiis
1353 1467 1445 1492 curn
1477 1454 1546 1492 illo
1574 1453 1675 1506 poffe
1703 1453 1925 1506 confligere,

532 1524 766 1579 quibuscum
793 1536 864 1574 ego
891 1520 1093 1560 noluissem
1121 1520 1313 1558 bonorum
1342 1520 1513 1573 periculo
1541 1520 1750 1558 dimicare:
1783 1528 1821 1557 et
1847 1519 1928 1572 pri-

531 1606 599 1630 mo
619 1590 777 1643 quidem
795 1618 805 1633 ,
837 1587 1075 1640 adjutoribus
1097 1585 1317 1624 consulibus
1336 1600 1344 1625 :
1377 1586 1505 1639 postea
1521 1584 1637 1639 fregit
1654 1584 1782 1625 foedus
1803 1585 1930 1623 Gabi-

534 1659 650 1703 nius;
685 1656 770 1709 Piso
802 1664 930 1694 tamen
963 1655 1003 1692 in
1035 1653 1110 1691 fide
1139 1653 1289 1692 mansit.
1323 1653 1429 1705 Qas
1460 1653 1527 1692 iste
1556 1662 1642 1692 tum
1672 1652 1805 1698 caedes,
1833 1665 1929 1705 quas

533 1724 800 1778 lapidationes,
832 1735 924 1774 quas
945 1719 1070 1772 fugam,
1098 1718 1247 1764 fecerit,
1269 1733 1388 1772 quam
1408 1719 1520 1757 facile
1540 1719 1654 1765 ferro,
1677 1717 1929 1771 quotidianis-

533 1806 609 1845 que
629 1791 771 1829 insidiis
787 1819 797 1834 ,
829 1802 920 1827 cum
936 1789 1019 1840 jam
1040 1800 1060 1824 a
1081 1786 1296 1825 firmiffimo
1317 1786 1452 1824 robore
1472 1786 1673 1838 copiarum
1695 1785 1847 1823 suarum
1868 1799 1927 1823 re-

534 1856 647 1896 lictus
668 1856 757 1894 effet
771 1885 781 1900 ,
815 1856 890 1892 Cn.
915 1853 1148 1906 Pompeium
1169 1851 1255 1891 foro
1274 1853 1456 1904 curiaque
1476 1852 1656 1905 privarit,
1687 1852 1931 1904 domumque

535 1923 757 1975 conjecerit,
789 1920 932 1959 vidistis
954 1935 962 1958 :
995 1933 1041 1958 ex
1077 1933 1155 1972 quo
1184 1919 1358 1972 judicare
1392 1918 1560 1971 potestiS‚
1598 1927 1740 1971 quanta
1775 1918 1830 1957 vis
1865 1918 1931 1957 illa

535 1989 652 2028 fuerit
672 1989 819 2032 oriens,
851 1995 887 2024 et
908 1995 1156 2039 congregata,
1187 1999 1278 2024 cum
1299 1984 1381 2025 haec
1403 1986 1478 2025 Cn.
1502 1985 1735 2038 Pompeium
1757 1984 1932 2023 terruerit

530 2058 612 2110 jam
634 2054 819 2098 disti-acia,
850 2062 887 2090 et
907 2053 1087 2091 extinffia,

593 2121 745 2160 XXVI.
779 2121 870 2158 Hoc
891 2119 987 2157 vidit
1009 2119 1048 2157 in
1070 2117 1255 2157 sententia
1274 2118 1436 2156 dicenda
1456 2117 1639 2156 Kalendis
1660 2117 1848 2169 Januariis
1875 2117 1947 2155 vir'

538 2187 867 2242 prudentifiimus‚
899 2194 936 2223 et
957 2199 1049 2224 curn
1071 2185 1307 2238 reipublicae,
1327 2194 1411 2223 tum
1434 2183 1547 2230 mihi,
1581 2193 1666 2223 tum
1692 2184 1808 2222 etiarn
1831 2184 1930 2222 veri-

540 2255 624 2299 tati,
646 2253 911 2297 amiciflimus,
944 2253 992 2290 L.
1017 2253 1146 2297 Cotta,
1178 2252 1246 2305 qui
1267 2251 1392 2305 legem
1414 2252 1460 2290 de
1481 2265 1568 2290 meo
1592 2251 1716 2289 reditu
1737 2249 1931 2288 ferendam

542 2335 618 2360 non
641 2320 788 2358 censuit
808 2334 816 2357 ε
851 2326 878 2342 “
901 2319 969 2371 qui
991 2332 1053 2357 me
1074 2318 1301 2357 consuluiffe
1321 2319 1544 2372 reipublicae
1562 2348 1572 2364 ,
1603 2316 1741 2356 cefliffe
1762 2315 1927 2369 tempes-

542 2396 568 2412 “
591 2387 684 2432 tati;
704 2386 929 2425 amiciorem
950 2386 1058 2424 vobis
1079 2385 1298 2438 caeterisque
1317 2385 1481 2431 civibus,
1499 2399 1616 2438 quam
1638 2383 1739 2423 mihi
1759 2396 1802 2421 ac
1822 2382 1934 2426 meis,

541 2461 571 2479 “
592 2453 781 2499 extitisse,
814 2453 865 2498 vi,
896 2453 1027 2499 armis,
1049 2452 1268 2492 diffenfione
1287 2451 1494 2492 hominum
1517 2451 1564 2490 ad
1583 2451 1726 2490 caedem
1747 2449 1932 2494 instituta,
