2212 2835
660 154 796 197 PRO
856 145 1041 190 LEGE
1100 134 1450 182 MANILIA.
1731 139 1757 180 7

361 265 522 308 facultas
543 261 628 306 erit,
647 263 802 312 propter
820 249 1081 291 calamitatem
1097 263 1109 291 ;
1141 252 1269 294 neque
1288 236 1372 277 aliis
1392 233 1584 274 voluntas,
1607 233 1764 280 propter

361 344 561 374 timorem.

426 395 594 439 Deinde,
625 388 731 444 quod
751 398 820 425 nos
840 382 975 421 eadem
996 377 1099 422 Asia,
1131 384 1247 426 atque
1279 370 1383 409 idem
1410 365 1477 405 iste
1497 358 1766 402 Mithridates,

366 466 480 506 initio
500 461 594 501 belli
614 454 773 497 Afiatici
799 449 961 493 docuit3
994 446 1034 484 id
1065 441 1224 496 quidem
1256 446 1371 480 certe,
1402 429 1621 471 calamitate
1648 423 1766 468 dotti,

368 530 558 573 memoria
577 526 738 565 retinere
757 521 958 559 debemus.
991 513 1099 552 Nam
1119 518 1220 552 turn,
1243 518 1334 544 cum
1356 503 1397 540 in
1418 498 1505 538 Afia
1525 509 1582 534 res
1612 503 1768 544 magnas

370 596 557 653 permulti
589 591 810 631 amiserunt,
846 584 988 623 scimus
1010 580 1163 620 Romae,
1197 570 1387 611 solutione
1419 562 1620 617 impedita,
1652 558 1770 596 fidem

370 661 604 704 concidiffe:
637 670 716 696 non
735 653 840 692 enim
862 648 1014 704 poffunt
1049 657 1124 682 una
1154 641 1195 679 in
1214 638 1368 676 civitate
1398 629 1515 671 multi
1546 639 1629 666 rem
1658 633 1774 676 atque

372 731 547 770 fortunas
567 725 758 766 amittere,
790 728 833 757 ut
864 729 941 755 non
962 712 1088 767 plures
1111 708 1241 747 secum
1272 703 1313 741 in
1332 698 1494 739 eandem
1515 690 1775 733 calamitatem

375 797 541 837 trahant.
573 795 610 832 A
630 803 709 844 quo
730 783 901 841 periculo
934 777 1137 834 prohibete
1157 768 1440 824 rempublicam
1455 782 1467 809 ς
1499 771 1537 800 et
1569 756 1670 798 mihi
1690 767 1775 794 cre-

376 866 470 910 dite,
485 863 525 901 id
544 859 651 914 quod
670 855 740 909 ipfi
761 850 913 895 videtis,
929 847 1011 885 haec
1032 843 1141 887 fides,
1154 849 1269 892 atque
1289 835 1372 874 haec
1393 831 1488 871 ratio
1509 824 1778 881 pecuniarum,

379 945 465 984 quae
485 931 638 970 Romae,
660 936 745 976 quae
765 921 805 958 in
826 917 925 961 foro,
946 911 1126 954 versatur,
1154 903 1347 958 implicita
1373 899 1426 937 est
1445 909 1539 935 cum
1559 892 1636 931 illis
1658 901 1779 943 pecu-

381 999 456 1037 niis
478 992 670 1035 Afiaticis,
702 997 740 1026 et
759 984 938 1024 cohaeret.
971 980 1099 1017 Ruere
1129 974 1196 1013 illa
1214 984 1292 1010 non
1325 966 1492 1022 poffunt,
1527 970 1571 999 ut
1600 958 1682 996 haec
1704 968 1782 993 non

382 1064 521 1104 eodem
540 1056 765 1098 labefactata
784 1058 896 1089 motu
916 1043 1137 1085 concidant.
1169 1040 1299 1089 Qare
1318 1034 1458 1075 videte,
1480 1041 1577 1067 num
1598 1023 1784 1063 dubitan-

384 1132 481 1170 dum
500 1126 611 1166 vobis
631 1122 690 1166 fit,
711 1117 822 1157 omni
841 1112 966 1152 studio
986 1109 1033 1147 ad
1052 1107 1093 1145 id
1112 1105 1262 1144 bellum
1282 1097 1523 1139 incumbere,
1539 1093 1579 1130 in
1600 1103 1678 1143 quo
1697 1087 1786 1140 glo-

387 1198 441 1236 ria
460 1190 631 1234 nominis
652 1185 778 1228 vestri,
811 1181 907 1219 salus
935 1176 1141 1216 sociorum,
1176 1165 1374 1219 vectigalia
1403 1161 1588 1202 maxima,
1623 1155 1787 1193 fortunae

387 1262 652 1318 plurimorum
671 1252 834 1295 civium,
856 1259 947 1285 cum
969 1239 1168 1296 republica
1187 1233 1461 1274 defenduntur.

444 1329 560 1368 VIII.
593 1321 795 1375 Qoniam
826 1316 872 1355 de
898 1324 1035 1367 genere
1055 1307 1149 1347 belli
1171 1304 1267 1347 dixi,
1305 1312 1409 1338 nunc
1442 1296 1488 1333 de
1520 1287 1790 1344 magnitudine

390 1409 512 1452 pauca
531 1393 674 1432 dicam.
707 1383 835 1425 Potest
855 1380 961 1420 enim
980 1376 1056 1415 hoc
1077 1373 1182 1412 dici:
1209 1368 1303 1408 belli
1324 1376 1444 1419 genus
1464 1359 1535 1399 esse
1554 1359 1607 1396 ita
1626 1352 1790 1394 neceffa-

392 1465 511 1507 rium,
526 1468 570 1499 ut
582 1458 627 1497 fit
645 1452 880 1510 gerendum;
902 1459 982 1486 non
1001 1442 1072 1482 effe
1093 1441 1147 1479 ita
1167 1447 1371 1489 magnum,
1387 1440 1431 1469 ut
1452 1428 1496 1467 fit
1516 1420 1791 1479 pertimescen-

394 1531 505 1570 dum.
528 1528 575 1566 In
595 1537 674 1578 quo
693 1518 864 1560 maxime
884 1509 1139 1552 laborandum
1158 1504 1225 1549 cst,
1248 1515 1296 1541 ne
1315 1499 1414 1539 forte
1434 1510 1456 1534 a
1474 1493 1598 1536 vobis,
1627 1502 1712 1542 quae
1732 1486 1794 1524 di-

396 1592 645 1649 ligentiffime
666 1582 901 1642 providenda
921 1580 1022 1622 sunt,
1045 1567 1332 1613 contemnenda
1350 1564 1423 1604 effe
1441 1561 1657 1601 videantur.

446 1665 593 1713 Atque,
615 1666 658 1694 ut
678 1665 812 1693 omnes
834 1646 1067 1699 intelligant,
1086 1653 1149 1679 me
1170 1639 1219 1676 L.
1243 1632 1413 1674 Lucullo
1433 1637 1588 1668 tantum
1608 1618 1800 1674 impertiri

399 1728 538 1772 laudis,
569 1730 760 1777 quantum
794 1714 887 1755 forti
911 1713 1007 1756 viro,
1037 1717 1076 1746 et
1097 1701 1370 1759 sapientiffimo
1389 1693 1558 1737 homini,
1590 1700 1628 1728 et
1658 1699 1800 1738 magno

402 1791 638 1848 imperatori,
671 1787 877 1827 debeatur;
910 1779 1011 1822 dico,
1046 1776 1126 1828 ejus
1159 1771 1325 1810 adventu
1345 1763 1534 1804 maximas
1556 1752 1801 1796 Mithridatis

402 1863 532 1916 copias
552 1856 736 1898 omnibus
757 1851 869 1890 rebus
890 1854 1039 1886 ornatas
1059 1851 1176 1894 atque
1195 1835 1393 1876 instructas
1415 1827 1525 1868 fuiffe
1541 1844 1552 1871 3
1587 1823 1805 1872 urbemque

405 1929 503 1969 Afiae
523 1922 782 1965 clariffimam‚
798 1914 984 1966 nobisque
999 1906 1282 1949 amiciffimam‚
1301 1898 1604 1952 Cyzicenorum,
1622 1887 1805 1927 obsessam

406 1996 477 2035 effe
496 1995 542 2033 ab
564 1991 645 2046 ipso
666 2001 753 2040 rege
774 1983 943 2024 maxima
964 1973 1233 2017 multitudine,
1256 1977 1293 2006 et
1309 1970 1574 2019 oppugnatam
1592 1955 1805 1995 vehemen-

409 2063 563 2106 tissime,
585 2070 702 2112 quam
723 2055 771 2092 L.
796 2047 986 2090 Lucullus
1008 2044 1163 2084 virtute,
1192 2034 1418 2076 assiduitate,
1440 2026 1613 2069 consilio,
1646 2019 1807 2060 summis

409 2127 617 2169 obsidionis
657 2118 838 2177 periculis
872 2112 1050 2153 liberavit
1073 2124 1081 2147 :
1125 2107 1172 2144 ab
1204 2103 1340 2141 eodem
1379 2099 1610 2149 imperatore
1656 2085 1809 2126 classem

412 2207 593 2248 magnam
613 2200 651 2229 et
671 2196 858 2229 ornatam,
892 2195 977 2234 quae
1007 2176 1171 2216 ducibus
1193 2166 1416 2210 Sertorianis
1448 2162 1493 2200 ad
1514 2158 1667 2198 Italiam
1687 2152 1810 2192 studio

414 2262 654 2301 inflammato
676 2261 882 2306 raperetur,
912 2247 1123 2299 superatam
1145 2238 1217 2277 esse
1247 2245 1362 2286 atque
1383 2226 1589 2282 depressam
1613 2238 1622 2261 ι
1656 2230 1812 2270 magnas

414 2326 586 2366 hostium
607 2331 783 2375 praeterea
801 2315 930 2368 copias
952 2309 1086 2349 multis
1108 2303 1247 2359 praeliis
1268 2300 1339 2338 effe
1360 2297 1526 2335 deletas:
1556 2286 1811 2343 patefactum-

419 2406 495 2446 que
516 2388 649 2429 nostris
680 2383 899 2437 legionibus
931 2377 1003 2416 effe
1035 2376 1221 2414 Pontum,
1253 2366 1321 2420 qui
1352 2372 1438 2402 ante
1470 2356 1613 2412 populo
1634 2353 1814 2390 Romano

420 2474 465 2500 ex
487 2456 596 2498 omni
617 2454 721 2492 aditu
744 2449 890 2488 clausus
912 2444 1028 2484 effet:
1063 2442 1229 2491 Sinopen
1251 2444 1365 2485 atque
1387 2426 1583 2468 Amisum,
1612 2419 1753 2473 quibus
1775 2418 1815 2454 in
