2212 2835
651 184 787 226 PRO
846 183 898 221 A.
959 175 1374 218 CLUENTlo.
1670 185 1718 222 29

323 292 556 334 consobrino
576 289 656 334 suo,
685 284 914 325 adolescenti
942 282 982 321 in
1006 280 1158 335 primis,
1191 287 1235 317 ut
1254 287 1342 316 tum
1362 274 1589 320 habebatur,
1622 273 1722 311 inter

323 363 407 401 suos
426 370 464 398 et
483 355 657 400 honesto,
678 362 716 391 et
736 351 873 390 nobili.

381 429 487 467 Cum
521 422 637 462 effent
668 419 728 458 hae
762 417 907 471 nuptia:
939 415 1061 469 plenae
1093 411 1308 466 dignitatis,
1353 410 1475 463 plenae
1492 408 1722 452 concordiae‚

326 501 480 548 repente
499 490 552 529 est
570 496 702 527 exorta
723 483 896 525 mulieris
917 483 1151 535 importunae
1173 477 1317 517 nefaria
1336 477 1473 521 libido,
1493 489 1571 513 non
1600 476 1725 513 solum

325 561 523 604 dedecore,
554 569 690 596 verum
723 553 841 592 etiam
872 550 1021 595 scelere,
1057 547 1273 587 convincta.
1319 544 1427 584 Nam
1464 543 1573 582 Saffia
1605 552 1727 581 mater

325 627 442 680 hujus
465 624 574 664 Aviti
598 623 738 675 (mater
757 619 864 658 enim
895 631 916 655 a
935 629 1012 661 me,
1043 613 1215 653 nominis
1235 612 1357 657 causa,
1380 609 1529 649 tametsi
1549 610 1589 647 in
1619 608 1727 646 hunc

325 693 457 733 hostili
485 692 575 730 odio
603 698 642 728 et
674 686 901 728 crudelitate
933 683 999 728 est,
1043 691 1179 727 mater,
1215 680 1394 733 inquam,
1435 677 1726 732 appellabitur3

327 773 453 814 neque
472 770 649 811 unquam
680 755 748 794 illa
772 755 825 792 ita
854 752 900 790 de
921 751 988 790 suo
1008 750 1147 789 scelere
1166 757 1205 786 et
1235 746 1479 786 immanitate
1511 744 1653 789 audiet,
1686 753 1730 781 ut

328 837 472 866 naturae
503 838 648 864 nomen
678 822 860 861 amittat:
891 833 971 873 quo
997 817 1104 856 enim
1129 816 1181 854 est
1212 815 1340 869 ipsum
1368 826 1512 853 nomen
1538 811 1729 850 amantius

329 892 670 948 indulgentiusque
703 898 938 932 maternum,
969 885 1045 924 hoc
1065 884 1171 923 illius
1194 883 1342 927 matris,
1374 895 1459 934 quae
1479 880 1625 919 multos
1646 879 1730 930 jam

330 975 463 1005 annos,
485 969 523 998 et
543 971 647 997 nunc
666 970 759 995 cum
780 955 966 998 maxime,
982 953 1111 991 filium
1130 948 1380 989 interfectum
1398 948 1521 1001 cupit,
1544 945 1732 998 singulare

332 1027 452 1066 scelus
474 1027 617 1078 majore
637 1023 728 1061 odio
759 1022 924 1074 dignum
946 1019 1016 1057 effe
1036 1018 1204 1069 ducetis)
1241 1030 1283 1054 ea
1312 1017 1432 1068 igitur
1464 1023 1587 1052 mater
1607 1012 1730 1056 Aviti,

333 1093 478 1133 Melini
499 1092 604 1131 illius
624 1087 887 1132 adolescentis,
908 1085 1040 1138 generi
1060 1084 1130 1128 sui,
1147 1092 1281 1121 contra
1296 1095 1416 1134 quam
1436 1080 1492 1119 fas
1512 1089 1604 1124 erat,
1621 1091 1733 1116 amo-

335 1175 373 1200 re
393 1169 516 1213 capta,
549 1158 691 1211 primo,
724 1167 850 1207 neque
870 1153 910 1191 id
930 1152 1060 1206 ipsum
1079 1151 1161 1195 diu,
1184 1163 1344 1202 quoquo
1364 1148 1482 1186 modo
1503 1155 1664 1200 poterat,
1693 1146 1735 1183 in

332 1228 399 1266 illa
428 1225 640 1279 cupiditate
667 1221 938 1261 continebatur
953 1238 965 1265 ς
997 1217 1135 1256 deinde
1153 1217 1208 1254 ita
1226 1215 1382 1269 flagrare
1400 1214 1522 1266 coepit
1552 1213 1733 1257 amentia,

334 1295 385 1334 fic
405 1293 643 1332 inflammata
661 1289 754 1328 ferri
773 1288 952 1332 libidine,
987 1295 1030 1324 ut
1051 1299 1136 1323 eam
1157 1298 1235 1322 non
1257 1283 1394 1337 pudor,
1429 1295 1506 1320 non
1533 1280 1734 1334 pudicitia,

336 1375 415 1400 non
434 1361 568 1414 pietas,
600 1372 678 1397 non
699 1356 851 1395 macula
870 1353 1043 1398 familiae,
1080 1365 1158 1390 non
1188 1349 1400 1389 hominum
1420 1348 1537 1393 fama,
1564 1361 1643 1385 non
1664 1346 1737 1384 filii

337 1429 463 1476 dolor,
483 1440 562 1467 non
582 1425 671 1464 filiae
691 1437 849 1469 moeror,
879 1436 901 1461 a
915 1421 1128 1474 cupiditate
1148 1426 1354 1457 revocaret.

393 1496 590 1535 Animum
610 1490 874 1535 adolescentis,
907 1487 1083 1528 nondum
1103 1484 1263 1524 confilio
1282 1497 1325 1522 ac
1355 1482 1501 1522 ratione
1522 1481 1737 1526 firmatum,

341 1562 501 1616 pellexit
521 1562 568 1599 iis
587 1559 772 1598 omnibus
793 1557 921 1601 rebus,
953 1554 1095 1607 quibus
1116 1553 1183 1590 illa
1203 1561 1289 1590 aetas
1311 1551 1397 1604 capi
1417 1564 1460 1588 ac
1482 1549 1636 1588 deliniri
1666 1561 1739 1601 po-

342 1628 425 1667 test.
458 1627 573 1671 Filia,
608 1639 694 1678 quae
725 1637 803 1662 non
834 1622 961 1660 solum
992 1620 1060 1658 illo
1090 1617 1295 1657 communi
1326 1616 1458 1655 dolore
1488 1615 1673 1654 muliebri
1700 1615 1740 1652 in

341 1693 531 1747 ejusmodi
552 1692 622 1730 viri
644 1690 794 1742 injuriis
816 1696 1030 1740 angeretur,
1064 1685 1126 1723 sed
1146 1683 1337 1723 nefarium
1358 1683 1490 1720 matris
1511 1681 1742 1734 pellicatum

341 1760 439 1800 ferre
470 1773 547 1798 non
578 1747 725 1812 posset)
743 1756 790 1794 de
821 1769 899 1808 quo
930 1767 977 1793 ne
998 1753 1107 1806 queri
1128 1751 1289 1805 quidem
1310 1751 1387 1788 fine
1407 1749 1545 1787 scelere
1575 1747 1611 1786 se
1638 1746 1742 1801 posse

343 1828 599 1870 arbitraretur,
622 1833 777 1863 caeteros
800 1822 856 1861 sui
876 1820 974 1859 tanti
997 1819 1088 1858 mali
1108 1820 1261 1872 ignaros
1282 1817 1352 1855 efl'e
1371 1816 1551 1869 cupiebat
1567 1834 1578 1860 ;
1603 1815 1644 1852 in
1664 1813 1741 1852 hu·-

337 1896 404 1948 jus
424 1891 674 1932 amantiffimi
694 1890 749 1929 sui
769 1888 894 1928 fratris
915 1887 1109 1931 manibus,
1132 1895 1170 1924 et
1189 1885 1353 1939 gremio,
1375 1896 1539 1922 moerore
1559 1890 1597 1920 et
1617 1881 1743 1933 lacry-

345 1961 420 2000 mis
441 1957 745 1999 consenescebat.

402 2028 505 2065 Ecce
538 2035 667 2064 autem
700 2024 873 2062 subitum
908 2021 1119 2060 divortium
1137 2038 1149 2065 ς
1196 2018 1301 2071 quod
1335 2017 1515 2056 solatium
1551 2016 1744 2054 malorum

345 2095 526 2133 omnium
547 2091 628 2131 fore
649 2091 860 2129 videbatur.
893 2088 1067 2127 Discedit
1087 2101 1107 2124 a
1127 2086 1282 2124 Melino
1304 2084 1510 2128 Cluentia3
1534 2091 1577 2120 ut
1597 2083 1637 2120 in
1658 2090 1743 2118 tan-

348 2161 397 2198 tis
417 2159 582 2212 injuriis,
615 2171 693 2195 non
714 2157 846 2201 invita,
878 2164 922 2193 ut
941 2169 962 2192 a
985 2155 1081 2199 viro,
1114 2166 1192 2191 non
1213 2151 1393 2189 libenter.
1431 2151 1541 2188 Tum
1573 2162 1662 2186 vero
1681 2147 1746 2184 illa

348 2226 498 2278 egregia
517 2239 559 2263 ac
580 2224 758 2277 praeclara
777 2231 899 2261 mater
929 2220 1056 2274 palam
1077 2219 1247 2258 exultare
1266 2217 1410 2261 laetitia,
1444 2229 1485 2253 ac
1507 2212 1746 2266 triumphare

350 2291 506 2344 gaudio,
528 2291 661 2343 coepit,
682 2290 820 2328 victrix
841 2288 944 2332 filiae,
976 2300 1053 2325 non
1080 2285 1268 2324 libidinis.
1302 2285 1437 2335 Itaque
1458 2281 1602 2320 diutius
1624 2278 1744 2331 suspi-

351 2356 529 2396 cionibus
550 2356 717 2394 obscuris
738 2356 825 2394 laedi
844 2354 989 2393 famam
1011 2353 1117 2390 suam
1138 2351 1290 2395 noluit,
1315 2350 1457 2387 lectum
1480 2347 1592 2384 illum
1613 2345 1745 2397 genia-

353 2425 446 2468 lem,
478 2435 596 2474 quem
629 2422 786 2460 biennio
817 2430 903 2459 ante
930 2420 1018 2458 filiae
1039 2419 1111 2457 suae
1139 2417 1302 2456 nubenti
1324 2416 1512 2457 straverat,
1545 2412 1584 2449 in
1615 2411 1745 2448 eadem

354 2490 472 2527 domo
492 2488 562 2527 fibi
583 2487 707 2525 ornari
739 2496 775 2524 et
796 2486 922 2530 sterni,
955 2484 1110 2537 expulsa
1129 2494 1243 2535 atque
1265 2480 1464 2519 exturbata
1484 2478 1575 2523 filia,
1603 2477 1716 2530 jubet
1735 2491 1744 2514 :
