2212 2835
492 177 571 218 282
917 173 1335 219 ORATIO,
1407 173 1484 212 ἃς.

549 274 679 312 XLII.
713 272 784 310 Sed
812 279 944 310 caetera
970 271 1043 310 fint
1069 284 1231 316 eorum;
1264 271 1334 309 fibi
1359 269 1525 309 habeant
1550 271 1786 324 potestatem,
1818 272 1886 310 sibi

495 340 670 383 honores,
692 338 761 376 fibi
782 347 1008 376 caeterorum
1029 337 1329 376 commodorum
1350 337 1518 376 summas
1538 336 1757 375 facultates:
1775 337 1888 375 liceat

494 408 554 451 iis,
573 406 640 458 qui
662 404 744 443 haec
764 405 862 443 salva
880 404 950 443 effe
969 405 1188 450 voluerunt,
1206 404 1292 457 ipfis
1313 403 1384 442 effe
1404 404 1526 443 salvis.
1550 404 1701 449 Nolite,
1717 404 1888 455 Judices,

494 472 721 516 existimare,
751 485 829 516 eos,
861 472 1002 523 quibus
1030 471 1227 524 integrum
1254 470 1321 516 est,
1352 471 1421 523 qui
1450 470 1624 510 nondum
1652 470 1697 508 ad
1724 469 1890 508 honores

496 538 740 582 accefferunr,
773 552 851 576 non
879 539 1074 590 expetstare
1101 536 1217 589 hujus
1245 538 1396 576 exitum
1417 538 1572 590 judicii.
1606 537 1646 576 Si
1675 538 1725 575 L.
1749 537 1892 575 Flacco

496 614 624 643 tantus
645 618 752 642 amor
774 605 813 641 in
834 604 955 642 bonos
976 617 1125 649 omnes,
1156 612 1309 643 tantum
1330 604 1371 642 in
1391 604 1675 657 rempublicam
1703 603 1889 648 studium,

496 671 705 709 calamitati
725 669 869 715 fuerit3
903 684 1022 722 quem
1042 669 1199 723 posthac
1220 679 1299 708 tam
1321 680 1517 709 amentem
1537 669 1619 709 fore
1637 670 1796 723 putatis,
1825 669 1896 721 qui

496 752 575 775 non
606 737 716 774 illam
747 737 850 774 viam
877 737 978 780 vitae,
1009 750 1127 788 quam
1154 745 1240 774 ante
1267 737 1505 789 praecipitem
1532 746 1570 774 et
1596 736 1788 775 lubricam
1819 735 1892 774 effe

497 802 689 847 ducebat,
719 800 812 839 huic
843 802 965 854 planae
996 810 1035 839 et
1065 801 1190 839 stabili
1222 802 1519 854 praeponendam
1551 801 1623 839 effe
1653 801 1889 840 arbitretur?

499 868 618 920 Qod
638 869 664 906 fi
685 868 822 906 talium
850 868 998 905 civium
1026 881 1108 912 vos,
1138 867 1312 918 Judices,
1343 867 1485 913 taedet;
1517 867 1730 907 ostendite:
1761 877 1891 906 muta-

500 937 599 975 bunt
618 935 861 980 sententiam,
882 935 950 986 qui
971 935 1168 987 potuerint
1182 952 1197 980 3
1217 934 1465 979 constituent,
1488 934 1585 987 quid
1604 943 1730 987 agant,
1753 934 1900 987 quibus.

499 1003 696 1054 integrum
716 1001 796 1038 est:
828 1014 911 1045 nos,
944 1000 1012 1052 qui
1027 1001 1110 1052 jam
1132 1000 1311 1053 progreffi
1333 1000 1479 1046 sumus,
1510 999 1616 1038 hunc
1636 1000 1787 1038 exitum
1808 1000 1894 1038 nos-

500 1078 565 1106 trae
597 1067 824 1105 temeritatis
853 1066 1035 1105 feremus.
1075 1067 1141 1105 Sin
1172 1065 1248 1105 hoc
1283 1067 1414 1105 animo
1445 1080 1566 1120 quam
1600 1066 1790 1121 plurimos
1825 1065 1898 1104 effe

501 1134 633 1179 vultis,
665 1133 904 1172 declarabitis
925 1132 1000 1170 hoc
1014 1132 1182 1185 judicio,
1213 1133 1308 1186 quid
1328 1133 1511 1172 sentiatis.

558 1200 697 1245 Huic,
732 1198 826 1238 huic
863 1199 1001 1237 misero
1034 1212 1177 1252 puero,
1211 1199 1330 1237 vestro
1363 1213 1406 1237 ac
1440 1199 1652 1238 liberorum
1687 1199 1897 1237 vestrorum

503 1267 693 1320 supplici,
724 1266 908 1318 Judices,
938 1264 1013 1304 hoc
1040 1266 1191 1318 judicio
1221 1266 1375 1304 vivendi
1408 1276 1598 1319 praecepta
1629 1266 1783 1304 dabitis.
1821 1266 1900 1303 Cui

502 1333 528 1372 fi
550 1342 697 1386 patrem
717 1333 945 1371 conservatis
960 1351 973 1378 ;
1005 1332 1128 1385 qualis
1148 1333 1226 1386 ipse
1246 1333 1380 1371 debeat
1399 1332 1470 1371 effe
1490 1333 1599 1378 civis,
1620 1332 1868 1385 praescribetis
1886 1347 1896 1370 ι

504 1399 557 1438 fin
589 1399 737 1453 eripitis
753 1417 765 1444 ς
797 1399 1029 1444 ostendetis,
1060 1399 1170 1437 bonae
1200 1399 1363 1443 rationi,
1394 1408 1431 1437 et
1461 1398 1670 1443 constanti,
1702 1407 1740 1436 et
1770 1398 1901 1450 gravi,

505 1465 661 1504 nullum
681 1479 702 1503 a
720 1466 829 1504 vobis
850 1464 1022 1503 frustum
1043 1465 1115 1503 effe
1134 1466 1387 1518 propositum.
1419 1466 1502 1517 Qi
1522 1479 1602 1511 vos,
1634 1466 1821 1517 quoniam
1848 1464 1901 1502 est

505 1533 545 1571 id
577 1532 717 1577 aetatis,
753 1540 796 1570 ut
826 1531 975 1570 sensum
1001 1532 1085 1584 jam
1116 1532 1310 1585 percipere
1340 1532 1453 1584 poffit
1484 1546 1531 1571 ex
1561 1545 1726 1570 moerore
1754 1531 1900 1584 patrio,

506 1599 696 1637 auxilium
717 1598 893 1638 nondum
912 1598 1012 1651 patri
1033 1597 1129 1637 ferre
1149 1599 1275 1652 poffit,
1296 1607 1392 1644 orat,
1414 1611 1462 1637 ne
1481 1598 1595 1637 suum
1614 1597 1765 1636 laecum
1786 1597 1905 1650 patris

505 1665 702 1717 lacrymis,
737 1666 854 1718 patris
886 1678 1092 1704 moerorem
1125 1664 1191 1703 suo
1221 1664 1329 1709 fletu,
1364 1665 1547 1717 augeatis.
1580 1665 1662 1716 Qi
1690 1664 1808 1702 etiam
1838 1677 1902 1702 me

507 1732 701 1778 intuetur,
732 1746 797 1770 me
827 1731 940 1782 vultu
971 1731 1155 1784 appellat,
1188 1744 1315 1769 meam
1347 1730 1637 1783 quodammodo
1663 1729 1757 1767 flens
1784 1729 1903 1767 fidem

509 1798 718 1850 implorat,
753 1811 796 1836 ac
830 1798 968 1850 repetit
997 1810 1096 1842 eam,
1127 1810 1246 1849 quam
1278 1810 1350 1849 ego
1381 1797 1479 1849 patri
1510 1796 1577 1834 suo
1607 1795 1803 1848 quondam
1835 1809 1904 1848 pro

510 1856 627 1902 salute
660 1864 789 1917 patriae
821 1864 1117 1917 spoponderim,
1156 1864 1401 1916 dignitatem.
1442 1862 1685 1901 Miseremini
1717 1861 1903 1907 familiae,

511 1931 682 1982 Judices,
713 1930 949 1969 miseremini
978 1929 1173 1969 fortiffimi
1203 1932 1335 1984 patris,
1366 1929 1603 1969 miseremini
1630 1928 1728 1967 filii:
1761 1941 1905 1966 nomen

512 1996 762 2035 clariffimum
782 2005 819 2035 et
840 1996 1105 2042 fortiffimum,
1137 1998 1196 2035 vel
1223 1998 1387 2050 generis,
1418 1997 1479 2035 vel
1507 1995 1712 2041 vetustatis,
1743 1994 1803 2034 vel
1829 1993 1904 2033 ho,-

512 2063 629 2102 minis
650 2063 772 2109 causa,
802 2064 1025 2118 reipublicae
1046 2063 1237 2103 reservate.
