2212 2835
496 152 574 193 374
989 131 1393 170 ORATIO

495 238 576 289 qui,
608 249 699 274 cum
735 245 869 270 eorum
905 230 1084 268 omnium
1121 228 1340 266 crudelitati
1375 226 1582 279 scelerique
1613 227 1806 274 ceffiffem,
1841 241 1891 266 ne

495 302 624 340 absens
647 300 807 352 quidem
827 299 934 336 luctu
956 310 1043 335 meo
1065 305 1214 334 mentes
1237 294 1396 332 illorum
1415 293 1545 332 satiare
1565 294 1690 347 potui.

550 369 705 407 XXIII.
740 366 848 419 Qud
883 365 989 404 enim
1025 378 1090 402 vos
1127 377 1225 402 uxor
1260 375 1345 400 mea
1378 361 1514 400 misera
1547 361 1704 400 violarat
1722 362 1734 399 ?
1773 374 1892 414 quam

495 434 706 478 vexavistis,
738 431 963 486 raptavistis‚
995 431 1104 469 omni
1139 429 1365 468 crudelitate
1396 427 1638 467 laceravistis.
1672 428 1782 479 Qid
1811 441 1897 466 mea

494 502 604 540 filia?
636 502 746 553 cujus
780 500 891 539 fletus
920 498 1083 538 affiduus
1114 497 1313 549 sordesque
1341 496 1527 549 lugubres
1557 495 1667 535 vobis
1697 504 1804 534 erant
1827 495 1897 547 ju-

494 569 659 614 cundae;
688 577 914 606 caeterorum
935 566 1116 605 omnium
1139 574 1286 603 mentes
1307 563 1517 616 oculosque
1538 563 1755 602 flectebant.
1788 561 1899 613 Qid

497 650 631 688 parvus
654 635 756 673 filius
778 634 790 671 ?
823 647 939 685 quem
958 662 968 677 ,
1001 632 1190 685 quamdiu
1216 629 1350 675 abfui,
1382 643 1499 668 nemo
1523 629 1593 667 nifi
1618 629 1898 682 lacrymantem

499 701 801 751 confectumque
822 699 946 742 vidit;
979 697 1074 748 quid
1094 696 1255 741 fecerat,
1287 696 1393 748 quod
1412 709 1504 734 eum
1525 695 1637 734 toties
1658 708 1725 748 per
1745 693 1897 732 infidias

498 768 710 806 interficere
731 764 900 803 voluistis
921 765 933 801 ?
967 763 1075 814 Qid
1095 761 1210 800 frater
1230 775 1340 799 meus
1359 762 1372 798 ?
1395 761 1465 813 qui
1484 774 1576 799 cum
1597 761 1795 813 aliquanto
1814 760 1899 815 post

499 849 634 874 meum
662 831 863 871 diseeffum
893 844 941 869 ex
972 830 1172 883 provincia
1196 826 1351 867 venisset
1368 855 1380 872 ‚
1411 840 1537 880 neque
1564 826 1633 864 fibi
1657 827 1868 865 vivendum
1886 856 1899 873 ,

500 903 568 942 nis1
590 915 652 940 me
673 900 859 943 restituto,
891 905 1057 951 putaret,
1088 909 1181 934 curn
1201 896 1282 947 ejus
1303 907 1462 938 moeror,
1493 893 1644 946 squalor
1663 893 1900 931 incredibilis

499 980 537 1008 et
555 969 765 1012 inauditus,
796 965 981 1004 omnibus
1002 963 1231 1002 mortalibus
1253 961 1481 1000 miserabilis
1501 960 1694 1000 videretur
1705 978 1718 1006 3
1750 959 1901 1013 quoties

499 1051 546 1076 ex
566 1036 686 1075 vestro
706 1034 806 1073 ferro
826 1047 868 1071 ac
889 1032 1069 1071 manibus
1092 1030 1144 1068 est
1164 1029 1309 1082 elapsus
1328 1030 1341 1066 ?

556 1099 626 1137 Sed
648 1097 744 1151 quid
764 1110 835 1148 ego
855 1094 1016 1133 vestram
1037 1092 1306 1131 crudelitatem
1326 1103 1513 1144 expromo
1529 1119 1540 1135 ‚
1571 1103 1689 1142 quam
1709 1089 1750 1127 in
1775 1087 1903 1142 ipsum

502 1180 566 1204 me
587 1179 628 1203 ac
651 1177 756 1202 meos
777 1161 1024 1205 adhibuistis;
1048 1160 1117 1212 qui
1137 1158 1360 1212 parietibus,
1383 1157 1451 1210 qui
1474 1157 1596 1202 tectis,
1618 1156 1686 1209 qui
1706 1155 1902 1194 columnis

501 1246 544 1270 ac
566 1231 738 1285 postibus
759 1229 871 1273 meis,
888 1226 1118 1267 horrificum
1139 1225 1337 1278 quoddam
1356 1234 1394 1262 et
1414 1222 1620 1267 nefarium,
1639 1222 1749 1261 omni
1768 1221 1902 1260 imbu-

503 1308 590 1336 tum
609 1297 700 1335 odio
720 1325 730 1340 ,
762 1295 912 1333 bellum
934 1292 1116 1331 intulistis
1136 1292 1147 1328 ?
1181 1292 1276 1330 Non
1297 1290 1403 1328 enim
1425 1299 1461 1328 te
1483 1289 1645 1327 arbitror
1661 1317 1671 1334 ‚
1703 1301 1797 1326 cum
1820 1286 1905 1340 post

504 1377 639 1402 meum
661 1360 863 1400 discessum
884 1360 1064 1398 omnium
1085 1356 1344 1409 locupletium
1372 1354 1544 1393 fortunas
1561 1383 1571 1399 ‚
1603 1354 1786 1392 omnium
1811 1366 1904 1406 pro-

501 1430 719 1469 vinciarum
739 1427 900 1471 fructus,
932 1423 1211 1463 tetrarcharum
1232 1436 1274 1460 ac
1302 1435 1440 1474 regum
1467 1422 1581 1466 bona,
1613 1421 1675 1473 spe
1695 1429 1732 1458 et
1752 1419 1907 1458 avaritia

503 1495 728 1539 devoraffeS,
760 1493 909 1546 argenti
929 1501 967 1529 et
987 1489 1234 1543 supellef'cilis
1255 1502 1349 1526 meae
1370 1488 1584 1541 cupiditate
1603 1487 1673 1524 effe
1693 1495 1904 1524 caecatum:

505 1561 795 1605 non'existirm,
815 1561 1063 1611 Campanum
1083 1557 1197 1595 illum
1219 1555 1419 1594 consulem
1439 1568 1530 1592 cum
1552 1554 1724 1592 saltatore
1745 1552 1907 1605 collega,

505 1644 600 1669 cum
621 1629 729 1668 alteri
750 1636 870 1666 totam
893 1624 1084 1664 Achaiam
1101 1653 1112 1669 ‚
1144 1621 1379 1662 Theffaliam
1395 1651 1406 1667 ,
1440 1621 1630 1659 Boeotiam
1645 1650 1657 1666 ,
1690 1620 1905 1665 Graeciam,

506 1696 796 1739 Macedoniam,
818 1704 1058 1744 omnemque
1078 1690 1307 1734 barbariam,
1330 1690 1430 1727 bona
1449 1688 1597 1726 civium
1619 1688 1904 1731 Romanorum,

506 1761 780 1806 condonaffes;
813 1759 921 1798 alteri
946 1757 1092 1810 Syriam
1111 1785 1123 1802 ‚
1154 1755 1394 1807 Babylonem
1412 1783 1423 1799 ,
1456 1753 1582 1791 Persas
1601 1781 1612 1797 ,
1643 1751 1906 1804 integerrimas

507 1827 835 1882 pacatissimasque
868 1834 1015 1878 gentes,
1051 1823 1097 1861 ad
1132 1822 1396 1875 diripiendum
1431 1819 1640 1858 tradidisses
1659 1834 1668 1857 :
1705 1818 1792 1856 illos
1828 1827 1909 1857 tam

509 1896 671 1948 cupidos
691 1893 878 1931 liminum
899 1904 1092 1934 meorum,
1121 1899 1159 1928 et
1179 1889 1467 1932 columnarum,
1498 1896 1536 1924 et
1556 1886 1752 1924 valvarum
1773 1883 1907 1924 fuiffe:

509 1975 635 2014 neque
665 1973 778 2013 porro
809 1959 874 1996 illa
904 1971 1040 1996 manus
1073 1956 1270 2009 copiaeque
1302 1954 1480 1993 Catilinae
1510 1953 1708 1992 caementis
1736 1965 1778 1989 ac
1807 1952 1909 1991 testis

510 2030 700 2066 tectorum
722 2039 899 2063 meorum
921 2024 956 2062 se
972 2023 1120 2062 famem
1136 2022 1241 2061 suam
1258 2021 1474 2075 expleturas
1490 2028 1734 2074 putaverunt.
1760 2018 1844 2063 Sed,
1867 2027 1912 2056 ut

510 2095 682 2133 hostium
702 2093 828 2137 urbes,
851 2105 920 2129 nec
941 2090 1121 2129 omnium
1142 2088 1329 2134 hostium,
1351 2101 1486 2126 verum
1507 2100 1655 2132 eorum,
1673 2085 1910 2138 quibuscum
1966 2102 1970 2104 ’

511 2161 693 2200 acerbum
714 2159 863 2198 bellum
885 2157 1188 2208 intestinumque
1209 2155 1459 2208 suscepimus,
1481 2167 1560 2192 non
1581 2153 1705 2206 praeda
1725 2151 1878 2190 adducti
1897 2179 1909 2196 ,

514 2229 575 2267 sed
595 2228 698 2272 odio,
722 2227 883 2265 solemus
906 2224 1094 2278 excipere,
1117 2223 1236 2276 quod,
1258 2223 1299 2260 in
1319 2236 1416 2275 quos
1437 2230 1594 2275 propter
1614 2234 1750 2259 eorum
1771 2219 1911 2258 crude-

513 2298 662 2335 litatem
691 2294 937 2332 inflammatae
965 2302 1113 2331 mentes
1142 2290 1274 2330 nostrae
1302 2288 1460 2328 fuerunt
1477 2318 1488 2334 ,
1519 2302 1612 2326 curn
1632 2287 1774 2326 horum
1795 2287 1911 2325 etiam

516 2363 623 2400 teftis
645 2376 686 2400 ac
708 2361 858 2399 sedibus
880 2359 1038 2398 refidere
1059 2357 1217 2411 aliquod
1237 2356 1387 2396 bellum
1409 2355 1555 2409 semper
1575 2355 1726 2393 videtur
1746 2354 1769 2380 '³‘
1787 2355 1811 2380 ἥρ
1830 2354 1853 2376 ‘³¹²

516 2442 540 2464 ²
564 2441 586 2466 ἦε
608 2441 632 2466 ³²
663 2438 771 2493 Deest
789 2437 960 2479 nonnihil.
