2212 2835
467 223 542 275 256
969 216 1369 255 ORATIO

466 322 530 359 hic
551 320 700 359 classem
721 317 922 363 habuisset,
944 317 1201 356 existimarem
1222 331 1298 355 non
1321 316 1443 355 fuiffe.
1474 316 1581 368 Qid
1602 315 1627 354 fi
1649 317 1695 354 L.
1713 317 1849 369 Oppii,

467 387 651 439 L.Agrii,
673 386 721 423 C.
735 384 865 428 Cestii,
888 384 1066 436 equitum
1081 384 1362 428 Romanorum,
1384 381 1499 434 hujus
1521 383 1636 420 etiam
1657 381 1851 420 clariffimi

467 454 552 497 viri,
590 453 666 489 Cn.
690 450 874 494 Domitii,
909 450 977 502 qui
1010 450 1050 487 in
1087 449 1175 487 Afia
1211 459 1295 486 tum
1330 449 1476 501 legatus
1510 447 1598 493 fuit,
1634 447 1852 486 testimonio

467 519 599 563 doceo,
630 531 675 555 eo
703 517 783 569 ipso
812 526 995 569 tempore,
1026 529 1105 568 quo
1134 526 1175 554 tu
1206 515 1283 568 ipse
1309 528 1420 567 negas
1452 514 1605 553 claffem
1634 514 1852 553 habendam

466 583 588 627 fuisse,
620 582 837 634 complures
862 595 882 618 a
907 580 1149 633 praedonibus
1168 580 1240 618 effe
1264 589 1423 632 captos;
1456 590 1583 618 tamen
1604 579 1735 618 Flacci
1755 593 1850 618 con-

468 650 594 688 silium
622 649 661 686 in
688 648 899 699 remigibus
928 646 1160 698 imperandis
1192 645 1519 698 reprehendetur?
1550 646 1658 697 Qid
1684 646 1710 684 fi
1735 647 1852 683 etiam

467 715 612 753 occisus
633 713 685 751 est
711 727 731 750 a
758 714 888 765 piratis
917 711 1216 762 Adramytenus,
1247 710 1368 750 homo
1387 712 1542 757 nobilis,
1571 714 1683 764 cujus
1704 711 1757 750 est
1775 710 1853 749 fere

467 780 577 818 nobis
605 779 788 816 omnibus
818 790 959 814 nomen
985 776 1175 820 auditum,
1206 777 1343 813 Atinas
1367 777 1489 829 pugil,
1522 777 1851 830 Olympionices?

467 846 542 884 hoc
573 845 624 882 est
655 843 755 896 apud
787 844 943 881 Graecos
979 841 1181 893 (quoniam
1211 841 1257 878 de
1288 854 1421 879 eorum
1452 843 1635 894 gravitate
1665 843 1850 894 dicimus)

467 925 584 965 prope
616 911 738 962 majus
769 918 806 946 et
836 907 1049 961 gloriofius,
1081 920 1199 959 quam
1230 908 1367 944 Romae
1401 906 1661 960 triumphaffe.
1699 909 1754 945 At
1784 922 1853 946 ne-

468 978 614 1016 minem
641 975 789 1028 cepisti.
821 975 953 1025 Qam
980 973 1098 1011 multi
1123 986 1197 1011 orae
1222 973 1425 1011 maritimae
1451 972 1643 1011 clariffimi
1666 973 1737 1012 viri
1756 987 1854 1027 prae-

468 1043 637 1087 fuerunt,
667 1042 751 1094 qui,
788 1054 880 1079 cum
914 1040 1132 1093 praedonem
1167 1038 1322 1077 nullum
1356 1038 1551 1092 cepiffent,
1587 1052 1690 1077 mare
1727 1048 1854 1078 tamen

469 1119 596 1148 tutum
618 1108 902 1162 praestiterunt?
935 1106 1052 1145 Casus
1080 1106 1133 1144 est
1157 1106 1261 1144 enim
1288 1106 1328 1143 in
1355 1106 1554 1158 capiendo,
1586 1105 1709 1151 locus,
1739 1119 1854 1144 even-

469 1186 543 1221 ωε,
574 1175 744 1213 occafio:
777 1172 1008 1211 defendendi
1033 1171 1157 1209 facilis
1185 1171 1236 1209 est
1262 1173 1401 1216 cautio,
1433 1185 1510 1209 non
1538 1172 1660 1210 solum
1685 1172 1855 1211 latibulis

468 1243 713 1280 occultorum
747 1239 937 1283 locorum,
974 1238 1036 1276 sed
1068 1237 1184 1276 etiam
1221 1237 1490 1291 tempestatum
1525 1238 1786 1277 moderatione
1817 1247 1855 1277 et

469 1308 724 1346 conversione.

525 1376 636 1412 XIV.
670 1374 885 1425 Reliquum
912 1373 977 1417 est,
1010 1382 1051 1411 ut
1075 1382 1277 1426 quaeratur,
1309 1382 1440 1411 utrum
1461 1372 1528 1411 ista
1547 1371 1666 1410 claffis
1687 1371 1797 1410 cursu
1817 1380 1855 1410 et

470 1441 599 1485 remis,
631 1453 677 1477 an
704 1440 861 1492 sumptu
887 1448 1040 1477 tantum
1067 1447 1105 1476 et
1135 1439 1268 1483 literis,
1300 1439 1498 1491 navigarit.
1532 1439 1644 1477 Num
1671 1438 1710 1476 id
1736 1438 1855 1490 igitur

469 1507 596 1559 negari
622 1505 756 1558 potest,
787 1505 897 1556 cujus
925 1505 977 1542 rei
1005 1506 1142 1542 cundia
1170 1505 1271 1543 testis
1298 1504 1350 1542 est
1372 1504 1470 1550 Afia,
1502 1505 1684 1557 bipartito
1703 1503 1856 1542 claffem

470 1573 711 1610 distributam
744 1570 867 1615 fuisse,
908 1580 951 1608 ut
985 1584 1061 1608 una
1093 1583 1177 1623 pars
1216 1571 1325 1624 supra
1360 1569 1571 1623 Ephesum,
1611 1570 1727 1608 altera
1759 1567 1859 1607 infra

469 1637 683 1691 Ephesum,
716 1636 938 1689 navigaret?
970 1636 1058 1674 Hac
1085 1636 1194 1674 claffe
1221 1637 1283 1674 M.
1308 1637 1470 1682 Crassus,
1501 1637 1558 1675 vir
1588 1635 1857 1689 ampliffimus,

469 1705 516 1741 ab
538 1705 640 1742 AEno
660 1704 700 1741 in
723 1703 866 1748 Asiam,
884 1701 944 1740 his
966 1701 1124 1740 navibus
1146 1702 1307 1740 Flaccus
1329 1716 1375 1740 ex
1398 1703 1485 1740 Asia
1504 1703 1544 1740 in
1565 1702 1854 1746 Macedoniam,

470 1770 674 1821 navigavit.
708 1769 753 1806 In
779 1782 858 1821 quo
883 1768 1003 1821 igitur
1029 1766 1198 1819 praetoris
1225 1767 1278 1804 est
1302 1767 1502 1819 diligentia
1532 1766 1785 1818 requirenda?
1815 1766 1856 1804 in

471 1848 634 1873 numero
662 1835 833 1878 navium,
862 1843 902 1871 et
928 1833 968 1870 in
994 1831 1247 1885 descriptione
1275 1832 1453 1884 aequabili
1481 1832 1688 1884 sumptus?
1720 1832 1857 1869 Dimi-

471 1901 582 1939 dium
611 1901 706 1952 ejus,
742 1913 819 1950 quo
851 1899 1058 1951 Pompeius
1088 1907 1167 1936 erat
1197 1897 1297 1942 usu8‚
1335 1898 1561 1950 imperavit:
1599 1911 1694 1936 num
1728 1897 1858 1950 potuit

472 1966 621 2018 parcius
640 1966 652 2002 ?
681 1964 885 2017 Descripsit
905 1972 1033 2001 autem
1054 1963 1258 2016 pecuniam
1279 1963 1324 2000 ad
1344 1963 1522 2016 Pompeii
1543 1963 1743 2008 rationem,
1774 1976 1859 2015 quae

472 2031 546 2069 fuit
574 2030 862 2068 accommodata
889 2031 936 2068 L.
960 2029 1070 2081 Syllae
1098 2029 1370 2081 descriptioni;
1403 2029 1469 2081 qui
1493 2042 1585 2066 cum
1606 2041 1740 2067 omnes
1761 2028 1858 2067 Afiae

471 2097 642 2134 civitates
663 2109 732 2148 pro
752 2096 927 2148 portione
949 2095 988 2132 in
1016 2095 1229 2147 provincias
1256 2094 1511 2147 descripsisset,
1542 2094 1649 2132 illam
1669 2094 1857 2132 rationem
1897 2121 1900 2123 Δ

471 2165 512 2201 in
533 2162 755 2216 imperando
777 2162 932 2214 sumptu
953 2170 990 2199 et
1012 2162 1218 2214 Pompeius
1239 2171 1275 2199 et
1294 2161 1454 2199 Flaccus
1472 2161 1620 2199 secutus
1636 2160 1707 2215 est:
1732 2173 1856 2213 neque

472 2230 524 2267 est
544 2229 669 2267 adhuc
691 2238 818 2266 tamen
839 2241 880 2265 ea
900 2228 1048 2266 summa
1067 2228 1272 2280 completa.
1644 2231 1653 2237 '

530 2296 622 2334 Non
646 2293 759 2332 refert
779 2307 879 2332 vero.
913 2293 1021 2345 Qid
1043 2293 1212 2331 lucretur
1230 2294 1242 2330 ?
1276 2295 1380 2332 Cum
1400 2294 1505 2331 enim
1525 2307 1644 2346 genus
1665 2294 1857 2346 imperatae

475 2362 645 2414 pecuniae
667 2361 847 2413 suscipit,
880 2360 932 2404 id,
964 2359 1069 2412 quod
1098 2369 1138 2398 tu
1163 2360 1309 2398 crimen
1330 2359 1399 2397 effe
1421 2360 1490 2405 vis,
1522 2359 1741 2398 confitetur.
1775 2357 1856 2409 Qi

474 2427 592 2478 igitur
623 2427 773 2479 probari
805 2425 939 2478 potest,
971 2426 1010 2463 in
1036 2439 1077 2463 ea
1103 2426 1263 2478 pecunia
1290 2439 1366 2464 non
1394 2425 1586 2464 referenda
1615 2425 1762 2463 crimen
1788 2422 1856 2462 fibi

474 2492 600 2545 ipsum
621 2491 757 2538 facere,
788 2493 829 2531 in
848 2506 924 2546 qua
943 2492 1092 2531 crimen
1112 2492 1199 2531 efl'et
1220 2493 1388 2538 nullum,
1420 2492 1445 2531 fi
1467 2491 1649 2530 referret?
