2212 2835
402 188 475 227 186
822 180 1229 222 ORATIO
1309 180 1384 218 ΙΙΙ.

395 284 538 321 ratione
558 280 777 332 investigata
802 287 840 316 et
859 276 1134 331 comprehensa
1153 277 1238 322 sint,
1267 290 1347 322 vos,
1375 276 1444 328 qui
1465 283 1501 313 et
1522 275 1718 328 ignoratis,
1741 282 1779 312 et

396 348 615 400 expectatis,
647 346 738 384 scire
759 344 916 398 poffitis.

451 413 661 465 Principio,
689 420 731 449 ut
752 410 919 449 Catilina
938 409 1067 463 paucis
1089 418 1173 448 ante
1192 409 1326 447 diebus
1347 409 1473 461 erupit
1491 421 1537 446 ex
1558 407 1665 451 urbe,
1688 419 1782 443 cum

395 479 541 517 sceleris
562 478 618 517 sui
638 477 772 522 socios,
802 475 961 528 hujusce
981 475 1115 514 nefarii
1137 476 1229 513 belli
1254 475 1455 513 acerrimos
1482 474 1612 518 duces,
1644 472 1783 510 Romae

395 544 621 598 reliquiffet3
646 544 792 597 semper
811 542 979 595 vigilavi,
1001 550 1039 580 et
1055 542 1218 594 providi,
1241 541 1429 592 Qirites,
1451 538 1783 592 quemadmodum

396 612 436 649 in
458 612 572 649 tantis
593 620 631 649 et
650 619 728 648 tam
749 608 980 647 absconditis
1002 608 1145 646 insidiis
1166 608 1254 646 salvi
1275 607 1345 646 esse
1365 606 1570 660 possemus.

451 677 505 715 ΙΙ.
538 676 645 714 Nam
666 685 765 720 tum,
799 688 893 712 cum
913 688 959 712 ex
981 673 1074 711 urbe
1095 673 1302 711 Catilinam
1332 672 1531 724 ejiciebam
1554 672 1656 723 (non
1676 669 1782 708 enim

390 743 473 795 jam
504 755 632 780 vereor
662 740 776 792 hujus
802 740 907 777 verbi
935 739 1136 783 invidiam,
1168 752 1258 776 cum
1285 738 1352 776 illa
1377 738 1497 790 magis
1526 737 1570 775 fit
1597 736 1780 780 timenda,

397 808 501 860 quod
522 808 628 845 vivus
649 806 812 857 exierit)
843 804 905 842 sed
931 813 1030 848 tum,
1061 817 1153 841 cum
1174 803 1288 840 illum
1312 804 1556 840 exterminari
1575 802 1780 846 voleba1u;

395 883 459 911 aut
479 874 665 925 reliquam
685 873 972 923 conjuratorum
993 882 1154 906 manum
1171 868 1284 906 simul
1304 869 1507 912 exituram,
1535 877 1599 905 aut
1616 881 1692 911 eos,
1715 867 1783 918 qui

396 938 622 982 restitissent,
653 937 826 975 infirmos
859 936 935 973 fine
962 935 1030 972 illo
1057 947 1099 971 ac
1127 934 1269 971 debiles
1298 933 1393 978 fore,
1424 933 1620 986 putabam.
1653 934 1785 984 Atque

394 1019 478 1058 ego,
510 1014 553 1042 ut
580 1004 672 1048 vidi,
703 1015 799 1055 quos
829 1002 1001 1039 maximo
1031 999 1159 1038 furore
1189 1009 1226 1037 et
1257 999 1394 1037 scelere
1424 999 1494 1037 effe
1525 998 1783 1037 inflammatos

394 1072 574 1116 sciebam,
606 1083 668 1108 eos
689 1069 891 1107 nobiscum
911 1067 996 1112 effe,
1026 1077 1064 1105 et
1084 1067 1220 1104 Romae
1247 1066 1484 1111 remanfiffe3
1516 1066 1556 1103 in
1583 1079 1629 1103 eo
1648 1077 1783 1103 omnes

395 1139 474 1176 dies
506 1137 710 1189 noctesque
740 1134 969 1186 consumpsi,
1001 1142 1058 1178 ut,
1089 1132 1183 1185 quid
1214 1141 1380 1184 agerent,
1413 1133 1508 1184 quid
1539 1132 1783 1177 molirentur,

395 1205 574 1243 sentirem
593 1215 636 1240 ac
656 1202 851 1240 viderem:
885 1208 940 1244 ut,
971 1198 1155 1250 quoniam
1181 1197 1334 1235 auribus
1363 1197 1505 1242 vestris,
1537 1207 1692 1250 propter
1719 1197 1783 1234 in·-

395 1269 621 1309 credibilem
641 1266 951 1319 magnitudinem
974 1264 1134 1309 sceleris,
1156 1264 1347 1302 minorem
1370 1263 1485 1302 fidem
1503 1262 1643 1301 faceret
1662 1263 1784 1300 oratio

393 1349 493 1381 mea,
524 1348 604 1372 rem
638 1334 691 1372 ita
721 1330 1103 1384 comprehenderem,
1134 1339 1177 1368 ut
1208 1339 1292 1368 tum
1318 1330 1477 1367 demum
1509 1330 1646 1367 animis
1673 1328 1783 1366 saluti

396 1402 522 1440 vestrae
557 1399 819 1454 provideretis,
859 1411 952 1435 cum
991 1397 1114 1435 oculis
1150 1396 1387 1434 maleficium
1426 1395 1552 1448 ipsum
1591 1395 1781 1433 videretis.

397 1470 530 1520 Itaque
564 1475 606 1504 ut
639 1465 826 1517 comperi,
856 1464 999 1516 legatos
1034 1463 1311 1515 Allobrogum,
1348 1462 1440 1500 belli
1471 1461 1715 1513 Transalpini
1745 1468 1784 1498 et

396 1533 587 1573 tumultus
608 1531 752 1570 Gallici
772 1529 963 1568 excitandi
982 1528 1103 1574 causa,
1135 1542 1155 1566 a
1182 1529 1226 1567 P.
1256 1528 1425 1567 Lentulo
1450 1527 1520 1565 effe
1548 1527 1783 1571 sollicitatos,

394 1599 532 1652 eosque
562 1599 602 1636 in
635 1597 807 1636 Galliam
837 1596 884 1633 ad
914 1595 1000 1633 suos
1031 1595 1148 1640 cives,
1188 1595 1324 1632 eodem
1356 1595 1505 1639 itinere,
1540 1606 1632 1631 cum
1663 1592 1784 1631 literis

395 1665 656 1717 mandatisque
688 1664 733 1701 ad
755 1662 965 1702 Catilinam
993 1660 1062 1699 effe
1090 1661 1233 1705 missos,
1269 1661 1532 1712 comitemque
1555 1660 1600 1697 iis
1621 1658 1782 1710 adjunc-

396 1743 480 1772 tum
511 1731 779 1775 Vusturcium,
809 1738 925 1781 atque
956 1727 1049 1765 huic
1076 1728 1178 1765 datas
1208 1727 1280 1764 effe
1309 1727 1355 1764 ad
1383 1727 1590 1764 Catilinam
1626 1725 1780 1769 literas;

394 1798 618 1837 facultatem
649 1795 750 1834 mihi
779 1794 947 1833 oblatam
978 1792 1123 1845 putavi,
1155 1802 1210 1837 ut,
1242 1793 1346 1844 quod
1376 1801 1453 1829 erat
1482 1790 1780 1835 difficillimum,

394 1862 576 1917 quodque
595 1876 667 1914 ego
688 1861 834 1913 semper
853 1859 1034 1912 optabam
1055 1872 1075 1896 a
1096 1859 1181 1897 Diis
1203 1858 1503 1902 immortalibus,
1529 1865 1608 1894 tota
1627 1869 1683 1894 res
1703 1870 1780 1894 non

393 1931 517 1969 solum
544 1943 563 1966 a
591 1942 666 1972 me,
698 1927 760 1965 sed
785 1927 901 1964 etiarn
928 1939 948 1964 a
974 1925 1117 1970 senatu,
1148 1934 1186 1963 et
1213 1938 1233 1962 a
1259 1925 1381 1970 vobis,
1413 1922 1614 1962 manifesto
1643 1922 1779 1975 depre-

394 1997 635 2035 henderetur.

448 2063 584 2114 Itaque
611 2059 786 2098 hesterno
813 2058 874 2096 die
901 2060 949 2097 L.
982 2058 1167 2097 Flaccum
1189 2067 1224 2095 et
1253 2059 1299 2096 C.
1331 2056 1557 2100 Pontinum,
1588 2064 1780 2108 praetores,

393 2128 614 2168 fortiffimos
641 2136 756 2179 atque
781 2125 1054 2164 amantiffimos
1082 2124 1301 2178 reipublicae
1328 2124 1441 2167 viros,
1472 2123 1518 2160 ad
1538 2135 1600 2160 me
1620 2121 1779 2159 vocavi:

394 2209 474 2234 rem
505 2206 665 2232 omnem
696 2191 880 2244 exposui:
912 2191 1007 2242 quid
1034 2189 1116 2228 fieri
1142 2190 1321 2243 placeret,
1353 2188 1510 2226 ostendi.
1544 2187 1607 2225 Illi
1635 2195 1779 2230 autem,

393 2262 459 2314 qui
490 2260 621 2298 omnia
651 2258 697 2296 de
727 2256 922 2310 republica
954 2256 1129 2309 praeclara
1160 2265 1272 2308 atque
1303 2254 1451 2307 egregia
1481 2254 1674 2297 sentirent,
1705 2252 1782 2289 fine

391 2326 637 2370 recusatione,
667 2337 709 2362 ac
736 2323 812 2361 fine
837 2322 915 2360 ulla
939 2335 1059 2366 mora,
1091 2322 1291 2374 negotium
1319 2320 1573 2373 susceperunt,
1605 2327 1657 2363 et,
1687 2330 1779 2355 cum

390 2392 719 2445 advesperasceret,
750 2389 903 2427 occulte
930 2389 974 2427 ad
1003 2398 1163 2442 pontem
1192 2387 1380 2426 Milvium
1408 2394 1687 2440 pervenerunt3
1718 2392 1778 2420 at-

391 2473 466 2511 que
494 2460 547 2497 ibi
573 2459 611 2497 in
640 2457 827 2511 proximis
856 2456 956 2494 villis
975 2455 1029 2495 ita
1048 2455 1219 2508 bipartiti
1238 2453 1410 2498 fuerunt,
1442 2461 1485 2491 ut
1505 2451 1659 2491 Tiberis
1680 2450 1779 2487 inter
