2212 2835
386 186 461 225 180
827 179 1359 219 ORATIOII.

379 296 502 321 unum
532 281 677 319 scilicet
703 288 741 318 et
767 279 886 324 idem,
923 279 1028 331 quod
1054 278 1198 317 caeteris
1226 278 1424 324 omnibus,
1456 286 1500 317 ut
1519 278 1715 332 desperent
1735 280 1772 319 se

378 349 431 393 id,
459 347 564 399 quod
585 354 784 390 conantur,
806 344 989 397 consequi
1011 343 1125 397 posse.
1159 344 1338 382 Primum
1358 344 1540 382 omnium
1560 358 1622 383 me
1643 345 1770 398 ipsum

378 414 547 465 vigilare,
569 412 702 457 adeffe,
725 411 922 464 providere
937 411 1180 463 reipublicae:
1204 410 1341 448 deInde
1357 424 1515 463 magnos
1532 411 1680 450 animos
1701 411 1774 449 effe

377 480 418 517 in
448 479 558 517 bonis
586 478 689 523 viris,
721 490 903 529 magnam
932 476 1191 522 concordiam,
1223 476 1436 515 maximam
1456 477 1769 522 multitudinem,

377 559 534 597 magnas
567 554 744 597 praeterea
778 543 953 582 militurn
988 543 1144 596 copias:
1189 543 1293 581 Deos
1329 543 1494 596 denique
1531 543 1770 582 immortales

376 611 471 650 huic
493 612 636 650 inviCto
656 611 815 664 populo,
838 610 1042 648 clariffimo
1062 610 1238 663 imperio,
1259 609 1527 662 pulcherrimae
1547 611 1649 656 urbi,
1674 624 1770 649 con-

378 688 434 717 tra
455 687 602 716 tantam
621 677 703 715 vim
723 676 868 714 sceleris
890 676 1087 728 praesentes
1108 676 1296 714 auxilium
1321 675 1391 714 effe
1417 676 1574 715 laturos.
1606 676 1723 728 Qod
1745 676 1771 714 fi

372 746 456 797 jam
477 744 550 782 smt
569 744 622 789 id,
653 742 759 795 quod
779 755 871 780 cum
892 741 1045 779 summo
1066 741 1192 779 furore
1212 742 1389 794 cupiunt,
1420 742 1573 795 adepti;
1596 756 1692 781 num
1712 742 1773 780 illi

378 812 419 850 in
458 811 585 849 cinere
624 809 742 854 urbis,
783 818 821 846 et
858 808 1041 860 sanguine
1079 807 1241 852 civium,
1288 822 1373 859 quae
1410 818 1541 846 mente
1578 809 1773 857 conscele-

379 886 457 916 rata
491 890 533 915 ac
569 875 711 914 nefaria
744 874 1038 926 concupierunt,
1079 872 1114 910 se
1148 872 1336 918 consules,
1378 887 1420 911 ac
1456 874 1669 920 dictatores,
1708 884 1775 913 aut

379 944 495 981 etiam
528 955 647 994 reges,
678 941 826 993 sperant
857 938 1039 976 futuros?
1077 951 1154 975 non
1187 938 1316 976 vident
1346 938 1385 976 id
1416 937 1450 976 se
1481 952 1634 992 cupere,
1666 939 1774 991 quod

378 1009 405 1047 fi
444 1009 571 1061 adepti
605 1007 763 1052 fuerint,
803 1004 971 1058 fugitivo
1007 1004 1137 1049 alicui,
1178 1014 1243 1042 aut
1276 1005 1492 1058 gladiatori,
1534 1006 1695 1044 concedi
1728 1006 1775 1044 sit

381 1074 522 1115 neceffe
541 1076 553 1113 ?

435 1143 620 1180 Tertium
647 1155 768 1194 genus
795 1141 848 1179 est
875 1148 983 1178 aetate
1002 1141 1086 1192 jam
1112 1139 1308 1184 affe6tum,
1340 1139 1402 1177 sed
1430 1149 1560 1179 tamen
1586 1139 1773 1179 exercita-

379 1208 485 1247 tione
505 1207 704 1245 robustum
723 1221 732 1245 :
764 1219 843 1258 quo
862 1218 910 1243 ex
935 1218 1072 1257 genere
1099 1205 1151 1243 est
1177 1204 1256 1258 ipse
1277 1204 1454 1250 Mallius,
1484 1206 1548 1244 cui
1569 1219 1673 1244 nunc
1695 1204 1773 1244 Ca-

378 1275 490 1313 tilina
520 1273 702 1311 succedit.
735 1273 794 1311 Hi
825 1271 911 1310 sunt
940 1271 1120 1309 homines
1147 1285 1193 1310 ex
1221 1271 1267 1309 iis
1294 1271 1471 1317 coloniis,
1502 1285 1595 1324 quas
1625 1271 1773 1310 Fesulis

381 1341 482 1393 Sylla
502 1339 726 1378 constituit:
759 1352 851 1391 quas
872 1352 944 1390 ego
963 1338 1151 1376 universas
1178 1338 1325 1375 civium
1355 1337 1426 1376 effe
1451 1339 1706 1391 optimorum,
1736 1346 1775 1376 et

379 1406 673 1446 fortiffimorum
694 1406 880 1449 virorum,
911 1403 1054 1442 sentio:
1085 1404 1146 1442 sed
1166 1414 1295 1442 tamen
1315 1403 1358 1442 hi
1379 1404 1464 1442 sunt
1484 1405 1627 1450 coloni,
1649 1404 1717 1457 qui
1738 1403 1774 1442 se

380 1472 576 1526 insperatis
625 1470 906 1524 repentinisque
952 1470 1125 1523 pecuniis
1174 1470 1428 1523 sumptuosius
1474 1470 1774 1523 insolentiusque

375 1540 578 1592 jactarunt.
612 1538 684 1582 Hi,
715 1537 811 1575 dum
832 1535 1021 1574 aedificant
1043 1544 1227 1588 tanquam
1249 1536 1365 1581 beati,
1387 1536 1482 1574 dum
1502 1537 1667 1588 praediiS,
1692 1536 1772 1574 lec-

379 1605 481 1650 ticis,
511 1603 671 1642 familiis
700 1602 865 1655 magnis,
896 1602 1082 1640 conviviis
1110 1602 1310 1655 apparatis,
1341 1601 1590 1647 delectantur,
1620 1602 1660 1640 in
1687 1611 1774 1640 tan-

379 1682 467 1710 tum
487 1684 534 1709 aes
555 1670 723 1708 alienum
745 1668 977 1712 inciderunt,
1010 1677 1066 1712 ut,
1098 1669 1123 1705 fi
1151 1668 1241 1705 salvi
1268 1667 1338 1706 effe
1363 1668 1496 1713 velint,
1529 1669 1630 1720 Sylla
1656 1668 1699 1706 fit
1726 1669 1772 1706 iis

381 1739 426 1776 ab
457 1736 590 1775 inferis
621 1735 860 1774 excitandus.
892 1734 974 1785 Qi
1004 1734 1119 1771 etiam
1150 1734 1358 1771 nonnullos
1389 1734 1562 1786 agrestes,
1593 1734 1772 1772 homines

381 1814 511 1843 tenues
533 1811 647 1854 atque
667 1810 834 1854 egentes,
864 1800 904 1837 in
925 1799 1084 1838 eandem
1106 1799 1215 1836 illam
1236 1799 1341 1851 spem
1362 1800 1580 1851 rapinarum
1601 1808 1773 1839 veterum

381 1860 634 1922 impulerunt.
676 1869 786 1918 Qos
819 1878 891 1918 ego
925 1864 1119 1917 utrosque,
1160 1865 1346 1913 Qirites,
1387 1865 1427 1902 in
1465 1866 1600 1903 eodem
1635 1879 1772 1918 genere

381 1935 637 1988 praedatorum
671 1932 987 1985 direptorumque
1022 1945 1137 1984 pono.
1173 1930 1244 1968 Sed
1278 1944 1341 1968 eos
1375 1930 1450 1969 hoc
1485 1945 1638 1977 moneo,
1675 1932 1772 1970 desi-

381 2010 475 2041 nant
512 2000 650 2044 furere,
690 2012 732 2037 ac
771 1997 1062 2050 proscriptiones
1101 2007 1138 2035 et
1173 1997 1374 2035 dictaturas
1410 1998 1603 2050 cogitare:
1644 2007 1772 2037 tantus

380 2068 486 2105 enim
515 2066 672 2104 illorum
701 2074 922 2116 temporum
951 2064 1059 2102 dolor
1087 2063 1231 2101 inustus
1259 2063 1311 2101 est
1337 2064 1498 2108 civitati,
1532 2074 1573 2101 ut
1594 2065 1676 2115 jam
1707 2065 1774 2102 ista

382 2148 459 2173 non
487 2133 604 2172 modo
630 2131 823 2176 homines,
855 2130 917 2169 sed
945 2144 993 2169 ne
1018 2131 1182 2184 pecudes
1210 2131 1371 2182 quidem
1398 2129 1496 2168 mihi
1525 2129 1678 2183 pafi'urae
1701 2131 1773 2170 effe

381 2201 593 2238 videantur.

437 2266 488 2303 X.
522 2264 716 2315 Qartum
735 2276 856 2315 genus
877 2262 929 2300 est
949 2263 1033 2300 sane
1055 2263 1221 2308 varium,
1252 2272 1289 2300 et
1311 2263 1482 2307 mistum,
1511 2272 1546 2300 et
1569 2261 1771 2301 turbulen-

382 2342 466 2369 tum
486 2346 495 2369 :
528 2331 595 2382 qui
610 2330 845 2381 jampridem
868 2339 1122 2381 premuntur,
1154 2329 1222 2380 qui
1245 2343 1444 2381 nunquam
1464 2338 1681 2381 emergent:
1705 2329 1773 2380 qui

383 2397 522 2448 partim
562 2396 710 2440 inertia,
750 2395 892 2447 partim
927 2395 1026 2432 male
1063 2395 1230 2447 gerendo
1269 2396 1438 2447 negotio,
1476 2396 1616 2447 partim
1655 2395 1771 2432 etiam

385 2462 614 2515 sumptibus,
655 2463 694 2500 in
733 2471 858 2501 vetere
896 2475 965 2500 aere
1004 2461 1128 2501 alieno
1164 2461 1372 2500 vacillant:
1422 2463 1490 2514 qui
1529 2461 1770 2504 vadimoniis,
