2212 2835
536 197 623 234 DE
682 195 1155 237 HARUSPICUM
1214 199 1609 242 RESPONSIS.
1694 218 1769 255 411

376 294 524 348 semper
543 296 710 342 senatui,
742 297 889 350 semper
907 297 994 350 ipfis
1015 298 1103 336 Diis
1125 298 1411 339 immortalibus
1426 330 1436 345 ,
1468 301 1553 339 satis
1576 301 1767 347 sanctum,

375 360 461 399 satis
482 363 707 415 augustum,
739 363 825 401 satis
846 363 1090 415 religiosum,
1121 365 1193 402 effe
1212 365 1337 403 visum
1358 366 1423 404 est.
1456 368 1512 404 At
1532 381 1620 406 vero
1641 382 1769 407 meam

374 426 536 467 domum
560 429 603 466 P.
627 429 832 474 Lentulus,
863 429 996 467 consul
1017 438 1055 466 et
1080 429 1270 481 pontifex,
1303 432 1347 468 P.
1373 432 1566 478 Servilius,
1598 435 1660 472 M.
1684 436 1768 473 Lu-

373 493 520 539 cullus,
553 494 833 546 QMetellus‚
866 495 948 532 M’.
972 494 1154 540 Glabrio,
1187 495 1247 532 M.
1275 495 1452 541 Mefl‘ala,
1484 499 1533 536 L.
1556 500 1766 545 Lentulus,

372 558 511 597 flamen
533 561 749 605 Martialis,
782 561 825 598 P.
849 559 999 605 Galba,
1032 561 1264 613 QScipio‚
1297 562 1345 599 C.
1369 563 1561 609 Fannius,
1594 566 1656 603 M.
1690 568 1767 604 Le-

372 625 485 677 pidus
502 654 513 670 ,
544 627 593 664 L.
619 626 804 664 Claudius
822 655 833 670 ‚
865 639 931 664 rex
952 626 1143 665 sacrorum
1158 657 1169 673 ‚
1201 628 1264 666 M.
1289 630 1448 667 Scaurus
1463 658 1474 674 ‚
1506 631 1570 668 M.
1594 631 1742 670 Crassus
1757 662 1769 677 ,

372 690 419 728 C.
441 691 565 729 Curio
581 720 592 736 ,
625 692 711 730 Sex.
743 692 891 737 Caesar,
924 692 1063 731 flamen
1098 693 1310 745 Qirinalis
1329 722 1340 738 ‚
1373 695 1440 746 Q
1458 696 1662 735 Cornelius
1679 726 1690 742 ,
1723 698 1766 736 P.

370 755 655 803 Albinovanus,
687 758 984 809 QTerentius,
1015 759 1219 811 pontifices
1248 760 1432 806 minores,
1463 762 1573 800 causa
1597 764 1765 815 cognita,

371 822 522 861 duobus
554 823 649 862 locis
680 823 807 869 dicta,
839 825 1010 862 maxima
1038 823 1256 877 frequentia
1286 826 1608 879 ampliffimorum
1639 842 1681 866 ac
1709 829 1766 867 sa-

370 890 697 942 pientiffimorum
712 891 863 929 civium
882 891 1035 937 astante,
1052 892 1164 931 omni
1183 892 1369 946 religione
1389 906 1464 932 una
1483 904 1612 934 mente
1631 909 1766 934 omnes

369 955 643 996 liberaverunt.

425 1024 518 1061 VII.
552 1023 667 1076 Nego
697 1037 869 1076 unquam
890 1024 974 1076 post
995 1024 1093 1062 sacra
1112 1024 1318 1064 constituta
1334 1055 1345 1071 ,
1374 1039 1543 1078 quorum
1563 1028 1694 1066 eadem
1715 1029 1768 1068 est

369 1089 579 1142 antiquitas
596 1118 607 1134 ‚
640 1103 724 1141 quae
744 1090 858 1143 ipfius
880 1091 985 1128 urbis
1003 1120 1014 1135 ‚
1046 1091 1125 1128 ulla
1149 1091 1196 1128 de
1222 1104 1261 1128 re
1278 1121 1288 1136 ,
1320 1105 1368 1130 ne
1395 1093 1441 1131 de
1463 1094 1589 1146 capite
1607 1094 1766 1147 quidem

369 1156 568 1208 virginum
590 1155 802 1194 Vestalium
820 1185 831 1200 ,
863 1165 943 1194 tarn
970 1155 1150 1208 frequens
1171 1157 1383 1210 collegium
1397 1159 1594 1211 judicaffe.
1627 1161 1767 1212 Qan-

371 1235 489 1274 quam
510 1222 556 1259 ad
582 1220 763 1259 facinoris
790 1222 1094 1274 disquisitionem
1117 1223 1270 1261 interest
1290 1222 1408 1262 adeffe
1427 1226 1736 1278 quamplurimos
1754 1247 1764 1272 3

374 1288 457 1339 (ita
476 1287 529 1325 est
546 1288 653 1325 enim
674 1288 936 1340 interpretatio
956 1288 1023 1326 illa
1042 1289 1274 1341 pontificum
1294 1319 1305 1334 ,
1337 1299 1381 1328 ut
1400 1291 1520 1329 iidem
1541 1292 1768 1344 potestatem

370 1352 537 1392 habeant
559 1354 769 1406 judicum:
802 1353 998 1406 religionis
1031 1354 1198 1407 expiatio
1225 1354 1285 1393 vel
1309 1355 1355 1393 ab
1386 1369 1463 1394 uno
1489 1357 1673 1410 pontifice
1698 1373 1767 1412 pe-

371 1420 446 1458 rito
466 1422 564 1458 refte
584 1419 667 1458 fieri
687 1419 809 1472 potest
821 1438 832 1464 3
862 1420 967 1471 quod
987 1420 1091 1458 idem
1112 1420 1152 1458 in
1166 1421 1317 1471 judicio
1337 1423 1472 1474 capitis
1493 1422 1636 1462 durum
1657 1434 1771 1478 atque

371 1486 555 1538 iniquum
586 1486 667 1537 est)
702 1495 831 1523 tamen
862 1485 911 1522 fic
942 1486 1150 1537 reperietiS‚
1182 1485 1458 1538 frequentiores
1490 1489 1692 1540 pontifices
1723 1491 1770 1529 de

371 1564 460 1589 mea
479 1551 597 1589 domo
613 1579 624 1595 ‚
655 1564 772 1603 quam
795 1564 968 1601 unquam
997 1551 1043 1588 de
1062 1552 1300 1589 caeremoniis
1321 1552 1517 1605 virginum
1532 1583 1542 1599 ,
1568 1555 1767 1607 judicafl‘e.

374 1617 527 1655 Postero
547 1617 607 1655 die
626 1615 954 1668 frequentiffimus
977 1617 1124 1654 senatus
1138 1646 1149 1662 ‚
1182 1626 1218 1655 te
1241 1618 1398 1656 consule
1418 1619 1632 1672 defignat0‚
1663 1623 1769 1660 Len-

373 1682 454 1721 tule
471 1711 481 1727 ,
512 1682 705 1721 sententiae
725 1682 901 1735 principe
919 1711 929 1727 ,
962 1684 1005 1721 P.
1030 1683 1199 1721 Lentulo
1218 1693 1255 1722 et
1275 1685 1519 1736 QMetello
1545 1686 1767 1726 consulibus

372 1747 642 1793 referentibus,
674 1748 816 1793 statuit,
848 1762 940 1786 cum
961 1763 1095 1787 omnes
1116 1749 1332 1802 pontifices,
1354 1752 1421 1803 qui
1442 1761 1548 1790 erant
1567 1751 1683 1805 hujus
1703 1767 1768 1792 or-

371 1815 486 1861 dinis,
517 1814 696 1861 adessent,
727 1829 897 1868 cumque
916 1816 996 1862 alii,
1027 1817 1096 1869 qui
1114 1815 1327 1856 honoribus
1347 1818 1483 1871 populi
1510 1820 1681 1858 Romani
1699 1834 1770 1858 an-

370 1881 621 1926 tecedebant,
651 1881 776 1920 multa
795 1882 841 1920 de
861 1882 1016 1935 collegii
1030 1882 1181 1934 judicio
1200 1883 1313 1922 verba
1333 1883 1505 1923 feciffent
1518 1914 1529 1931 ,
1559 1886 1771 1939 omnesque

372 1948 491 1986 iidem
513 1948 713 1986 scribendo
740 1948 903 1987 adeffent
921 1967 931 1994 ;
964 1949 1127 1988 domum
1154 1963 1281 1989 meam
1298 1979 1309 1996 ,
1334 1951 1486 2003 judicio
1506 1952 1739 2005 pontificum
1755 1982 1768 2000 ,

373 2013 557 2066 religione
576 2013 776 2052 liberatam
796 2015 930 2054 videri.

428 2080 491 2117 De
524 2078 600 2118 hoc
634 2080 754 2132 igitur
789 2080 876 2119 loco
911 2081 1012 2120 sacro
1051 2081 1293 2134 potiffimum
1332 2083 1511 2122 videntur
1548 2083 1766 2137 haruspices

371 2145 498 2183 dicere
516 2174 527 2190 ,
559 2146 628 2197 qui
654 2145 762 2184 locus
789 2145 888 2185 solus
916 2161 962 2185 ex
984 2148 1140 2200 privatis
1160 2148 1255 2187 locis
1276 2149 1460 2187 omnibus
1480 2148 1556 2188 hoc
1575 2150 1767 2202 praecipue

368 2211 467 2262 juris
488 2210 619 2256 habet,
651 2220 694 2249 ut
715 2212 761 2249 ab
781 2212 883 2265 ipfis,
914 2213 982 2265 qui
1002 2213 1113 2252 sacris
1134 2214 1312 2266 praesunt,
1344 2213 1443 2253 sacer
1468 2228 1545 2253 non
1572 2214 1641 2252 effe
1656 2214 1765 2265 judi-

371 2285 479 2314 catus
500 2277 543 2314 fit
562 2278 574 2314 ?
597 2277 744 2315 Verum
765 2277 914 2324 referte,
946 2279 1051 2331 quod
1069 2293 1116 2318 ex
1137 2280 1486 2318 senatus-consulto
1505 2279 1627 2317 facere
1648 2280 1766 2318 debe-

374 2343 423 2381 tis
442 2358 450 2378 :
483 2352 548 2381 aut
569 2343 677 2381 vobis
698 2345 871 2396 cognitio
892 2345 1057 2390 dabitur,
1089 2346 1158 2398 qui
1179 2346 1296 2398 primi
1317 2346 1363 2383 de
1383 2345 1454 2382 hac
1475 2345 1592 2383 domo
1612 2345 1765 2384 senten-

370 2410 469 2447 'tiam
490 2409 636 2447 dixistis
654 2438 665 2454 ,
695 2419 734 2448 et
759 2424 842 2448 eam
862 2411 1047 2463 religione
1066 2413 1175 2450 omni
1196 2411 1377 2449 liberastis
1395 2429 1405 2454 3
1438 2419 1502 2448 aut
1522 2411 1668 2450 senatus
1690 2412 1768 2465 ipse

371 2475 591 2526 judicabit,
631 2476 727 2529 qui,
765 2489 842 2515 uno
875 2476 945 2514 illo
977 2476 1056 2515 solo
1086 2476 1250 2515 antistite
1280 2476 1471 2514 sacrorum
1500 2475 1736 2516 dissentiente
1754 2505 1765 2523 ‚

1293 2542 1322 2578 F
1353 2540 1375 2579 f
1397 2540 1419 2579 f
1446 2554 1467 2580 2
