2212 2835
537 191 617 231 432
950 170 1376 216 ORATIO,
1447 172 1524 211 &c.

542 274 783 329 permovebit
806 274 817 310 ?
850 272 988 311 Nolite
1022 271 1129 310 enim
1162 271 1202 309 id
1238 280 1371 324 putare
1404 271 1576 310 accidere
1608 269 1710 324 poffe
1723 299 1734 317 ,
1765 271 1871 324 quod
1899 271 1942 310 ia

542 342 684 380 fabulis
704 341 798 394 saepe
819 339 955 378 videtis
976 338 1073 384 fieri,
1105 347 1149 376 ut
1168 339 1276 376 Deus
1295 338 1450 392 aliquis,
1482 337 1653 391 delapsus
1680 352 1701 376 e
1720 338 1828 383 caelo,
1858 351 1941 376 coe-

534 417 603 447 ,tus
623 407 834 446 hominum
854 406 962 446 adeat
978 434 990 451 ,
1021 404 1187 444 versetur
1212 405 1255 443 in
1282 405 1389 443 terris
1408 435 1418 450 ‚
1449 419 1542 443 cum
1566 403 1795 443 hominibus
1816 404 1942 442 collo-

541 484 695 528 quatur.
735 474 915 527 Cogitate
934 485 1055 526 genus
1077 472 1222 510 sonitus
1243 473 1323 524 ejus
1341 501 1351 518 ‚
1384 485 1504 524 quem
1524 470 1762 510 Latinienses
1783 471 1942 509 nuntia-

542 552 659 581 runt:
702 540 957 580 recordamini
993 539 1091 577 illud
1125 540 1270 584 etiam,
1307 539 1414 591 quod
1445 538 1622 577 nondum
1660 538 1714 576 est
1746 538 1941 583 relatum,

541 609 648 661 quod
667 608 804 646 eodem
822 605 901 645 fere
922 616 1096 659 tempore
1115 605 1237 644 factus
1264 606 1305 643 in
1332 619 1422 658 agro
1451 606 1596 643 Piceno
1623 605 1809 643 Potentiae
1836 618 1943 642 nun-

541 676 658 714 tiatur
679 684 783 713 terrae
803 682 934 711 motus
955 671 1167 717 horribilis,
1185 686 1278 710 cum
1298 672 1528 725 quibusdam
1549 672 1684 710 multis
1705 670 1943 709 metuendis-

537 755 617 794 que
637 741 749 778 rebus
769 754 777 777 :
809 738 891 776 haec
913 738 1045 776 eadem
1066 735 1239 790 profesto
1254 766 1264 781 ,
1295 751 1380 789 quae
1400 736 1531 776 futura
1549 737 1803 790 prospicimus
1819 765 1830 782 ,
1861 737 1942 775 irn-

541 806 747 861 pendentia
766 804 1058 859 pertimescetIS.
1076 804 1236 841 Etenim
1253 802 1334 841 haec
1352 804 1527 841 Deorum
1547 804 1831 842 immortalium
1852 817 1941 849 vox,

539 873 624 914 haec
658 886 756 926 pene
789 872 924 917 oratio,
950 870 1161 923 judicanda
1194 869 1259 916 est,
1292 883 1385 908 cum
1414 869 1493 922 ipse
1525 870 1711 914 mundus,
1741 883 1835 907 curn
1865 883 1940 915 aer,

542 949 657 992 atque
677 948 798 984 terrae,
821 947 932 977 motu
952 936 1123 991 quodam
1144 950 1245 975 novo
1265 936 1585 981 contremiscunt,
1613 945 1652 974 et
1671 935 1851 974 inufitato
1871 935 1942 973 ali-

542 1006 638 1059 quid
659 1005 751 1044 sono
771 1004 1070 1057 incredibilique
1090 1003 1318 1057 praedicunt.
1351 1004 1397 1041 In
1425 1016 1504 1055 quo
1530 1001 1804 1041 constituendae
1831 1001 1943 1040 nobis

542 1073 701 1126 quidem
724 1072 811 1110 sunt
831 1072 1116 1125 procurationes
1131 1100 1142 1116 ‚
1174 1079 1213 1108 et
1232 1070 1468 1115 obsecratio,
1498 1069 1833 1123 quemadmodum
1854 1082 1942 1107 mo-

543 1153 695 1178 nemur.
744 1139 814 1178 Sed
839 1138 970 1178 faciles
992 1138 1079 1177 sunt
1099 1151 1229 1192 preces
1250 1138 1351 1191 apud
1371 1150 1434 1175 eos
1453 1167 1462 1183 ,
1495 1137 1564 1189 qui
1584 1137 1686 1176 ultro
1706 1136 1816 1175 nobis
1840 1136 1943 1175 viam

543 1206 672 1245 salutis
693 1206 900 1245 ostendunt
919 1220 928 1244 t
961 1205 1094 1245 nostrae
1122 1204 1233 1244 nobis
1261 1205 1349 1243 sunt
1376 1204 1474 1243 inter
1494 1217 1562 1244 nos
1584 1205 1647 1242 irae
1668 1203 1943 1258 discordiaeque

541 1273 750 1331 placandae.
