2212 2835
810 151 948 189 PRO
1010 151 1054 189 P.
1114 149 1361 188 sYLLA.
1717 149 1797 202 237

398 262 546 306 patrem
570 262 696 297 tuum,
727 260 813 290 tum
834 251 1113 290 communibus
1132 260 1216 289 tum
1240 250 1440 303 praecipuis
1462 249 1578 303 patr1s
1608 250 1664 288 tui
1692 250 1795 303 peri-

400 319 498 358 culis
519 319 848 358 commovebatur.
882 318 987 370 Ergo
1006 317 1112 355 istius
1132 317 1406 368 conjurationis
1429 318 1577 354 crimen
1598 315 1798 354 defensum

401 387 449 424 ab
470 400 515 424 eo
535 386 600 431 est,
632 386 701 438 qui
729 383 920 429 interfuit,
952 384 1021 435 qui
1047 383 1245 436 cognovit,
1277 383 1344 435 qui
1372 383 1559 435 particeps
1586 392 1623 421 et
1650 383 1799 421 consilii

402 453 514 491 vestri
532 451 624 496 fuit,
654 459 693 490 et
712 451 892 489 timoris:
923 450 1034 501 cujus
1062 449 1103 486 in
1131 447 1207 486 hoc
1235 449 1400 486 crimine
1426 449 1684 501 propulsando
1705 463 1799 488 cum

400 517 491 556 effet
523 516 777 570 copiofiffima
808 525 923 567 atque
951 513 1186 552 ornatiffima
1217 514 1364 559 oratio,
1398 523 1528 552 tamen
1557 528 1635 552 non
1668 516 1798 554 minus

400 584 523 622 inerat
543 582 776 621 auetoritatis
804 582 845 619 in
871 594 926 626 ea,
957 593 1076 633 quam
1104 578 1313 618 facultatis.
1347 580 1456 618 Illius
1481 580 1601 633 igitur
1619 582 1799 633 conjura—

400 650 531 696 tionis,
562 663 647 702 quae
667 648 765 687 faeta
785 656 918 686 contra
937 661 1018 692 vos,
1050 647 1172 685 delata
1192 646 1238 685 ad
1258 660 1339 692 vos,
1369 660 1391 684 a
1410 646 1519 685 vobis
1539 647 1700 700 prolata,
1730 647 1802 686 effe

402 717 559 762 dicitur,
574 730 646 770 ego
663 716 765 754 testis
786 714 857 753 effe
877 728 954 752 non
975 715 1105 768 potui:
1129 728 1207 752 non
1225 714 1344 752 modo
1363 714 1469 753 enim
1488 713 1589 752 nihil
1609 716 1801 768 comperi,

402 784 464 822 sed
483 785 549 823 vix
571 784 617 822 ad
636 797 741 821 aures
763 795 865 820 meas
886 782 991 820 istius
1012 781 1236 834 suspicionis
1257 780 1360 819 fama
1380 782 1568 834 pervenit.

460 851 544 902 Qi
564 849 766 888 vobiscum
787 849 827 886 in
854 847 1011 886 confilio
1035 846 1207 892 fuerunt,
1239 848 1308 900 qui
1335 847 1533 886 vobiscum
1560 848 1627 886 illa
1654 862 1803 902 cogno-

405 919 510 961 funt,
541 915 684 968 quibus
710 914 797 968 ipsis
823 914 1042 967 periculum
1070 924 1158 952 tum
1183 914 1340 952 conflari
1369 914 1589 967 putabatur,
1619 916 1689 968 qui
1715 917 1802 953 Au-

405 984 533 1022 tronio
553 996 630 1021 non
651 981 881 1026 adfuerunt,
912 981 980 1033 qui
1001 981 1041 1019 in
1062 981 1177 1019 illum
1199 981 1417 1019 testimonia
1442 982 1569 1034 gravia
1596 982 1803 1027 dixerunt,

405 1050 512 1088 hunc
539 1048 774 1093 defendunt,
805 1047 899 1086 huic
926 1048 1087 1093 adsunt,
1118 1048 1158 1085 in
1185 1046 1301 1100 hujus
1327 1048 1500 1101 periculo
1521 1049 1738 1095 declarant,
1769 1049 1806 1087 se

406 1130 486 1156 non
514 1116 677 1155 crimine
706 1114 1009 1167 conjurationis,
1040 1128 1087 1152 ne
1115 1114 1280 1152 adessent
1306 1116 1474 1160 caeteris,
1506 1115 1566 1153 sed
1594 1114 1805 1154 hominum

407 1183 625 1226 maleficio,
661 1181 860 1219 deterritos
895 1180 978 1218 effe.
1015 1180 1102 1218 Mei
1135 1180 1354 1218 consulatus
1388 1190 1517 1219 autem
1552 1191 1730 1234 tempus,
1766 1190 1805 1220 et

407 1249 557 1287 crimen
587 1249 768 1286 maxima:
799 1246 1101 1299 conjurationis,
1132 1260 1153 1284 a
1182 1260 1246 1284 me
1273 1245 1512 1285 defendetur.
1545 1248 1678 1299 Atque
1707 1248 1809 1286 inter

408 1330 477 1354 nos
508 1315 664 1369 partitio
695 1329 773 1353 non
803 1315 857 1352 est
884 1313 1062 1359 fortuito,
1094 1314 1266 1365 judices,
1298 1327 1368 1351 nec
1399 1323 1543 1352 temere
1571 1313 1695 1352 facta:
1729 1313 1805 1358 sed,

409 1396 502 1421 curn
522 1383 755 1427 videremus,
786 1394 922 1419 eorum
942 1380 1156 1418 criminum
1183 1394 1252 1418 nos
1280 1389 1459 1432 patronos
1487 1379 1673 1425 adhiberi,
1705 1394 1806 1433 quo·-

407 1463 494 1488 rum
515 1449 624 1487 testes
644 1448 716 1486 effe
736 1447 942 1500 poffemus,
976 1456 1138 1498 uterque
1158 1446 1331 1484 nostrum
1358 1446 1397 1484 id
1425 1447 1494 1484 fibi
1522 1446 1809 1500 suscipiendum

407 1515 570 1567 putavit,
601 1515 647 1552 de
667 1528 746 1566 quo
765 1513 912 1565 aliquid
934 1513 1025 1550 scire
1045 1512 1124 1564 ipse
1143 1521 1258 1564 atque
1277 1512 1493 1550 existimare
1513 1513 1709 1565 potuisset.

462 1582 514 1619 V.
547 1581 613 1626 Et,
635 1581 822 1632 quoniam
851 1579 897 1617 de
918 1578 1150 1617 criminibus
1175 1578 1378 1631 superioris
1399 1579 1674 1631 conjurationis
1696 1581 1806 1618 Hor-

409 1648 573 1686 tensium
594 1647 800 1700 diligenter
819 1645 988 1691 audistis,
1010 1645 1056 1683 de
1073 1644 1145 1683 hac
1161 1646 1440 1697 conjuratione,
1463 1659 1547 1698 quae
1569 1660 1631 1684 me
1652 1645 1808 1684 consule

409 1714 506 1753 faeta
526 1713 591 1759 est,
623 1713 699 1752 hoc
720 1714 894 1766 primum
915 1712 1114 1750 attendite.
1147 1712 1293 1757 Multa,
1325 1726 1417 1750 cum
1441 1711 1553 1750 effem
1581 1712 1728 1757 consul,
1760 1712 1807 1749 de

410 1781 572 1819 summis
593 1780 816 1833 reipublicae
836 1779 1016 1832 periculis
1038 1778 1187 1823 audivi,
1217 1778 1343 1817 multa
1363 1778 1538 1831 quaefivi,
1568 1778 1692 1816 multa
1712 1791 1807 1831 cog-

409 1848 521 1886 novi:
543 1847 673 1885 nullus
695 1859 869 1898 unquam
889 1846 936 1883 de
957 1845 1059 1896 Sylla
1078 1845 1239 1883 nuntius
1260 1845 1305 1882 ad
1327 1859 1403 1889 me,
1427 1844 1581 1882 nullum
1602 1845 1813 1889 indicium,

411 1913 527 1951 nullae
547 1913 665 1951 literae
686 1920 954 1966 pervenerunt,
987 1911 1093 1949 nulla
1112 1911 1290 1964 suspiciO.
1324 1911 1506 1949 Multum
1526 1910 1608 1949 hazc
1633 1925 1706 1949 vox
1726 1910 1809 1949 for-

412 1979 499 2017 taffe
519 1979 671 2016 deberet
695 1979 816 2016 valere
837 1979 918 2031 ejus
939 1977 1127 2023 hominis,
1158 1978 1227 2030 qui
1251 1976 1383 2015 consul
1411 1977 1561 2015 infidias
1589 1977 1810 2030 reipublicae

411 2045 568 2084 confilio
586 2045 850 2098 investigasset,
881 2046 1038 2083 veritate
1058 2044 1270 2097 aperuiffet,
1293 2044 1561 2098 magnitudine
1581 2044 1701 2082 animi
1723 2044 1808 2080 vin-

417 2111 582 2156 dicasset,
614 2125 706 2150 cum
737 2111 814 2164 ipse
844 2111 942 2149 nihil
975 2111 1115 2149 audisse
1147 2112 1194 2149 de
1225 2112 1268 2149 P.
1300 2111 1416 2162 Sylla,
1449 2109 1548 2148 nihil
1580 2110 1810 2162 suspicatum

415 2177 501 2222 effe,
524 2177 678 2215 diceret.
711 2178 783 2216 Sed
803 2191 875 2230 ego
896 2178 1071 2215 nondum
1093 2186 1179 2215 utor
1200 2176 1272 2214 hac
1292 2190 1386 2215 voce
1406 2176 1452 2214 ad
1473 2175 1579 2214 hunc
1601 2174 1808 2213 defenden-

417 2245 539 2282 dum:
572 2244 618 2281 ad
648 2244 894 2296 purgandum
930 2258 992 2282 me
1028 2244 1156 2297 potius
1192 2252 1305 2289 utor3
1343 2252 1386 2281 ut
1422 2243 1551 2280 mirari
1587 2243 1810 2291 Torquatus

419 2310 574 2353 desinat,
606 2323 684 2354 me,
715 2310 783 2361 qui
805 2311 998 2348 Autronio
1015 2309 1221 2355 abfuerim,
1253 2309 1396 2361 Syllam
1419 2307 1632 2345 defendere.

475 2377 573 2427 Qae
603 2376 708 2413 enim
738 2375 921 2414 Autronii
949 2376 1022 2414 fuit
1050 2376 1188 2414 causa?
1220 2390 1305 2427 quae
1333 2375 1444 2425 Syllae
1470 2373 1552 2409 cst?
1586 2372 1656 2409 Ille
1683 2371 1810 2409 ambi-

421 2452 482 2481 tus
516 2441 711 2495 judicium
752 2441 884 2479 tollere
923 2454 965 2479 ac
1011 2441 1218 2479 disturbare
1263 2441 1436 2493 primum
1482 2437 1647 2476 conflato
1691 2438 1815 2475 voluit
