2212 2835
531 187 607 227 310
1038 165 1439 203 ORATIO

529 269 751 325 amplissimi
772 281 914 307 nomen
935 266 1021 320 plus
1043 266 1210 312 invidiae,
1234 280 1353 319 quam
1374 266 1585 319 dignitatis,
1609 266 1752 307 afferre.
1785 267 1923 307 Affue-

528 347 632 383 runt,
655 337 798 388 inquit,
821 335 1013 379 Cafflinae,
1040 334 1234 386 illumque
1254 334 1470 372 laudarunt.
1504 334 1627 372 Nulla
1648 342 1732 372 tum
1754 336 1920 387 patebat,

527 406 635 444 nulla
666 413 743 442 erat
773 403 953 455 cognita,
984 402 1225 454 conjuratio:
1258 400 1515 440 defendebant
1546 402 1739 446 amicum,
1770 402 1923 441 aderant

527 472 705 525 supplici,
736 471 824 509 vitae
851 470 932 522 ejus
964 468 1247 522 turpitudinem
1278 469 1318 506 in
1347 469 1509 507 summis
1537 469 1618 521 ejus
1640 468 1822 521 periculis
1844 483 1921 507 non

527 539 841 591 insequebantur.
874 537 984 587 Qin
1010 536 1128 574 etiam
1155 549 1287 588 parens
1318 544 1420 580 tuus,
1453 536 1666 588 Torquate,
1698 535 1830 573 consul
1858 548 1922 573 reo

529 606 575 644 de
595 605 768 657 pecuniis
789 602 1008 656 repetundis
1031 601 1209 639 Catilinae
1229 600 1305 639 fuit
1325 601 1554 639 advocatus:
1587 603 1769 655 improbo
1789 600 1922 639 homi-

528 673 582 717 ni,
615 681 651 709 at
672 670 866 723 supplici;
898 668 1049 707 fortaffe
1076 668 1224 713 audaci,
1255 678 1293 706 at
1318 668 1526 720 aliquando
1553 669 1693 707 amico.
1731 668 1808 707 Cui
1830 681 1922 706 cum

528 737 651 776 adfuit
673 737 754 789 post
774 735 939 773 delatam
960 735 1007 772 ad
1026 747 1116 771 eum
1137 734 1305 786 primam
1326 734 1435 772 illam
1454 735 1761 786 conjurationem
1778 753 1788 778 ;
1818 734 1921 772 indi-

529 806 629 843 cavit
650 804 683 841 se
704 801 843 840 audisse
865 800 1025 853 aliquid,
1057 814 1136 838 non
1156 800 1366 838 credidiffe.
1399 802 1454 838 At
1474 801 1579 839 idem
1599 815 1678 839 non
1705 800 1829 839 adfuit
1849 800 1924 839 alio

527 874 567 910 in
583 870 749 923 judicio,
779 882 872 907 cum
894 867 1059 906 adeffent
1079 867 1219 905 caeteri.
1257 867 1295 905 Si
1315 866 1442 919 postea
1461 875 1645 918 cognorat
1665 867 1742 919 ipse
1762 867 1922 919 aliquid,

529 938 635 991 quod
667 938 707 975 in
738 935 939 974 consulatu
969 933 1195 987 ignoraffet;
1227 933 1508 986 ignoscendum
1535 933 1587 971 est
1614 933 1674 978 iis,
1707 933 1775 985 qui
1801 933 1927 986 postea

528 1004 628 1043 nihil
649 1004 876 1041 audierunt:
908 1002 963 1040 fin
984 1000 1051 1039 illa
1069 1014 1125 1039 res
1146 1001 1272 1054 prima
1291 1000 1411 1039 valuit
1426 1019 1438 1046 3
1471 1014 1549 1038 non
1570 1000 1788 1045 inveterata,
1806 1014 1926 1053 quam
1956 986 1960 991 .

530 1085 673 1115 recens,
705 1070 840 1109 debuit
865 1069 936 1108 effe
966 1068 1130 1121 gravior,
1167 1067 1252 1113 Sed,
1284 1068 1311 1106 fi
1343 1076 1432 1105 tuus
1464 1081 1612 1120 parens,
1644 1067 1762 1106 etiam
1791 1067 1832 1105 in
1860 1067 1927 1106 illa

528 1138 741 1191 suspicione
762 1135 925 1189 periculi
952 1135 1023 1180 sui,
1055 1144 1184 1173 tamen
1216 1133 1458 1173 humanitate
1490 1134 1675 1172 adductus
1707 1133 1924 1172 advocatio-

528 1219 618 1243 nem
634 1203 806 1242 hominis
828 1201 1102 1254 improbiffimi
1122 1201 1209 1239 sella
1228 1201 1368 1245 curuli,
1391 1210 1506 1252 atque
1528 1202 1762 1239 ornamentis
1783 1209 1821 1239 et
1836 1200 1925 1245 suis,

527 1281 566 1309 et
586 1270 819 1314 consulatus,
849 1268 1062 1306 honestavit
1078 1286 1089 1312 5
1122 1266 1217 1320 quid
1237 1267 1303 1312 est,
1332 1268 1586 1319 quamobrem
1607 1267 1834 1312 consulares,
1857 1268 1927 1319 qui

529 1337 707 1376 Catilinae
728 1335 946 1379 adfuerunt,
978 1333 1331 1387 reprehendantur?

583 1405 638 1442 At
659 1403 779 1441 iidem
800 1403 860 1446 iis,
883 1401 951 1453 qui
972 1411 1058 1439 ante
1078 1399 1184 1438 hunc
1207 1399 1357 1438 causam
1378 1400 1424 1438 de
1445 1399 1707 1452 conjuratione
1727 1399 1923 1444 dixerunt,

529 1484 605 1508 non
642 1468 859 1507 adfuerunt.
900 1469 1032 1505 Tanto
1066 1466 1203 1505 scelere
1235 1466 1420 1505 adstrictis
1455 1465 1684 1505 hominibus
1716 1465 1928 1504 statuerunt

527 1536 628 1575 nihil
658 1550 678 1574 a
708 1536 742 1573 se
775 1534 1004 1588 adjumentI‚
1040 1532 1141 1572 nihil
1168 1533 1267 1587 opis,
1299 1531 1399 1571 nihil
1433 1533 1581 1578 auxilii,
1611 1532 1704 1571 ferri
1736 1541 1925 1585 oportere.

528 1606 676 1657 Atque,
708 1612 751 1641 ut
782 1603 828 1640 de
858 1615 993 1639 eorum
1024 1600 1235 1640 constantia
1267 1608 1382 1653 atque
1409 1600 1540 1638 animo
1569 1600 1610 1638 in
1642 1599 1927 1652 rempublicam

528 1672 671 1715 dicam,
703 1683 871 1723 quorum
903 1669 1018 1706 tacita
1047 1667 1209 1720 gravitas
1239 1676 1277 1705 et
1297 1666 1390 1705 fides
1411 1667 1458 1705 de
1479 1679 1715 1720 unoquoque
1734 1666 1925 1718 loquitur,

528 1752 655 1791 neque
685 1736 914 1789 cujusquam
944 1741 1171 1773 ornamenta
1199 1733 1382 1771 orationis
1413 1733 1621 1777 defiderat;
1663 1733 1787 1785 potest
1817 1733 1924 1784 quis-

529 1818 646 1857 quam
675 1804 801 1841 dicere
832 1815 1006 1854 unquam
1032 1800 1226 1845 meliores,
1257 1798 1449 1843 fortiores,
1481 1799 1753 1837 constantiores
1783 1799 1924 1837 consu-

529 1873 622 1909 lares
654 1868 783 1914 fuisse,
819 1881 937 1921 quam
969 1868 1015 1905 iis
1046 1866 1309 1920 temporibus,
1344 1875 1383 1904 et
1411 1866 1614 1919 periculiS,
1652 1866 1794 1918 quibus
1827 1879 1925 1919 pene

528 1935 698 1990 oppreffa
713 1935 765 1974 est
786 1933 1020 1987 respublica?
1044 1934 1144 1986 Qis
1160 1947 1239 1973 non
1255 1933 1302 1971 de
1316 1933 1522 1971 communi
1542 1933 1659 1971 salute
1679 1932 1923 1985 apertiffime,

531 2005 618 2057 quis
640 2017 717 2042 non
739 2001 953 2046 fortiffirne‚
982 2001 1070 2053 quis
1090 2015 1169 2039 non
1188 2000 1499 2045 constantiffime,
1522 1999 1631 2038 senfit
1649 2000 1662 2037 ?
1694 2000 1836 2052 Neque
1855 2013 1927 2053 ego

527 2071 718 2125 praecipue
738 2069 785 2107 de
804 2068 1066 2106 consularibus
1088 2067 1263 2121 disputo:
1297 2081 1386 2105 nam
1415 2066 1496 2106 haec
1523 2076 1560 2105 et
1580 2066 1790 2104 hominum
1811 2080 1924 2104 orna-

530 2138 777 2181 tissimorum,
796 2136 864 2188 qui
885 2144 1063 2188 praetores
1084 2134 1256 2180 fuerunt,
1274 2143 1311 2173 et
1332 2135 1492 2173 univers]
1515 2134 1678 2179 senatus,
1701 2132 1936 2171 communis

526 2205 583 2243 est
602 2204 682 2242 laus
699 2218 707 2242 z
741 2212 784 2241 ut
804 2202 962 2248 constet,
989 2202 1073 2256 post
1092 2201 1301 2240 hominum
1322 2201 1552 2240 memoriam
1574 2213 1775 2252 nunquam
1795 2200 1837 2238 in
1857 2199 1927 2238 illo

529 2270 664 2309 ordine
685 2269 771 2323 plus
792 2269 958 2313 virtutis,
991 2268 1078 2321 plus
1099 2268 1240 2306 amoris
1262 2268 1302 2306 in
1323 2267 1623 2320 rempublicam,
1652 2266 1738 2319 plus
1757 2265 1924 2318 gravita-

531 2338 596 2382 tis,
628 2335 750 2375 fuiffe.
793 2335 864 2373 Sed
895 2336 984 2387 quia
1017 2334 1102 2373 sunt
1133 2334 1311 2387 descripti
1343 2333 1571 2378 consulares,
1608 2333 1653 2370 de
1681 2331 1741 2371 his
1772 2339 1924 2370 tantum

532 2402 634 2442 mihi
667 2402 878 2440 dicendum
907 2401 1063 2454 putavi,
1099 2401 1205 2454 quod
1239 2400 1323 2439 satis
1358 2399 1471 2445 effet,
1506 2399 1701 2438 attestante
1740 2397 1925 2437 memoria

528 2472 727 2517 omnium,
760 2471 959 2509 neminem
986 2468 1057 2509 effe
1082 2483 1128 2509 ex
1155 2469 1226 2509 illo
1253 2468 1411 2509 honoris
1439 2468 1576 2522 gradu,
1611 2468 1681 2521 qui
1710 2479 1788 2506 non
1815 2464 1924 2504 omni
