2212 2835
477 138 561 176 424
975 120 1378 158 ORATIO

475 223 553 274 juS,
576 222 646 266 fas,
670 221 784 272 leges,
803 217 965 270 judicia,
988 217 1158 256 violavit.
1192 219 1325 270 Atque
1345 216 1411 255 hic
1432 217 1466 255 ei
1484 218 1637 270 gradus,
1663 218 1719 270 (O
1743 218 1876 256 misera

481 298 683 341 tempora,
714 284 921 336 stultasque
948 284 1090 322 nostras
1123 283 1328 322 discordias
1348 284 1388 337 !)
1413 286 1457 322 Ρ.
1489 285 1631 322 Clodio
1662 285 1799 337 gradus
1830 286 1876 322 ad

479 354 780 407 rempublicam,
810 350 877 389 hie
897 351 1047 404 primus
1067 350 1122 389 est
1141 352 1266 389 aditus
1294 351 1340 388 ad
1366 351 1592 404 popularem
1607 352 1875 404 jaetationem

479 431 595 473 atque
616 419 801 459 ascensus,
847 418 954 456 Nam
982 417 1077 456 Tib.
1101 417 1282 455 Graccho
1309 418 1454 455 invidia
1481 418 1721 456 Numantini
1751 417 1876 456 foede-

479 488 546 533 ris,
578 488 642 526 cui
673 485 859 530 feriendo,
890 484 1053 537 quaestor
1084 484 1133 522 C.
1163 484 1342 522 Mancini
1368 484 1534 522 consulis
1561 498 1653 523 cum
1680 484 1782 529 esset,
1814 483 1877 521 in-

478 554 660 594 terfuerat
677 583 688 598 ‚
719 562 757 591 et
776 553 817 590 in
838 565 882 589 eo
903 550 1047 589 fcedere
1066 551 1326 603 improbando
1346 551 1494 589 senatus
1521 551 1694 590 severitas
1710 580 1721 596 ,
1754 550 1878 589 dolori

477 631 516 660 et
548 621 681 659 timori
712 618 817 657 fuit:
849 617 994 669 istaque
1024 630 1082 655 res
1114 617 1244 663 illum,
1275 617 1418 656 fortem
1444 627 1482 656 et
1507 617 1656 655 clarum
1682 618 1826 661 virum,
1858 629 1879 654 a

478 689 662 742 gravitate
681 696 838 740 patrum
859 684 1062 722 desciscere
1087 685 1230 736 coegit.
1279 686 1328 723 C.
1356 695 1487 723 autem
1515 684 1743 723 Gracchum
1770 696 1874 722 mors

478 754 642 792 fraterna
660 782 670 797 ‚
701 752 821 805 pietas
840 779 852 795 ,
884 749 996 787 dolor
1010 778 1022 794 ,
1053 749 1285 801 magnitudo
1305 750 1426 787 animi
1444 778 1455 794 ,
1486 751 1532 788 ad
1552 750 1782 802 expetendas
1804 749 1876 787 do-

479 819 628 859 mestici
648 818 843 871 sanguinis
864 828 995 870 poenas
1016 815 1215 854 excitavit.
1244 816 1511 860 Saturninum,
1533 816 1639 868 quod
1659 816 1700 853 in
1720 829 1878 854 annonae

477 888 634 925 caritate
655 884 881 937 quaestorem
900 897 921 920 a
940 882 1005 920 sua
1023 881 1277 921 frumentaria
1295 882 1564 935 procuratione
1592 881 1740 920 senatus
1768 895 1879 920 amo-

478 955 534 992 vit
548 982 557 997 ‚
590 953 701 1005 eique
721 951 774 989 rei
796 951 858 988 M.
882 952 1069 988 Scaurum
1088 948 1261 1003 praefecit
1275 979 1286 995 ,
1318 949 1460 987 scimus
1482 949 1614 988 dolore
1641 947 1789 987 facium
1809 947 1881 986 effe

477 1019 717 1073 popularem.
765 1016 985 1070 Sulpicium
1017 1016 1064 1054 ab
1098 1016 1249 1069 optima
1282 1016 1392 1054 causa
1424 1014 1645 1069 profectum
1661 1044 1672 1060 ‚
1706 1015 1879 1068 Caioque

477 1087 585 1139 Julio
607 1085 851 1124 consulatum
871 1092 1004 1122 contra
1024 1084 1125 1135 leges
1145 1084 1293 1136 petenti
1313 1083 1558 1128 resistentem,
1575 1082 1743 1136 longius,
1761 1095 1881 1135 quarn

478 1153 615 1196 voluit,
647 1150 842 1204 popularis
863 1162 951 1187 aura
970 1149 1160 1202 provexit.

533 1219 647 1257 XXI.
681 1217 774 1255 Fuit
794 1216 834 1254 in
854 1214 916 1254 his
937 1216 1122 1253 omnibus
1144 1215 1266 1259 causa,
1297 1216 1363 1253 etsi
1384 1229 1463 1254 non
1478 1215 1594 1267 justa,
1625 1214 1752 1267 (nulla
1770 1214 1878 1252 enim

477 1285 600 1339 potest
621 1285 806 1336 cuiquam
827 1283 928 1321 male
948 1283 994 1321 de
1015 1282 1213 1335 republica
1233 1283 1408 1320 merendi
1421 1282 1522 1333 justa
1541 1279 1612 1319 effe
1633 1281 1758 1332 causa)
1791 1294 1879 1333 gra-

478 1353 535 1389 vis
568 1360 698 1389 tamen
715 1379 726 1394 ‚
758 1358 796 1387 et
823 1362 916 1387 cum
947 1348 1079 1400 aliquo
1099 1348 1220 1386 animi
1241 1357 1279 1385 et
1299 1347 1403 1384 virili
1425 1347 1555 1385 dolore
1577 1347 1797 1398 conjunfita.
1831 1347 1877 1385 P.

479 1418 642 1457 Clodius
664 1431 684 1455 a
704 1424 857 1454 crocota
872 1445 883 1460 ‚
915 1429 935 1453 a
955 1416 1090 1459 mitra,
1122 1429 1142 1452 a
1162 1413 1419 1452 muliebribus
1440 1413 1572 1459 soleis,
1604 1412 1880 1467 purpureisque

476 1485 641 1523 fasciolis
658 1513 668 1529 ,
700 1497 721 1521 a
740 1481 911 1534 strophio
923 1511 935 1527 ‚
967 1495 988 1519 a
1006 1480 1162 1534 psaltrio
1176 1509 1187 1526 ‚
1219 1494 1239 1518 a
1257 1480 1405 1533 flagitio
1419 1509 1430 1525 ,
1462 1494 1482 1518 a
1499 1480 1630 1533 stupro
1643 1509 1655 1524 ‚
1685 1479 1739 1517 est
1757 1479 1880 1517 faetus

477 1560 632 1605 repente
654 1549 863 1603 popularis.
907 1549 948 1587 N
953 1547 994 1586 isi
1024 1561 1117 1586 eum
1143 1547 1323 1586 mulieres
1344 1556 1572 1586 exornatum
1593 1546 1646 1585 ita
1665 1544 1881 1600 deprehen-

475 1618 614 1657 dissent
631 1637 642 1663 ς
675 1616 744 1655 nisi
773 1629 821 1654 ex
847 1629 892 1653 eo
918 1615 1006 1653 loco
1022 1643 1034 1660 ,
1067 1629 1146 1667 quo
1166 1628 1258 1653 eum
1278 1614 1382 1652 adire
1401 1613 1456 1652 fas
1478 1627 1557 1652 non
1577 1622 1657 1651 erat
1673 1642 1685 1659 ,
1716 1612 1878 1651 ancilla-

477 1700 565 1724 rum
598 1683 787 1722 beneficio
820 1681 975 1720 emiffus
1007 1680 1124 1719 effet:
1157 1681 1335 1734 populari
1355 1680 1518 1719 homine
1537 1680 1705 1733 populus
1726 1680 1878 1717 Roma-

477 1766 564 1797 nus,
596 1751 811 1804 respublica
843 1750 926 1788 cive
956 1748 1039 1793 tali,
1070 1757 1226 1786 careret.
1258 1748 1375 1786 Hanc
1407 1748 1457 1785 ob
1489 1747 1698 1784 amentiam
1727 1746 1768 1783 in
1800 1744 1877 1782 dis-

477 1819 634 1866 cordiis¹
652 1817 801 1861 nostris,
834 1815 881 1853 de
912 1815 1054 1866 quibus
1085 1814 1173 1867 ipsis
1204 1812 1265 1851 his
1294 1813 1481 1866 prodigiis
1508 1812 1726 1850 recentibus
1747 1824 1768 1849 a
1787 1811 1877 1849 Diis

478 1883 767 1922 immortalibus
800 1881 1070 1925 admonemur,
1102 1888 1272 1934 arreptus
1305 1879 1357 1918 est
1388 1892 1486 1918 unus
1517 1892 1565 1918 ex
1596 1878 1782 1932 patriciis,
1813 1878 1879 1916 cui

478 1951 635 1989 tribuno
656 1949 779 2002 plebis
797 1947 878 1986 fieri
899 1961 977 1986 non
998 1947 1143 1986 liceret.

533 2016 653 2068 Qod
674 2029 774 2054 anno
793 2023 880 2053 ante
900 2013 1016 2052 frater
1035 2014 1222 2052 Metellus
1242 2043 1253 2059 ,
1283 2022 1322 2051 et
1344 2026 1502 2052 concors
1523 2012 1641 2050 etiam
1661 2020 1748 2049 turn
1769 2011 1876 2049 sena-

478 2093 538 2123 tus
560 2083 727 2137 principi
750 2083 825 2120 Cn.
849 2081 1053 2134 Pompeio,
1084 2080 1312 2119 sententiam
1335 2080 1494 2125 dicenti,
1525 2078 1748 2124 excluserat,
1771 2091 1876 2116 acer-

477 2151 652 2202 rimeque
673 2163 747 2187 una
767 2162 861 2187 voce
881 2162 923 2186 ac
945 2157 1077 2186 mente
1097 2147 1305 2193 restiterat3
1325 2147 1365 2185 id
1385 2147 1467 2200 post
1489 2146 1684 2184 diffidiurn
1705 2145 1876 2198 optima-

477 2219 593 2263 tium,
624 2217 670 2255 de
690 2230 768 2269 quo
789 2215 870 2270 ipso
890 2229 994 2254 nunc
1016 2229 1236 2260 monemur,
1262 2215 1313 2252 ita
1333 2214 1617 2267 perturbatum,
1638 2213 1767 2265 itaque
1787 2226 1876 2265 per-

478 2293 673 2323 mutatum
694 2283 760 2328 est,
792 2292 849 2328 ut,
881 2284 987 2335 quod
1007 2282 1122 2320 frater
1142 2281 1289 2326 consul,
1321 2295 1368 2319 ne
1388 2281 1510 2326 fieret,
1540 2280 1750 2324 obstiterat,
1772 2279 1877 2331 quod

477 2351 601 2390 affinis
623 2360 661 2389 et
677 2351 810 2389 sodalis
825 2380 836 2396 ‚
867 2349 1093 2388 clariffimus
1114 2350 1196 2395 vir,
1227 2349 1295 2402 qui
1313 2348 1427 2386 illum
1450 2362 1559 2386 reum
1581 2361 1659 2386 non
1681 2346 1874 2390 laudarat,

478 2417 715 2465 excluserat3
747 2417 788 2457 id
818 2418 850 2457 is
882 2417 1015 2457 consul
1047 2417 1215 2457 efficeret
1240 2417 1280 2456 in
1309 2415 1506 2455 discordiis
1537 2414 1778 2470 principum,
1809 2412 1876 2465 qui
