2212 2835
654 210 746 249 DE
805 210 999 249 LEGE
1056 210 1417 250 AGRARIA.
1682 227 1754 267 103

354 313 465 352 nium
487 325 615 351 rerum
634 310 985 356 machinatoribus,
1018 321 1141 350 totam
1164 312 1317 351 Italiam
1336 314 1528 351 inermem
1549 313 1756 353 tradituros

354 378 598 424 existimasti,
630 391 747 431 quam
773 378 953 431 praefidiis
981 377 1287 423 confirmaretis,
1318 379 1480 417 coloniis
1501 382 1754 433 occuparetis,

354 445 539 484 omnibus
565 443 704 483 vinclis
730 443 948 482 devinctam
977 452 1015 481 et
1041 443 1285 482 constrictam
1306 446 1513 484 teneretis?
1546 447 1628 485 Ubi
1648 448 1755 486 enim

353 520 521 557 cavetur,
552 524 600 549 ne
620 511 661 548 in
687 510 869 562 Janiculo
900 510 1096 549 coloniam
1128 510 1396 549 constituatis?
1428 525 1475 550 ne
1497 514 1633 552 urbem
1654 514 1755 553 hanc

353 579 447 617 urbe
472 578 546 616 alia
569 591 745 630 premere
765 586 879 630 atque
901 590 1034 630 urgere
1054 576 1229 630 poffitis?
1253 578 1347 616 Non
1369 577 1577 624 faciemus,
1608 581 1752 633 inquit.

352 645 532 684 Primum
559 644 710 682 nescio:
743 643 880 682 deinde
907 644 1052 682 timeo:
1085 643 1278 696 postremo
1305 658 1382 683 non
1410 647 1679 692 committam,
1712 657 1754 686 ut

351 710 471 750 vestro
491 710 680 750 beneficio
699 710 845 763 potius,
873 723 991 763 quam
1012 710 1140 748 nostro
1160 711 1334 756 consilio,
1356 711 1445 749 salvi
1465 712 1536 750 effe
1554 713 1751 765 poffimus.

405 778 479 816 VI.
511 777 631 834 Qod
651 791 739 815 vero
760 786 881 816 totam
904 777 1057 815 Italiam
1077 777 1207 815 vestris
1228 778 1376 816 colonis
1393 779 1590 831 complere
1608 780 1752 818 voluis-

350 843 415 890 tis,
435 843 476 882 id
495 843 716 896 cujusmodi
736 843 838 889 effet,
861 843 1108 882 neminemne
1124 843 1296 883 nostrum
1314 844 1603 884 intellecturum
1620 846 1752 884 existi-

351 910 521 949 mavistis
538 911 552 948 ?
584 911 780 963 Scriptum
802 911 855 949 est
874 911 1005 949 enim:
1037 912 1130 962 Qcae
1150 911 1188 949 in
1206 911 1413 964 municipia,
1436 914 1587 966 quqfque
1605 914 1642 951 in
1662 914 1752 952 colo-

352 976 445 1022 nias,
475 976 670 1016 decemviri
694 977 824 1021 velint,
850 976 1026 1016 deducant
1048 978 1192 1022 colonos,
1224 992 1308 1030 quos
1337 979 1476 1023 velc'nt3
1508 989 1544 1017 et
1574 980 1618 1018 iis
1645 995 1753 1032 agros

348 1043 535 1096 ffgnem‘,
566 1043 692 1097 quibus
710 1043 748 1081 in
768 1043 849 1082 locis
868 1043 1008 1082 velint:
1041 1052 1098 1088 ut,
1128 1056 1222 1081 cum
1243 1052 1365 1081 totam
1386 1044 1540 1082 Italiam
1557 1045 1752 1084 militibus

352 1109 427 1149 suis
458 1111 704 1163 occuparint,
736 1109 844 1148 vobis
876 1123 955 1147 non
982 1109 1102 1148 modo
1128 1109 1327 1162 dignitatis
1359 1112 1583 1157 retinendae‚
1616 1112 1678 1150 sed
1705 1127 1752 1151 ne

352 1178 538 1216 libertatis
564 1177 725 1230 quidem
756 1176 1036 1229 recuperandae,
1068 1177 1148 1229 spes
1176 1177 1429 1230 relinquatur.
1462 1179 1596 1231 Atque
1622 1178 1703 1218 haec
1731 1194 1752 1218 a

349 1258 413 1284 me
432 1243 712 1297 suspicionibus
732 1252 770 1281 et
790 1244 1009 1295 conjectura
1028 1252 1305 1296 coarguuntur.

403 1312 492 1362 Jam
512 1310 640 1350 omnis
661 1310 842 1349 omnium
865 1310 1022 1349 tolletur
1041 1324 1167 1349 error:
1193 1311 1278 1363 jam
1298 1320 1426 1364 aperte
1446 1311 1659 1357 ostendent,
1681 1313 1752 1350 fibi

348 1391 495 1417 nomen
524 1377 641 1430 hujus
670 1377 913 1430 reipublicae,
946 1376 1073 1416 sedem
1104 1377 1210 1416 urbis
1236 1385 1352 1430 atque
1377 1377 1552 1432 imperii,
1584 1379 1753 1431 denique

349 1443 425 1484 hoc
447 1444 642 1499 templum
662 1445 769 1496 Jovis
791 1444 949 1497 Optimi
969 1445 1156 1490 Maximi,
1173 1453 1294 1497 atque
1308 1444 1407 1484 hanc
1423 1459 1550 1484 arcem
1569 1446 1754 1485 omnium

349 1512 541 1564 gentium,
583 1511 798 1564 displicere.
845 1512 1021 1563 Capuam
1061 1511 1201 1550 deduci
1235 1511 1392 1550 colonos
1432 1512 1583 1551 volunt.
1635 1513 1751 1551 Illam

350 1578 488 1615 urbem
517 1577 611 1616 huic
641 1578 728 1615 urbi
756 1577 881 1615 rursus
911 1590 1125 1630 opponere,
1161 1577 1257 1615 illuc
1283 1591 1374 1630 opes
1403 1578 1484 1617 suas
1513 1578 1679 1625 deferre,
1712 1589 1751 1618 et

348 1644 504 1697 imperii
520 1657 664 1682 nomen
682 1643 895 1689 transferre,
913 1645 1099 1696 cogitant.
1120 1645 1201 1696 Qi
1219 1644 1341 1689 locus,
1363 1654 1518 1697 propter
1534 1646 1750 1685 ubertatem

348 1724 529 1764 agrorum
550 1711 904 1763 abundantiamque
925 1725 1052 1749 rerum
1070 1712 1265 1757 omnium,
1288 1711 1505 1764 superbiam
1526 1722 1563 1751 et
1581 1714 1749 1751 crudeli-

349 1786 468 1816 tatem
488 1777 658 1831 genuifl‘e
676 1777 839 1823 dicitur;
862 1778 917 1815 ibi
934 1777 1051 1816 nostri
1068 1778 1213 1823 coloni,
1235 1778 1372 1817 deleffi
1389 1778 1435 1816 ad
1451 1793 1568 1817 omne
1584 1778 1748 1825 facinus,

347 1856 370 1881 a
387 1843 615 1882 decemviris
635 1843 944 1883 collocabuntur.
978 1845 1044 1889 Et,
1071 1845 1198 1889 credo,
1221 1858 1297 1896 qua
1318 1845 1357 1882 in
1379 1845 1473 1883 urbe
1492 1844 1688 1891 homines,
1710 1847 1750 1884 in

348 1912 465 1949 veteri
490 1911 678 1964 dignitate
703 1910 935 1964 fortunaque
963 1912 1061 1956 nati,
1094 1913 1246 1964 copiam
1275 1926 1401 1950 rerum
1433 1913 1627 1951 moderate
1652 1913 1749 1952 ferre

348 1990 425 2015 non
443 1987 665 2030 potuerunt,
687 1978 728 2016 in
743 1991 784 2016 ea
800 1977 858 2015 isti
875 1978 984 2016 vestri
1002 1978 1179 2016 satellites
1197 1978 1366 2016 modeste
1382 1978 1625 2017 insolentiam
1642 1980 1749 2019 suam

347 2042 619 2081 continebunt.

402 2110 572 2162 Majores
599 2110 714 2148 nostri
743 2111 874 2162 Capua
895 2110 1156 2163 magistratus,
1188 2110 1376 2154 senatum,
1408 2111 1612 2148 confilium
1635 2125 1746 2150 com-¹

347 2187 489 2219 mune,
519 2176 651 2215 omnia
681 2176 847 2228 denique
878 2177 1039 2228 inlignia
1066 2176 1307 2229 reipublicae,
1342 2175 1591 2222 sustulerunt,
1624 2191 1747 2229 neque

345 2241 452 2279 aliud
472 2242 700 2294 quidquam,
723 2244 790 2281 nifi
808 2244 919 2281 inane
937 2257 1078 2281 nomen
1098 2245 1252 2296 capum,
1275 2243 1513 2295 reliquerunt
1529 2259 1536 2281 :
1552 2244 1638 2281 'non
1655 2257 1744 2281 cru-

346 2308 515 2353 delitate,
541 2309 653 2360 (quid
672 2311 777 2348 enim
800 2310 876 2347 illis
892 2309 967 2348 fuit
984 2311 1228 2355 clementius,
1250 2310 1316 2362 qui
1338 2310 1454 2347 etiam
1471 2310 1635 2347 externis
1654 2309 1743 2347 hos-⁵

347 2376 450 2413 tibus
471 2376 580 2413 victis
602 2375 664 2413 sua
683 2375 878 2428 saepiffime
899 2377 1194 2427 reddide1·unt?)
1229 2378 1289 2415 sed
1311 2377 1490 2420 consili03
1514 2376 1618 2427 quod
1636 2376 1742 2413 vide-

343 2442 457 2487 bant,
486 2442 513 2480 s1
541 2442 645 2494 quod
666 2442 887 2494 reipublicae
907 2443 1110 2495 vestigium
1138 2443 1214 2481 illis
1241 2444 1436 2481 moenibus
1463 2442 1741 2488 contineretur,

345 2509 480 2548 urbem
502 2509 626 2561 ipsam
644 2509 807 2560 imperio
830 2508 1076 2548 domicilium
1098 2510 1263 2561 praebere
1284 2508 1396 2560 posse.
1430 2508 1510 2544 Vos
1541 2506 1643 2553 haec,
1676 2510 1745 2547 niti
