2212 2835
632 153 772 186 BRO
831 154 1046 185 υυΜυ
1106 147 1252 187 SUA.
1564 165 1640 205 375

302 244 454 283 XXIV.
487 243 604 283 Nihil
624 254 702 283 erat
722 245 845 283 latum
866 245 913 283 de
933 258 1016 291 me;
1043 259 1120 285 non
1140 246 1260 285 adeffe
1279 260 1382 286 eram
1397 248 1518 302 jussus
1527 268 1539 295 3
1562 265 1640 290 non

246 311 405 349 citatus:
430 311 647 350 abfueram:
670 325 774 350 eram
794 312 911 350 etiam
932 321 1000 350 tuo
1014 312 1167 364 judicio
1186 313 1281 352 civis
1302 315 1527 362 incolumis,
1547 331 1640 357 cum

247 378 386 415 domus
407 378 447 415 in
469 378 615 416 Palatio
631 407 643 422 ,
673 377 764 415 villa
789 378 831 415 in
856 377 1080 415 Tusculano
1097 406 1108 422 ‚
1139 378 1255 416 altera
1281 380 1327 417 ad
1355 381 1515 420 alterum
1543 397 1641 422 con-

245 443 365 482 sulem
383 472 394 488 ‚
435 442 729 482 transferebatur
747 457 756 481 :
790 443 962 481 senatum
998 442 1170 481 consules
1205 445 1384 483 vetabant
1403 461 1411 484 ι
1449 449 1642 488 columnae

245 522 467 548 marmoreae
487 522 535 548 ex
555 509 698 547 aedibus
720 509 831 554 meis,
862 508 1096 561 inspectante
1116 510 1263 562 populo
1284 512 1478 557 Romano,
1510 516 1555 552 ad
1580 516 1640 554 so-

243 588 355 614 crum
369 574 535 613 consulis
556 575 826 628 portabantur:
845 575 886 612 in
902 574 1071 614 fundum
1088 584 1219 614 autem
1238 577 1357 616 vicini
1374 579 1542 618 consulis
1562 596 1641 621 non

243 643 360 680 modo
395 642 696 680 instrumentum
729 650 794 680 aut
823 652 1047 681 ornamenta
1081 643 1196 689 villae,
1232 644 1294 683 sed
1328 646 1443 684 etiam
1474 648 1640 695 arbores,

245 708 595 754 transferebantur3
627 723 720 746 cum
754 708 834 761 ipsa
868 708 960 746 villa
993 723 1072 747 non
1105 710 1238 762 praedae
1273 712 1498 764 cupiditate,
1528 716 1642 768 (quid

240 775 346 813 enim
365 784 443 813 erat
462 775 596 828 praedae
610 776 623 813 ?
639 776 652 827 )
675 774 737 813 sed
756 774 846 813 odio
865 784 903 813 et
923 775 1163 821 crudelitate,
1184 775 1361 816 funditus
1381 788 1637 821 everteretur:

242 840 382 879 domus
417 841 571 879 ardebat
603 841 645 879 in
677 841 823 879 Palatio
853 854 932 879 non
962 840 1140 887 fortuito,
1172 842 1234 881 sed
1265 844 1397 883 oblato
1428 846 1638 887 incendio:

241 906 416 945 consules
436 907 703 960 epulabantur,
735 916 772 946 et
792 907 833 945 in
853 908 1144 960 conjuratorum
1164 910 1419 962 gratulatione
1439 913 1639 952 versaban-

243 981 319 1018 tur,
350 987 442 1012 cum
463 974 556 1012 alter
574 973 611 1012 se
632 974 811 1012 Catilinae
831 973 1000 1020 delicias,
1030 975 1126 1014 alter
1154 975 1320 1029 Cethegi
1347 978 1639 1027 consobrinum,

240 1037 352 1077 fuiffe
373 1039 529 1078 diceret.

295 1107 411 1144 Hanc
430 1119 502 1159 ego
519 1106 600 1145 vim
614 1135 626 1152 ‚
659 1106 866 1145 Pontifices
880 1135 892 1152 ,
922 1106 998 1145 hoc
1018 1107 1139 1146 scelus
1153 1137 1165 1154 ,
1196 1107 1302 1147 hunc
1322 1109 1493 1150 furorem
1508 1141 1518 1157 ‚
1551 1127 1640 1152 meo

241 1185 399 1225 corpore
420 1173 607 1226 oppofito,
639 1174 685 1211 ab
706 1173 887 1211 omnium
908 1173 1102 1214 bonorum
1129 1175 1342 1214 cervicibus
1370 1177 1516 1230 depuli,
1547 1193 1637 1218 om-

240 1251 410 1291 nemque
429 1239 623 1292 impetum
644 1239 934 1285 discordiarum,
965 1253 1126 1279 omnem
1147 1241 1215 1279 diu
1234 1242 1435 1281 concitam
1457 1246 1536 1283 vim
1558 1246 1638 1284 im-

238 1306 452 1358 proborum
470 1335 481 1351 ‚
513 1320 600 1359 quae
627 1307 834 1344 inveterata
850 1336 861 1351 ‚
892 1307 1107 1360 compreffo
1132 1308 1224 1346 odio
1250 1317 1365 1361 atque
1384 1312 1501 1349 tacito
1518 1342 1529 1358 ‚
1554 1313 1638 1364 jam

239 1372 467 1425 erumpebat
483 1401 494 1418 ,
526 1374 634 1410 nacta
654 1382 734 1411 tam
754 1373 912 1411 audaces
933 1373 1049 1411 duces
1068 1402 1078 1418 ‚
1109 1375 1245 1427 excepi
1265 1389 1354 1414 meo
1379 1389 1537 1430 corpore
1555 1394 1563 1417 :
1596 1381 1637 1418 in

239 1450 303 1475 me
325 1452 401 1477 uno
420 1438 634 1477 consulares
655 1437 755 1477 faces
770 1439 879 1491 jactae
906 1439 1085 1476 manibus
1113 1440 1355 1487 tribunitiis;
1388 1443 1428 1480 in
1456 1458 1520 1482 me
1547 1459 1636 1485 om-

239 1503 316 1548 nia,
352 1517 436 1556 quae
469 1517 542 1557 ego
577 1505 775 1556 quondam
810 1504 1041 1549 retuderam,
1077 1505 1352 1557 conjurationis
1386 1509 1530 1549 nefaria
1564 1513 1638 1550 tela

239 1568 488 1609 adhaeserunt.
521 1571 640 1622 Qod
669 1571 694 1609 fi
712 1600 723 1615 ,
755 1579 799 1609 ut
819 1571 954 1609 multis
975 1569 1188 1610 fortiffimis
1221 1572 1310 1611 viris
1337 1573 1510 1626 placuit,
1541 1579 1579 1617 vi
1598 1589 1637 1617 et

239 1636 354 1674 armis
374 1646 506 1675 contra
526 1638 607 1675 vim
627 1637 816 1675 decertare
837 1637 1056 1683 voluiffem3
1075 1647 1139 1676 aut
1160 1638 1328 1678 viciffem
1350 1654 1441 1679 cum
1463 1646 1635 1683 maxima

238 1703 501 1742 internecione
520 1704 790 1756 improborum
806 1731 818 1749 ,
850 1704 911 1742 sed
938 1712 1067 1743 tamen
1092 1706 1238 1744 civium
1256 1725 1268 1751 3
1300 1716 1365 1745 aut
1382 1737 1392 1753 ‚
1424 1709 1634 1750 interfeffls

240 1769 350 1808 bonis
371 1771 570 1816 omnibus,
593 1771 698 1824 quod
717 1771 794 1809 illis
815 1770 1095 1824 optatissimum
1117 1780 1207 1817 erat,
1231 1786 1305 1810 una
1325 1787 1416 1812 cum
1438 1777 1634 1829 republica

237 1837 500 1876 concidiffem.

292 1903 514 1948 Videbam,
544 1904 634 1942 vivo
669 1903 796 1942 senatu
832 1904 1054 1957 populoque
1088 1905 1299 1951 Romano,
1330 1907 1494 1947 celerem
1532 1909 1632 1948 mihi

239 1970 390 2008 summa
414 1983 507 2007 cum
535 1970 722 2022 dignitate
750 1971 947 2016 reditum3
980 1985 1050 2009 nec
1077 1972 1343 2025 intelligebam
1375 1974 1456 2012 fieri
1485 1976 1630 2016 diutius

237 2035 338 2089 poffe
355 2065 366 2080 ‚
398 2045 440 2074 ut
461 2035 561 2074 mihi
582 2050 659 2074 non
680 2037 811 2075 liceret
831 2037 902 2075 effe
922 2038 962 2075 in
982 2052 1024 2075 ea
1051 2038 1248 2092 republica
1264 2068 1276 2084 ‚
1307 2054 1425 2092 quam
1450 2042 1528 2094 ipse
1555 2044 1630 2081 ser-

238 2101 391 2140 vaffem.
424 2101 542 2152 Qod
563 2101 589 2139 fi
610 2116 687 2140 non
708 2102 866 2148 liceret,
899 2104 1106 2149 audieram,
1137 2114 1175 2142 et
1194 2105 1374 2157 legeram,
1407 2106 1628 2147 clariffimos

237 2166 370 2205 nostrae
391 2167 555 2204 civitatis
576 2168 675 2206 viros
696 2168 731 2206 se
752 2169 791 2205 in
814 2169 960 2207 medios
982 2168 1104 2207 hostes
1126 2170 1171 2207 ad
1195 2171 1432 2223 perspicuam
1462 2184 1629 2210 mortem

238 2248 307 2287 pro
327 2233 443 2271 salute
463 2234 649 2272 exercitus
670 2235 857 2287 injeciffe:
888 2250 959 2288 ego
980 2250 1049 2288 pro
1070 2236 1184 2274 salute
1206 2237 1426 2289 reipublicae
1448 2240 1627 2276 universae

238 2301 456 2339 dubitarem
478 2299 552 2338 hoc
575 2302 734 2339 meliore
754 2303 975 2341 conditione
996 2303 1066 2341 effe
1084 2333 1094 2348 ‚
1126 2317 1243 2355 quam
1266 2305 1378 2341 Decii
1399 2305 1411 2340 ?
1443 2305 1547 2355 quod
1568 2306 1627 2343 illi

235 2380 283 2404 ne
305 2367 493 2404 auditores
515 2367 672 2418 quidem
695 2368 766 2405 suae
787 2369 929 2420 glorize,
961 2383 1031 2421 ego
1052 2371 1167 2408 etiam
1189 2370 1368 2421 spee‘lator
1389 2383 1482 2407 mere
1502 2370 1624 2410 laudis

235 2432 307 2471 effe
327 2432 544 2485 potuissem.
