2212 2835
356 269 384 297 p.

360 309 416 337 329

366 788 423 817 330

619 158 913 200 VARIAE
998 155 1564 200 LECTIONES,

440 300 477 328 28
538 298 585 327 hoc
597 307 682 327 autem
697 299 778 335 magis
792 297 826 332 est
849 299 961 336 vestrum
982 299 1011 326 in
1027 307 1072 326 nos

535 342 703 376 promeritum
731 338 797 375 quod
830 347 878 367 non
909 338 1072 367 multitudini

534 382 751 416 propinquorum:
765 377 818 415 sed
829 379 948 416 vobismet
958 380 1016 418 ipfis
1030 388 1073 407 nos

537 419 690 457 reddidzstis.

439 473 478 481 ·--
501 468 545 487 me
560 467 655 488 autem
670 459 694 488 C
709 459 738 488 T
752 459 789 488 At
803 470 841 489 me
855 461 886 490 H
901 470 938 490 me
949 462 1017 489 enim

443 509 478 536 :29
501 500 581 527 nullo
595 514 618 537 χ
632 500 682 529 ullo

442 550 477 575 30
499 540 534 568 C.
562 540 586 568 C
609 544 658 570 Cn.

439 594 479 602 ——-
499 580 597 618 generi
612 580 636 608 C
650 594 672 616 χ
681 583 784 618 generis

441 635 480 641 —
502 628 530 648 et
546 620 673 648 inaudita
687 621 712 649 C
727 621 755 649 T
770 633 791 657 χ
804 623 831 650 d.

443 669 474 697 3¹
502 660 556 687 mei
573 659 773 695 HTzssl‘d·

441 714 481 721 —
503 699 652 727 miserrimi
667 700 696 728 T
710 701 791 737 infimi
805 712 828 737 χ
842 699 956 735 miſsrum

443 749 482 777 34
504 738 559 767 mei
575 739 600 767 C
614 752 635 775 χ
649 739 676 768 d.

469 789 477 806 1
506 788 554 806 vos
570 779 595 807 C
609 781 635 807 d.

466 829 481 847 2
504 826 532 848 et
544 819 568 847 C
583 833 604 855 χ
618 821 645 847 d.

465 869 480 897 3
505 859 530 887 se
547 859 570 887 C
581 861 607 895 fi
619 859 649 888 H
664 861 690 887 d.

466 909 480 938 5
505 899 604 927 eodem
622 899 796 935 CSTxeo

462 940 481 967 6
504 939 554 977 qui
569 939 658 974 domi,
687 939 739 977 qui
767 940 791 967 C
806 939 824 968 S
840 938 868 968 T
884 951 904 976 χ
919 939 1017 977 quidem
1046 938 1078 967 H

550 982 594 1016 qui
613 981 708 1008 demum

465 1027 482 1053 7
505 1019 576 1047 mihi
592 1020 621 1047 H
637 1021 665 1048 d.

464 1060 481 1086 8
503 1059 610 1087 miserae
625 1059 734 1097 xmistr

449 1107 485 1127 ιο
506 1099 586 1137 parvi
608 1099 637 1128 H
656 1100 673 1128 S
698 1099 814 1137 parvuli
836 1113 858 1137 χ
876 1101 980 1138 parvi.-
1007 1098 1083 1139 vulgi

533 1139 664 1177 singultus

444 1191 486 1200 ·—
507 1179 677 1208 defiderium
691 1194 712 1218 χ
725 1180 841 1219 ᾰςβᾶενὶἰ

445 1233 486 1240 —
506 1227 554 1248 aut
568 1233 589 1256 χ
603 1221 630 1248 d.

445 1274 487 1281 ·—
507 1268 556 1288 aut
572 1261 596 1288 C
609 1260 638 1288 T
652 1261 681 1290 d.
694 1261 721 1288 H
739 1259 889 1298 Spietatem
903 1262 1018 1299 vestram
1029 1270 1082 1289 mo-

547 1309 644 1329 ‘verunt

446 1353 488 1362 —
508 1339 656 1368 itineribus
673 1341 697 1368 C
712 1340 896 1378 itineribusque

452 1389 482 1408 n
509 1380 806 1408 auth.HSTut

448 1434 486 1442 --
509 1428 618 1457 partem
635 1420 660 1448 C
674 1423 702 1448 in
712 1427 815 1457 partem

448 1474 489 1482 —
509 1460 587 1488 testis
603 1469 635 1488 ac
651 1459 774 1488 tenebris
792 1459 817 1488 C
832 1461 860 1487 d.
877 1460 906 1487 H
922 1459 940 1486 S
963 1458 1033 1488 Ιεὲἰίι
1054 1470 1087 1489 ac

548 1499 656 1527 tenebris
670 1500 699 1527 T
709 1500 785 1527 lellus
799 1510 830 1528 ac
843 1499 951 1529 tenebris
965 1499 1065 1536 xlcliis
1074 1511 1085 1528 .-

549 1544 616 1568 aliis
628 1541 739 1568 tenebris

450 1588 485 1608 12
507 1579 627 1608 vestrum
642 1579 670 1607 in
688 1589 737 1608 nos
754 1579 779 1609 C
793 1582 821 1607 in
835 1591 878 1608 nos
891 1581 1053 1618 vestrumque

453 1629 486 1656 ¹3
511 1619 691 1648 multitudini
709 1621 734 1648 C
749 1620 924 1648 multitudinis

450 1675 490 1681 -
511 1659 717 1698 uobismetipfis
733 1660 757 1688 C
772 1659 960 1699 vobismetrspfis

450 1714 491 1722 —-
512 1710 561 1727 nos
575 1699 602 1736 ψ
616 1701 643 1728 d.

456 1748 489 1778 15
513 1749 604 1768 meam
620 1741 645 1768 C
659 1741 686 1770 d.

450 1793 493 1802 -—
512 1780 654 1809 affuerunt
669 1781 694 1810 C
710 1780 740 1809 H
755 1781 773 1809 S
788 1793 822 1818 χ,
835 1781 980 1820 -laefuerune

456 1819 490 1847 16
512 1821 636 1848 austeres
651 1821 675 1849 C
689 1822 717 1848 T
732 1833 756 1857 χ
769 1822 796 1848 d.

450 1874 492 1881 —-
513 1859 726 1898 hortatoresque
740 1862 763 1888 C
782 1860 810 1888 H
826 1860 843 1889 S
859 1860 888 1889 T
902 1873 923 1896 χ
937 1861 964 1889 d.

456 1908 491 1937 19
513 1900 639 1937 Popillio
655 1900 680 1929 C
695 1900 799 1938 Pupilio

452 1953 492 1961 -—-
512 1947 598 1977 atque
614 1940 638 1968 C
652 1951 684 1968 ac
698 1941 728 1969 H
743 1948 767 1969 et

453 1992 494 2000 —
515 1980 562 2018 Q
581 1979 605 2007 C
619 1981 647 2008 d.

454 2028 491 2048 20
512 2027 540 2048 et
556 2018 771 2048 constantiffimo
785 2033 806 2055 χ
821 2021 848 2048 d.

456 2069 487 2087 21
515 2059 595 2087 vestri
611 2059 635 2087 C
648 2072 682 2096 χ,
696 2060 720 2094 ψ
735 2061 812 2096 nostri

457 2108 494 2133 24
517 2108 572 2126 uon
589 2109 604 2126 a
621 2100 645 2127 C
662 2100 691 2127 T
706 2113 727 2135 χ
741 2111 759 2127 a

457 2148 491 2176 25
515 2138 601 2166 etiam
617 2139 647 2167 H
661 2139 697 2168 ab
711 2140 741 2167 T
755 2152 779 2177 χ
791 2140 820 2167 d.

456 2178 494 2207 26
515 2178 561 2206 sed
578 2179 606 2207 H
620 2180 680 2216 “fi

457 2228 490 2255 27
515 2219 622 2247 valeret
636 2219 660 2247 C
675 2219 788 2247 valerem
804 2219 834 2247 H
849 2218 867 2246 S
881 2218 1002 2248 valerent

456 2260 492 2286 28
514 2259 696 2296 perficeretur
711 2259 736 2287 C
746 2260 908 2296 prtficeretur
922 2260 951 2289 H
963 2261 980 2290 S
993 2260 1090 2299 φρεν-

555 2300 647 2336 ficeret

455 2352 494 2360 -
516 2338 599 2367 licuit
611 2352 635 2377 χ
648 2338 741 2368 valuit

455 2392 496 2402 eu-
516 2379 678 2416 frequentia
696 2380 725 2409 H
744 2377 904 2416 Sfintentia

1123 269 1141 297 P

1216 258 1226 286 1

1126 279 1184 337 u{30
1207 277 1244 336 εἰ)
1265 295 1388 335 perfecit
1399 295 1468 343 CT
1479 309 1504 334 χ
1514 299 1643 336 perfregit

1206 348 1220 376 3
1230 348 1239 366 1
1265 347 1370 376 magna
1383 346 1491 366 c1v1um
1504 351 1525 374 χ
1539 345 1684 376 magnatum

1205 393 1246 400 —
1267 387 1372 415 magna
1473 376 1508 406 iis
1525 379 1548 405 C
1563 378 1589 406 d.

1208 428 1244 457 32
1266 418 1371 455 ejefms
1388 418 1406 446 S
1417 419 1542 456 projeHus

1206 474 1247 481 —
1269 458 1328 487 sum
1344 458 1369 487 C
1385 459 1412 486 d.

1207 514 1249 521 —-
1270 498 1431 535 provincias
1444 512 1466 535 z
1475 499 1642 537 provinciam

1211 549 1246 577 33
1268 538 1388 567 inimico
1412 538 1442 567 T
1462 541 1573 567 inimicis
1598 536 1671 576 (fiap.
1695 535 1715 565 l.
1738 537 1772 566 ab
1785 534 1845 565 aliu

1316 580 1413 613 manu)
1436 592 1457 614 χ
1471 582 1499 607 in
1512 580 1614 607 inimico

1208 634 1249 641 —
1268 619 1481 648 autemCHS
1499 619 1623 656 Txboc

1211 668 1249 697 34
1269 659 1292 687 is
1309 659 1334 688 C
1349 660 1391 687 his

1235 708 1244 726 ι
1271 697 1472 726 communibus
1486 712 1510 736 χ
1522 697 1635 726 omnibus

1210 752 1250 760 -—·
1271 738 1371 775 spiritu
1386 738 1411 765 C
1426 738 1456 766 H
1471 739 1590 775 xfirieu

1233 788 1249 806 z
1270 778 1379 806 viveret
1393 777 1425 804 H
1438 780 1532 806 vivere

1210 832 1252 841 —-
1272 827 1302 845 re
1315 817 1432 856 quidem
1449 817 1474 845 C
1484 830 1506 853 χ
1519 819 1629 855 requiem
1644 815 1674 843 H
1689 819 1776 853 requie

1211 872 1250 880 -
1272 857 1347 886 infra
1361 870 1384 895 χ
1398 860 1466 885 inter

1211 913 1252 919 -
1273 898 1441 926 amandatus
1456 897 1480 925 C
1494 898 1525 926 H
1539 898 1679 925 mandatus

1232 948 1249 974 4
1274 938 1433 976 Nunquam
1447 951 1468 974 χ
1482 939 1551 966 Nam
1565 938 1633 976 quod

1540 977 1637 1005 consul
1652 976 1682 1005 H
1697 977 1769 1005 Nam

1212 993 1253 999 —-
1274 978 1431 1015 Nunquam

1212 1033 1254 1040 -
1275 1018 1307 1047 P.
1336 1018 1360 1046 C
1378 1018 1395 1045 S
1411 1018 1440 1046 T
1453 1031 1475 1054 χ
1489 1018 1515 1046 d.

1213 1072 1254 1080 -·
1275 1058 1398 1096 Popillio
1414 1058 1438 1086 C
1453 1058 1553 1095 Popilio

1213 1113 1254 1120 —
1275 1099 1410 1137 Opimius
1426 1098 1451 1127 C
1466 1098 1495 1126 T
1511 1099 1630 1135 Optimus

1238 1149 1252 1177 ς
1276 1140 1311 1166 de
1328 1139 1356 1166 H
1370 1139 1395 1173 ψ
1410 1139 1508 1177 quidem
1522 1139 1552 1166 de

1215 1194 1255 1201 —
1275 1179 1362 1207 modo
1375 1193 1395 1215 χ
1410 1181 1437 1207 d.

1235 1219 1253 1246 6
1275 1219 1322 1247 sed
1340 1219 1369 1246 H
1384 1228 1408 1247 et

1217 1275 1257 1281 -—
1277 1260 1315 1288 est
1330 1260 1353 1288 C
1369 1260 1387 1288 S
1402 1273 1423 1295 χ
1437 1261 1464 1288 d.

1237 1311 1253 1338 7
1276 1308 1325 1329 aut
1339 1300 1477 1338 populum
1495 1299 1518 1328 C
1529 1299 1546 1328 S
1560 1311 1584 1336 χ
1596 1306 1620 1327 et
1629 1295 1749 1335 populum
1763 1295 1792 1324 H
1805 1303 1852 1334 po-

1320 1342 1457 1378 pulumque

1239 1381 1254 1408 8
1277 1379 1413 1407 referrent
1429 1380 1453 1407 C
1468 1383 1605 1416 rfirentes
1620 1378 1650 1406 H
1663 1388 1693 1405 ne
1706 1379 1830 1415 referrent

1236 1431 1254 1458 9
1277 1419 1425 1458 efflagitati
1440 1419 1464 1447 C
1479 1419 1510 1446 H
1527 1420 1543 1446 S
1556 1419 1585 1446 T
1601 1418 1751 1456 xflagitasi

1220 1469 1255 1489 ιο
1278 1460 1348 1487 alter
1363 1459 1434 1487 mihi
1448 1458 1536 1488 affinis
1553 1466 1613 1487 erat
1638 1458 1662 1486 C
1685 1468 1750 1485 aras
1767 1456 1853 1493 affinis

1326 1499 1455 1527 beatorum

1222 1549 1252 1568 ¹¹
1278 1539 1465 1616 ῗὲἒὲἔζὲἲ

1217 1636 1257 1643 -
1278 1619 1381 1648 irretiti
1396 1621 1420 1648 C
1436 1620 1567 1657 irritaque
1581 1619 1599 1647 S
1614 1621 1762 1655 irruptoque
1775 1615 1805 1644 T
1815 1617 1856 1651 iras

1323 1662 1400 1688 rituti
1415 1673 1438 1698 χ
1452 1660 1623 1698 irritatasque

1224 1711 1256 1730 ιι
1279 1701 1408 1738 querelas
1422 1714 1445 1737 χ
1458 1700 1559 1738 querela

1223 1751 1234 1769 1
1243 1751 1257 1779 3
1281 1749 1347 1768 vero
1356 1740 1498 1777 januariis
1513 1739 1692 1777 posteaquam
1707 1736 1732 1765 C
1741 1735 1852 1773 Janua-

1327 1783 1364 1809 rii
1373 1783 1505 1818 postquam

1226 1829 1260 1856 14
1282 1820 1402 1847 consulis
1418 1822 1442 1847 C
1457 1819 1542 1853 consul

1226 1869 1258 1896 ις
1283 1859 1355 1887 salus
1369 1859 1399 1887 H
1415 1859 1540 1895 xsalutis

1226 1900 1260 1927 16
1282 1899 1410 1927 sollemni
1425 1900 1449 1927 C
1465 1912 1497 1936 χ,
1515 1897 1602 1935 ψῙοΙε
1614 1898 1644 1925 de
1658 1896 1688 1925 H
1703 1898 1732 1925 d.

1227 1941 1260 1968 18
1281 1949 1315 1967 eo
1330 1939 1353 1967 C
1368 1940 1397 1967 T
1411 1951 1442 1968 ea

1227 1989 1261 2017 ¹9
1282 1979 1412 2007 maximis
1428 1980 1452 2008 C
1466 1981 1595 2008 maximus

1220 2033 1262 2043 ι·-
1281 2019 1445 2057 quaestorem
1461 2018 1557 2047 consul
1579 2025 1743 2046 ornaveram
1758 2015 1785 2045 C
1797 2026 1857 2046 con-

1323 2059 1439 2095 staleram

1221 2113 1262 2123 ι-
1281 2108 1458 2133 ornaveram,
1484 2112 1505 2134 χ
1526 2108 1682 2127 orna-veram
1697 2102 1788 2125 nostem
1801 2097 1858 2134 fibi

1328 2140 1366 2168 ad
1376 2140 1563 2168 deliberandum
1572 2138 1730 2177 pestulqffct:
1747 2151 1770 2174 χ
1780 2148 1856 2164 orna-

1329 2188 1383 2208 tam
1411 2184 1504 2208 noHem
1525 2181 1582 2217 fibi
1605 2180 1642 2207 ad
1665 2176 1855 2206 deliberandum

1323 2220 1468 2258 postuloffit

1225 2270 1262 2290 20
1284 2260 1399 2298 Oppius
1414 2262 1438 2289 C
1454 2260 1485 2288 H
1501 2274 1522 2296 χ
1536 2261 1669 2297 Pompeius

1223 2311 1255 2330 21
1279 2301 1396 2338 jaceret,
1421 2301 1530 2328 noCtem
1546 2300 1570 2327 C
1576 2301 1704 2338 jacentem
1719 2305 1854 2327 nocentem-

1327 2351 1373 2378 que
1386 2353 1409 2378 χ
1417 2342 1526 2376 jaceret,
1549 2343 1688 2377 nollemque

1225 2390 1262 2410 22
1283 2390 1347 2418 qua:
1362 2380 1530 2409 deliberatio
1545 2380 1574 2408 H
1584 2380 1633 2416 fia
1644 2378 1794 2410 delibat-atio
1806 2375 1856 2406 illa

1220 2434 1260 2445 -·
1280 2420 1424 2450 reddenda
1439 2421 1464 2450 C
1477 2431 1504 2451 re
1518 2420 1624 2451 delenda
