2212 2835
587 185 879 225 VARIAE
964 186 1527 228 LECTIONES.

320 292 381 359 {36
427 331 436 351 1
463 322 528 356 fuit,
546 322 664 360 Cfuerit
679 323 815 361 Hfuerit.
1087 291 1147 358 l3³36
1174 330 1203 349 11
1230 330 1275 349 me
1295 322 1319 350 C
1335 334 1394 351 arce

400 377 441 384 —
461 373 528 391 mox
544 364 568 391 C
582 366 610 390 in
623 373 705 391 eorum
721 363 750 390 H
764 365 792 390 in
806 373 831 390 os
1168 376 1208 382 —
1227 361 1260 389 In
1276 362 1422 391 referenda
1435 376 1456 399 χ
1471 362 1659 402 Jurefirenda

400 417 440 426 -—
461 404 591 432 laudatur
606 404 629 431 C
644 412 730 431 utetur
1173 410 1206 430 ¹2
1229 401 1392 440 semperque
1407 403 1536 441 Csemper
1550 412 1627 441 atque

422 453 437 472 2
462 444 636 481 vituperatur
651 443 675 471 C
686 447 873 480 vituperantur
1172 450 1181 468 ι
1191 451 1204 478 3
1227 441 1263 469 de
1280 443 1308 470 H
1319 451 1367 479 pro

421 493 437 521 3
460 484 589 521 ingratus
604 484 628 512 C
644 487 671 511 in
682 484 810 521 gravibus
1168 496 1209 502 -—
1229 481 1409 519 diligentiam
1427 482 1455 510 H
1469 484 1495 510 d.

422 532 436 560 ς
461 524 557 560 Atque
665 523 788 551 dissolvit
803 523 826 550 C
842 534 865 558 χ
877 521 904 549 ά.
1172 521 1208 548 16
1228 521 1423 549 voluntatibus
1440 521 1464 549 C
1480 521 1655 560 voluptatibus

389 568 439 591 ἰο
460 572 516 591 non
532 563 620 591 solum
637 564 704 592 dum
721 563 745 591 C
759 563 788 591 H
801 563 819 590 S
834 562 859 595 ψ
875 571 929 588 cum
943 560 972 588 T
987 571 1034 587 non
1168 574 1209 580 —
1231 569 1283 588 nec
1299 561 1324 589 C
1341 562 1369 589 H
1389 562 1405 589 S
1422 572 1497 599 neque

399 617 439 625 —-
459 603 553 631 anima
567 617 590 641 χ
596 603 755 640 sempiterna
769 612 823 630 cum
837 604 927 629 anima
1166 614 1209 621 —
1229 600 1397 637 perferendo
1413 601 1436 628 C
1448 603 1569 638 patiendo
1583 617 1604 639 χ
1613 606 1746 641 partiendo

400 657 439 664 —
460 642 572 680 spirabo
587 644 612 671 C
625 642 768 680 exuperabo
796 642 814 668 S
829 641 857 667 T
871 638 994 677 expirabo
1013 652 1034 676 χ
1173 648 1207 674 17
1231 649 1282 668 nec
1297 640 1321 667 C
1337 652 1412 678 neque

504 682 637 719 esuperabo
694 689 698 694 ·
1171 688 1203 707 21
1229 680 1389 718 cunflisque
1405 680 1435 708 H
1449 681 1562 710 omnibut

397 735 438 744 —
457 720 502 749 sed
521 734 544 758 χ
558 733 590 749 ac
1172 728 1206 756 ²3
1226 719 1369 756 judicavit
1379 734 1400 757 χ
1413 722 1548 750 indicavit

610 994 870 1040 POST
975 996 1494 1044 REDITUM

837 1126 904 1165 IN
980 1128 1263 1166 SENATU

706 1249 743 1287 O
774 1249 1065 1288 RATIO
1144 1249 1382 1290 XXVIII.

450 1369 556 1407 Edit.
588 1367 732 1406 olivet.
1107 1368 1222 1408 MSS.
1250 1369 1284 1408 e
1302 1370 1344 1408 H
1361 1369 1383 1406 s
1399 1369 1438 1408 T
1465 1387 1501 1416 ς,
1523 1387 1551 1419 χ
1575 1387 1588 1412 1
1615 1367 1654 1425 ψ

315 1478 344 1506 p.
383 1466 405 1495 l.
1084 1475 1112 1502 p.
1176 1465 1184 1492 l

321 1516 377 1545 337
423 1517 437 1544 3
461 1506 601 1535 cumulate
617 1505 640 1533 C
655 1504 782 1534 cumulare
1087 1507 1144 1542 338
1189 1506 1204 1532 8
1227 1504 1363 1533 moriatur
1377 1518 1394 1534 ς
1405 1508 1548 1536 moriantur

458 1547 487 1575 id
502 1560 517 1576 5·
531 1546 555 1572 d.
1224 1544 1251 1572 vi
1266 1557 1282 1575 ς·
1296 1547 1323 1572 in

395 1557 437 1609 -Ῐ
459 1585 639 1614 tribuendum
656 1585 680 1613 C
696 1585 883 1612 retribuendum
1164 1554 1205 1606 -2
1225 1584 1310 1612 minis
1326 1598 1342 1615 5-
1356 1596 1431 1613 umus

419 1637 433 1665 ς
459 1626 570 1654 ubertas
587 1639 612 1658 ς,
627 1638 647 1661 χ
662 1624 770 1653 libertas

416 1667 434 1694 6
457 1667 530 1703 quod
549 1679 564 1696 ς-
578 1667 688 1703 quodque

417 1708 432 1735 8
456 1706 629 1734 numerando
647 1706 673 1732 H
689 1705 854 1733 enumerando

417 1756 434 1784 9
455 1746 535 1774 fratri
552 1745 734 1773 amantiffimo
750 1747 888 1783 sfratrem
903 1747 1027 1783 amantis-

490 1786 583 1823 fimum

399 1835 433 1854 12
456 1826 538 1853 nobis
554 1838 570 1856 ς-
583 1827 610 1853 d.

399 1875 431 1903 ¹5
457 1873 483 1893 et
496 1866 555 1893 haec
569 1879 584 1896 ς
598 1876 630 1893 ex
644 1865 687 1892 hoe

400 1906 433 1932 18
455 1906 582 1932 omnium
599 1918 614 1934 r
627 1907 694 1932 omni

396 1953 434 1973 20
457 1945 593 1981 quiddam
609 1944 632 1971 C
646 1944 743 1981 quidem
756 1957 773 1973 ς·
786 1945 851 1982 quod
861 1957 884 1982 χ
897 1946 999 1982 quidam

396 1994 428 2012 ιι
456 1984 589 2022 fingulari
605 1984 773 2021 Cstgloriari

396 2033 433 2052 22
455 2033 571 2051 munera
587 2037 601 2054 s
616 2035 696 2052 mmm

397 2073 432 2100 23
454 2063 490 2091 de
506 2074 549 2091 me
564 2077 579 2094 ς-
594 2066 682 2092 deiude

394 2118 436 2125 -—
456 2103 537 2130 nobis
553 2117 575 2140 χ
590 2103 666 2131 vobis

320 2144 375 2182 338
422 2153 430 2170 ι
459 2152 562 2181 magna
576 2144 599 2170 C
614 2157 634 2177 χ
650 2144 677 2170 d.

395 2198 435 2205 ·—
456 2182 694 2209 innuumerabilia
707 2195 723 2210 ς-
738 2183 763 2209 d.

417 2233 432 2251 2
456 2221 770 2259 quodCH85-‚xd.

418 2272 431 2299 3
456 2261 564 2299 singula
579 2275 595 2292 ς-
599 2262 705 2299 singula
719 2262 830 2291 debemus

396 2317 434 2324 —-
455 2303 715 2338 recuperaverimus
741 2303 769 2330 H
787 2304 803 2331 S
818 2307 1024 2341 recuperavimus

504 2343 531 2369 T
550 2355 571 2377 χ
586 2344 785 2378 recuperarimus

416 2381 434 2409 6
455 2381 585 2410 videmur
600 2384 623 2410 C
636 2381 666 2408 H
683 2382 711 2409 T
725 2396 748 2419 χ
762 2383 805 2419 effi’
820 2385 939 2415 videmur

415 2430 432 2459 7
455 2431 512 2460 quo
527 2421 557 2451 H
571 2424 599 2451 in
613 2433 658 2460 quo
673 2435 689 2454 ›-
703 2431 730 2452 ιιι
746 2433 799 2453 cum

1164 1639 1204 1645 ——
1225 1626 1391 1653 teneremini
1407 1626 1432 1653 C
1446 1635 1586 1655 teneremur
1603 1629 1676 1665 (sup.
1694 1628 1734 1663 l.)

1169 1674 1204 1693 10
1226 1674 1270 1692 me
1283 1678 1304 1700 χ
1318 1666 1343 1693 d.

1164 1719 1203 1726 -·
1223 1705 1403 1733 revocavistis
1419 1706 1443 1734 C
1453 1710 1645 1746 provocavtstis

1165 1760 1203 1767 —
1224 1745 1362 1773 referente
1378 1746 1402 1775 C
1417 1747 1547 1784 Rfirrem
1567 1750 1596 1776 de
1610 1748 1627 1776 S
1641 1750 1667 1777 d.
1684 1749 1712 1777 T
1728 1751 1797 1786 refi-

1270 1787 1345 1813 rendo

1163 1839 1204 1846 —
1226 1825 1259 1852 L.
1278 1825 1389 1853 Ninnio
1414 1826 1442 1854 H
1462 1826 1495 1855 T.
1508 1828 1593 1856 Annio
1614 1828 1632 1856 S
1648 1828 1681 1856 L.
1695 1827 1796 1856 Mumio

1268 1864 1297 1892 T
1312 1866 1410 1893 Mumio
1425 1880 1440 1897 ς
1455 1867 1485 1896 L.
1501 1867 1591 1896 Munio
1605 1881 1625 1905 χ
1642 1869 1674 1896 L.
1690 1867 1796 1896 fllimmo

1168 1915 1203 1940 14
1224 1905 1352 1942 permissa
1366 1919 1381 1936 5-
1396 1908 1422 1934 d.

1168 1955 1177 1972 ι
1187 1955 1200 1982 ς
1224 1955 1274 1982 per
1289 1958 1305 1975 r
1317 1945 1341 1972 d.

1165 1984 1199 2012 16
1220 1994 1366 2023 nunquam
1382 1985 1406 2013 C
1422 1985 1451 2014 H
1468 1986 1484 2013 S
1501 1997 1676 2025 nonnunquam

1160 2039 1200 2046 —
1222 2035 1279 2053 non
1294 2038 1316 2060 χ
1328 2027 1354 2053 d.

1164 2074 1199 2100 17
1222 2065 1406 2093 vendiderant
1421 2066 1445 2094 C
1462 2067 1491 2094 H
1506 2079 1528 2102 χ
1543 2065 1712 2095 vendiderunt

1165 2106 1199 2132 18
1222 2113 1252 2133 ut
1274 2105 1322 2132 ille
1346 2105 1404 2141 ipse
1420 2115 1507 2132 annus
1524 2106 1548 2132 C
1562 2107 1592 2133 H
1608 2106 1636 2133 T
1650 2119 1672 2143 χ
1686 2108 1736 2143 t'pJo
1750 2106 1794 2136 illo

1261 2156 1326 2172 anno
1342 2157 1357 2174 5-
1370 2152 1397 2171 ut
1412 2145 1463 2181 ipse
1476 2144 1519 2172 ille
1531 2146 1611 2174 minus

1165 2192 1199 2220 19
1221 2184 1271 2211 hos
1286 2197 1309 2220 χ
1322 2194 1377 2211 cum

1163 2232 1200 2250 20
1222 2223 1272 2250 hos
1289 2224 1314 2250 C
1330 2232 1384 2250 cum

1160 2278 1200 2284 --
1221 2263 1336 2291 haberet
1352 2263 1377 2291 C
1391 2266 1528 2292 nominaret

1158 2311 1193 2332 21
1220 2312 1268 2330 VOS
1279 2317 1299 2338 χ
1313 2315 1356 2331 nos

1159 2356 1198 2364 —
1220 2343 1333 2371 modesti
1350 2343 1380 2370 H
1393 2343 1485 2380 molcsti

1160 2391 1196 2410 22
1220 2382 1448 2419 impediebantur
1462 2395 1478 2412 ς
1491 2383 1657 2421 impediebant

1164 2431 1198 2460 23
1222 2422 1292 2452 eaC
1308 2423 1336 2451 T
1351 2423 1449 2460 ffixd.
