2212 2835
377 176 429 226 64
863 167 1262 208 ORATlo

376 276 437 315 sed
458 275 571 313 etiam
593 272 743 310 vultum
765 279 877 322 atque
896 269 1096 314 amictum,
1118 277 1231 321 atque
1252 268 1359 306 illam
1380 267 1497 319 usque
1513 268 1559 306 ad
1579 268 1672 307 talos
1688 270 1757 308 de-

377 342 523 381 missam
545 351 767 392 purpuram,
792 336 1059 374 recordemini.
1091 337 1142 380 Is,
1170 335 1271 387 quasi
1304 348 1380 372 non
1412 333 1500 372 effet
1532 334 1611 372 ullo
1643 337 1759 373 modo

376 407 591 450 ferendum,
625 404 659 441 se
678 417 722 442 ex
739 403 888 454 judicio
918 401 1110 440 disceffiffe
1130 402 1291 446 vietum,
1327 414 1408 439 rem
1435 401 1481 438 ab
1502 400 1687 438 subselliis
1717 401 1760 438 in

377 473 512 512 Rostra
538 472 687 510 detulit.
721 470 772 507 Et
800 470 882 521 jam
913 470 1112 521 querimur
1143 468 1249 521 saepe,
1283 466 1509 505 hominibus
1541 468 1648 505 novis
1681 481 1760 505 non

376 541 460 579 satis
482 551 640 590 magnos
661 537 699 574 in
720 535 790 573 hac
810 535 964 573 civitate
983 534 1053 572 effe
1072 533 1217 573 fruetus
1236 534 1249 570 ?
1281 547 1379 586 nego
1399 533 1558 586 usquam
1586 547 1759 585 unquam

375 606 485 645 fuisse
506 606 694 656 majores:
727 602 808 646 ubi,
842 601 867 639 fi
888 601 990 652 quis,
1025 600 1189 653 ignobili
1221 600 1307 638 loco
1327 609 1451 644 natus,
1487 600 1539 637 ita
1571 600 1684 644 vivat,
1717 607 1760 636 ut

376 672 589 712 nobilitatis
610 670 838 722 dignitatem
859 669 998 706 virtute
1019 668 1115 705 tueri
1135 667 1236 719 posse
1256 667 1441 711 videatur,
1469 666 1587 718 usque
1607 679 1651 704 eo
1672 679 1760 718 per-

377 740 495 784 venit,
513 737 638 791 quoad
657 750 747 773 eum
768 735 949 773 industria
967 748 1059 772 cum
1076 734 1295 771 innocentia
1314 732 1510 785 prosecuta
1526 732 1591 771 est.
1615 733 1653 770 Si
1673 732 1761 784 quis

378 815 506 845 autem
527 805 601 842 hoc
623 816 700 840 uno
720 801 869 846 nititur,
887 800 991 852 quod
1007 800 1050 838 s1t
1070 799 1272 852 ignobili83
1295 800 1468 851 procedit
1485 799 1576 850 saepe
1593 798 1760 850 longius,

378 885 495 925 quam
516 870 540 908 fi
572 869 675 906 idem
705 867 770 905 ille
790 866 879 904 effet
898 880 990 904 curn
1009 865 1143 903 iisdem
1172 865 1246 903 suis
1267 865 1369 902 vitiis
1401 863 1672 902 nobiliffimus.
1705 865 1763 901 Ut

379 937 565 989 Qintius
589 933 705 986 (nihil
724 933 829 970 enim
849 933 975 970 dicam
992 931 1038 968 de
1064 930 1224 981 caeteris)
1258 931 1283 968 fi
1304 928 1430 967 fuiffet
1450 928 1570 967 homo
1590 928 1731 966 nobilis
1747 946 1761 973 ;

377 1005 464 1056 quis
499 1016 589 1040 eum
618 1013 710 1037 cum
731 999 798 1036 illa
826 998 999 1050 superbia
1023 1006 1137 1048 atque
1166 996 1406 1033 intolerantia
1426 994 1522 1032 ferre
1552 993 1762 1047 potuisset?

377 1068 497 1120 Qod
527 1080 572 1104 eo
602 1065 688 1102 loco
708 1062 783 1101 fuit
800 1081 812 1108 ς
844 1063 897 1101 ita
927 1062 1112 1106 tulerunt,
1148 1070 1205 1105 ut,
1241 1060 1267 1098 fi
1287 1060 1382 1111 quid
1407 1059 1562 1098 haberet
1591 1073 1612 1098 a
1631 1068 1765 1098 natura

378 1134 484 1178 boni,
506 1129 673 1185 prodesse
692 1129 727 1166 ei
748 1136 922 1181 putarent
941 1136 1115 1180 oportere
1133 1141 1141 1164 :
1174 1125 1388 1178 superbiam
1419 1134 1548 1163 autem
1568 1134 1682 1178 atque
1703 1138 1763 1163 ar-

378 1199 591 1251 rogantiam
612 1196 692 1247 ejus
716 1193 962 1232 deridendam
984 1192 1105 1245 magis
1125 1192 1394 1229 arbitrarentur
1415 1199 1570 1244 propter
1596 1190 1764 1229 humili-

378 1274 496 1304 tatem
517 1261 702 1305 hominis,
724 1273 840 1311 quam
858 1258 1212 1311 pertimescendam.

433 1330 543 1369 XLI.
576 1327 661 1372 Sed,
684 1335 726 1364 ut
747 1326 840 1363 illuc
860 1333 1045 1363 revertar:
1069 1338 1146 1377 quo
1164 1333 1336 1377 tempore
1353 1323 1603 1362 Fidiculanus
1624 1322 1675 1361 est
1695 1323 1764 1361 ab·

379 1396 539 1439 solutus,
561 1403 617 1438 tu,
651 1392 719 1444 qui
739 1405 780 1429 ea
794 1391 941 1444 judicia
958 1390 1056 1429 fae‘ta
1075 1404 1370 1435 commemoras,
1393 1404 1536 1442 quaero,
1563 1389 1658 1442 quid
1680 1398 1765 1427 tum

380 1462 450 1500 esse
471 1460 660 1499 existimas
685 1458 934 1511 judicatum?
965 1466 1066 1495 certe
1087 1457 1202 1510 gratis
1228 1456 1423 1509 judicaffe.
1453 1459 1508 1495 At
1526 1456 1762 1495 condemna-

381 1538 435 1566 rat
454 1543 462 1566 :
495 1536 530 1565 at
551 1525 700 1564 causam
722 1534 843 1562 totam
866 1537 943 1562 non
964 1524 1130 1561 audierat
1149 1538 1157 1561 ε
1190 1532 1227 1561 at
1248 1524 1287 1560 in
1308 1523 1561 1561 concionibus
1582 1522 1764 1560 omnibus

381 1608 400 1632 a
422 1596 469 1633 L.
493 1593 660 1644 Qintio
680 1590 925 1629 vehementer
944 1599 1035 1635 erat,
1057 1599 1095 1628 et
1116 1589 1224 1642 saepe,
1246 1598 1415 1628 vexatus.
1449 1589 1520 1627 Illa
1539 1589 1657 1640 igitur
1676 1602 1766 1626 om-

380 1662 443 1699 nia
464 1659 675 1710 Qintiana
694 1657 838 1709 iniqua,
860 1656 963 1700 falsa,
997 1656 1230 1700 turbulenta,
1253 1655 1462 1708 popularia,
1485 1654 1669 1699 seditiosa,
1693 1654 1763 1705 ju-

380 1727 479 1765 dicia
511 1725 680 1763 fuerunt.
720 1723 837 1761 Esto:
870 1722 997 1775 potuit
1025 1721 1095 1758 effe
1126 1722 1309 1758 innocens
1345 1720 1515 1758 Falcula.
1555 1721 1644 1770 Jam
1675 1732 1766 1771 ergo

381 1792 519 1844 aliquis
548 1790 812 1843 Oppianicum
845 1788 960 1840 gratis
992 1787 1289 1830 condemnavit5
1316 1787 1399 1838 jam
1434 1799 1512 1823 non
1542 1799 1604 1823 eos
1626 1785 1766 1836 Junius

382 1857 604 1896 subsortitus
625 1855 690 1900 est,
726 1855 793 1907 qui
825 1854 986 1907 pecunia
1005 1862 1158 1906 accepta
1177 1852 1501 1896 condemnarent3
1528 1851 1609 1902 jam
1640 1851 1767 1903 potuit

382 1924 522 1976 aliquis
543 1923 588 1960 ab
621 1922 731 1959 initio
753 1935 828 1959 non
849 1919 988 1965 sediffe,
1016 1929 1052 1958 et
1082 1929 1210 1958 tamen
1232 1918 1495 1971 Oppianicum
1524 1918 1639 1970 gratis
1670 1931 1767 1955 con-

383 1988 585 2028 demnasse.
618 1988 777 2031 Verum,
800 1986 825 2024 fi
847 1986 1029 2024 innocens
1059 1985 1228 2030 Falcula,
1251 1984 1389 2036 quaeso,
1417 1984 1503 2036 quis
1524 1996 1664 2021 nocens
1683 1983 1696 2019 ?
1729 1983 1767 2021 Si

383 2057 448 2096 hic
469 2057 584 2109 gratis
605 2054 889 2099 condemnavit,
922 2054 1009 2105 quis
1030 2053 1177 2105 accepit
1195 2053 1207 2089 ?
1240 2053 1355 2104 Nego
1387 2065 1467 2091 rem
1494 2051 1565 2090 effe
1585 2052 1706 2090 ullam
1727 2051 1767 2091 in

383 2135 620 2175 quemquam
642 2121 797 2158 illorum
817 2120 1021 2171 objefflim,
1057 2132 1141 2171 quae
1162 2118 1391 2157 Fidiculano
1421 2118 1566 2170 objecta
1597 2131 1674 2155 non
1695 2117 1766 2163 fit;

384 2202 508 2242 neque
527 2187 672 2240 aliquid
694 2185 801 2225 fuiffe
821 2187 860 2224 in
882 2185 1097 2225 Fidiculani
1119 2184 1240 2230 causa,
1266 2185 1370 2238 quod
1397 2184 1499 2222 idem
1521 2197 1599 2221 non
1620 2182 1708 2222 essct
1728 2184 1769 2223 in

383 2263 621 2293 caeterorum.

445 2321 526 2357 Aut
546 2316 621 2356 hoc
645 2316 840 2370 judicium
861 2314 1108 2369 reprehendas
1137 2325 1192 2361 tu,
1227 2317 1336 2368 cujus
1357 2314 1544 2353 accusatio
1565 2313 1676 2352 rebus
1700 2315 1768 2366 ju-

384 2386 517 2423 dicatis
541 2385 611 2422 niti
631 2383 842 2427 videbatur,
864 2381 1006 2420 neceffe
1025 2382 1105 2427 est;
1137 2391 1215 2428 aut,
1241 2383 1266 2420 s1
1287 2382 1362 2420 hoc
1383 2395 1516 2420 verum
1536 2380 1606 2419 effe
1626 2392 1766 2418 conce-

384 2452 458 2496 dis.
482 2451 743 2504 Oppianicum
772 2449 888 2504 gratis
919 2448 1220 2488 condemnatum
1246 2449 1316 2488 effe
1345 2447 1496 2487 fateare.
1532 2447 1768 2503 Qanquam
