2212 2835
637 170 776 210 PRo
836 168 1054 208 DoMo
1114 169 1260 207 suA.
1479 163 1482 166 ·
1571 167 1641 220 381

315 271 485 325 Populus
507 271 706 310 Romanus
722 300 732 315 ,
765 271 813 309 L.
837 269 940 321 Sylla
958 269 1139 307 dictatore
1163 267 1331 313 ferente,
1364 266 1534 306 comitiis
1555 280 1649 305 cen-

259 339 422 384 turiatis,
445 338 670 392 municipiis
691 337 887 375 civitatem
909 336 1053 374 ademit
1072 350 1081 372 :
1114 335 1258 373 ademit
1279 335 1413 372 iisdem
1434 347 1553 387 agros.
1589 335 1651 372 De

258 405 356 457 agris
378 414 504 443 ratum
523 404 601 449 est;
634 402 710 441 fuit
729 403 835 440 enim
856 401 992 454 populi
1012 399 1174 453 potestas
1195 415 1204 437 ε
1237 400 1283 437 de
1303 400 1458 438 civitate
1480 414 1527 438 ne
1548 409 1650 438 tam-

260 471 327 508 diu
348 471 508 522 quidem
528 469 648 507 valuit
665 498 676 514 ,
708 467 895 520 quamdiu
920 466 987 504 illa
1014 465 1158 517 Syllani
1185 466 1370 518 temporis
1392 479 1495 503 arma
1522 466 1651 503 value-

259 546 363 575 runt.
395 537 511 574 Hanc
531 549 618 573 vero
638 533 895 572 Volaterranis
910 560 921 577 ,
952 545 1046 569 cum
1066 531 1182 569 etiam
1204 540 1291 569 tum
1311 530 1425 569 effent
1446 532 1486 569 in
1507 532 1621 569 armis
1639 561 1650 575 ‚

259 603 308 640 L.
327 601 428 653 Sylla
448 602 581 646 vistor,
612 599 810 653 republica
829 607 1063 651 recuperata,
1095 597 1266 636 comitiis
1287 598 1524 642 centuriatis,
1555 598 1652 635 civi-

259 676 378 706 tatem
410 667 554 720 eripere
587 680 666 705 non
700 666 828 720 potuit
845 684 857 710 3
894 664 1088 716 hodieque
1121 663 1389 709 Volaterrani,
1425 678 1502 702 non
1538 664 1655 702 modo

259 734 375 778 cives,
408 733 469 771 sed
504 722 622 771 etiam
655 732 797 785 optimi
830 732 945 775 cives,
978 729 1160 768 fruuntur
1193 729 1397 768 nobiscum
1433 730 1547 768 fimul
1581 728 1654 767 hac

243 788 441 838 ¹civitate:
473 798 661 837 consulari
681 797 835 836 homini
856 798 900 835 P.
923 796 1102 841 Clodius,
1132 795 1257 834 eversa
1277 796 1486 849 republica,
1517 796 1654 834 civita-

260 873 342 903 tem
376 864 544 902 adimere
577 864 718 916 potuit,
749 863 918 901 concilio
951 862 1149 906 advocato,
1184 861 1384 899 conductis
1419 862 1542 914 operis
1578 875 1656 899 non

262 931 387 969 solum
408 930 630 983 egentium,
662 929 723 968 sed
744 929 861 968 etiam
882 929 1096 973 servorum,
1129 927 1284 966 Sedulio
1303 927 1499 981 principe,
1531 928 1599 980 qui
1621 927 1658 965 se

262 996 332 1035 illo
353 997 413 1034 die
433 995 677 1034 confirmavit
697 996 834 1034 Romae
855 1008 933 1033 non
953 993 1064 1032 fuisse
1081 994 1100 1030 ?'

319 1062 438 1114 Qod
458 1062 484 1100 fi
505 1075 582 1100 non
603 1060 680 1099 fuit
696 1090 708 1106 ,
739 1061 834 1114 quid
856 1069 893 1099 te
913 1060 1093 1098 audacius
1111 1089 1122 1104 ,
1154 1060 1221 1113 qui
1248 1059 1288 1098 in
1314 1061 1394 1112 ejus
1424 1073 1565 1098 nomen
1593 1059 1657 1097 in·

260 1129 428 1167 cideris?
460 1129 555 1181 quid
575 1127 801 1180 desperatius
819 1157 830 1173 ,
861 1127 930 1180 qui
956 1140 1004 1165 ne
1029 1126 1277 1165 ementiendo
1303 1127 1461 1179 quidem
1489 1126 1658 1179 potueris

263 1197 457 1233 auctorem
487 1194 715 1232 adumbrare
745 1193 981 1233 meliorem?
1013 1193 1078 1231 Sin
1112 1201 1242 1231 autem
1276 1193 1308 1230 is
1341 1193 1489 1245 primus
1521 1192 1656 1237 scivit,

263 1260 369 1312 quod
388 1259 501 1298 facile
520 1260 649 1312 potuit
665 1288 676 1304 ‚
708 1268 864 1312 propter
892 1258 1066 1312 inopiam
1087 1259 1178 1296 tecti
1194 1287 1205 1303 ‚
1237 1257 1278 1296 in
1298 1256 1383 1296 foro
1403 1260 1628 1311 pernoctans
1644 1276 1656 1303 3

263 1339 333 1364 cur
362 1340 441 1365 non
467 1326 572 1378 juret
603 1325 638 1363 se
671 1325 848 1363 Gadibus
879 1323 1002 1368 fuiffe,
1033 1338 1127 1362 cum
1157 1333 1199 1362 tu
1230 1333 1268 1362 te
1294 1323 1403 1362 fuiffe
1432 1325 1659 1362 Interamnae

263 1392 480 1445 probaveris
499 1392 513 1429 ?
539 1392 630 1430 Hoc
651 1401 693 1430 tu
714 1391 847 1444 igitur,
869 1390 992 1428 homo
1011 1389 1220 1443 populariS,
1238 1391 1325 1442 jure
1345 1390 1538 1428 munitam
1560 1390 1658 1428 civi-

262 1466 381 1496 tatem
401 1466 440 1496 et
458 1457 677 1495 libertatem
698 1456 864 1494 nostram
885 1464 996 1508 putas
1022 1454 1093 1492 effe
1118 1464 1308 1507 oportere,
1341 1465 1398 1500 ut,
1429 1456 1470 1500 fi,
1502 1456 1660 1494 tribuno

261 1523 385 1576 plebis
405 1531 575 1575 rogante,
596 1523 811 1566 VELITIS,
845 1533 1150 1572 JUBEATISNE,
1177 1520 1320 1558 Sedulii
1342 1530 1501 1558 centum
1521 1521 1557 1559 se
1577 1522 1660 1559 vel-

260 1588 297 1626 le
317 1597 354 1627 et
367 1588 504 1641 jubere
524 1588 691 1626 dixerint
706 1615 717 1633 ‚
750 1586 861 1640 poffit
888 1585 1150 1638 unusquisque
1173 1585 1347 1624 nostrum
1368 1586 1542 1624 amittere
1562 1587 1658 1625 civi-

263 1663 382 1693 tatem
401 1655 414 1691 ?
445 1655 556 1692 Tum
576 1654 695 1706 igitur
715 1655 875 1705 majores
896 1652 1013 1690 nostri
1039 1651 1242 1704 populares
1268 1665 1347 1690 non
1372 1650 1529 1690 fuerunt
1545 1681 1556 1697 ‚
1589 1652 1658 1704 qui

263 1721 309 1759 de
329 1720 485 1759 civitate
504 1729 542 1758 et
562 1720 737 1758 libertate
756 1733 798 1757 ea
812 1720 900 1772 jura
919 1718 1136 1763 sanxerunt,
1155 1732 1239 1771 quae
1255 1731 1324 1756 nec
1342 1718 1396 1756 vis
1418 1726 1656 1771 temporum,

264 1800 334 1826 nec
353 1786 525 1840 potentia
544 1786 865 1839 magistratuum„
896 1798 966 1823 nec
993 1797 1050 1822 res
1078 1793 1164 1823 tum
1177 1784 1374 1836 judicata,
1402 1797 1472 1822 nec
1493 1784 1659 1836 denique

265 1854 426 1893 univerfi
447 1853 584 1907 populi
604 1853 773 1892 Romani
793 1852 970 1906 potestas,
996 1865 1081 1904 quae
1100 1851 1244 1890 caeteris
1265 1851 1305 1890 in
1327 1851 1437 1889 rebus
1459 1850 1511 1889 est
1532 1851 1661 1890 maxi-

265 1933 344 1964 ma,
374 1918 597 1957 labefadtare
615 1919 747 1971 poffit,

323 1986 378 2022 At
399 1993 441 2022 tu
461 1984 596 2030 etiam,
628 1993 778 2037 ereptor
797 1984 962 2023 civitatis
977 2013 988 2029 ,
1019 1984 1147 2037 legem
1168 1984 1213 2022 de
1234 1983 1384 2036 injuriis
1405 1983 1572 2036 publicis
1594 1992 1657 2022 tu-

266 2050 342 2089 listi
363 2051 569 2103 Anagnino
589 2050 716 2089 nescio
737 2051 800 2088 cui
820 2051 1008 2096 Menul'ae,
1039 2064 1106 2104 per
1124 2051 1301 2104 gratiam,
1324 2051 1392 2102 qui
1414 2050 1485 2088 tibi
1506 2051 1556 2089 ob
1577 2064 1661 2087 eam

269 2117 393 2169 legem
414 2116 574 2154 statuam
595 2117 635 2154 in
656 2117 752 2154 meis
774 2117 917 2155 aedibus
937 2117 1064 2170 posuit
1079 2135 1092 2161 3
1124 2126 1167 2155 ut
1188 2117 1292 2155 locus
1313 2116 1389 2168 ipse
1410 2116 1449 2154 in
1471 2126 1535 2154 tua
1556 2125 1657 2153 tanta

270 2183 408 2235 injuria
426 2182 553 2234 legem
573 2190 611 2220 et
630 2182 919 2235 inscriptionem
939 2183 1067 2221 statuae
1087 2181 1290 2220 refelleret.
1323 2182 1420 2233 Qae
1449 2195 1502 2219 res
1524 2181 1657 2218 muni-

271 2249 422 2301 cipibus
444 2248 659 2300 AnagniniS
679 2249 921 2287 ornatiffimis
943 2249 1069 2287 multo
1095 2248 1232 2300 majori
1259 2247 1380 2286 dolori
1408 2246 1509 2290 fuit,
1542 2259 1659 2296 quam

270 2328 354 2367 quae
375 2310 479 2351 idem
501 2313 565 2351 ille
585 2313 770 2365 gladiator
789 2314 925 2352 scelera
945 2314 1130 2366 Anagniae
1148 2312 1301 2351 fecerat.

327 2380 479 2418 XXXI.
512 2379 639 2430 Qid‚
671 2379 697 2416 fi
721 2393 768 2416 ne
788 2379 972 2431 scriptum
993 2380 1152 2432 quidem
1174 2391 1345 2429 unquam
1367 2376 1417 2414 est
1439 2376 1476 2413 in
1499 2376 1563 2413 ista
1584 2376 1661 2428 ipsa

272 2447 480 2499 rogatione,
502 2458 618 2498 quam
641 2444 675 2483 se
697 2445 874 2483 Sedulius
894 2455 1004 2497 negat
1026 2444 1166 2483 scivisse
1184 2463 1194 2488 3
1228 2452 1268 2482 tu
1289 2442 1419 2496 hujus,
1443 2452 1484 2481 ut
1505 2444 1582 2480 aeta
1605 2443 1660 2480 tui
