2212 2835
462 200 535 252 363
954 192 1355 232 ORATIO

458 297 633 335 homines
656 293 824 347 improbi
844 292 889 330 ad
910 291 1096 344 quosdam
1118 291 1216 329 viros
1240 289 1359 329 fortes
1382 289 1495 343 longe
1520 289 1631 328 aliter
1647 317 1657 334 ‚
1688 299 1801 343 atque
1829 304 1849 329 a

456 377 519 401 me
551 363 649 400 dieta
679 370 811 406 erant,
842 359 1090 397 detulerunt:
1122 357 1217 396 hora
1246 370 1370 402 nona,
1401 356 1470 395 illo
1505 357 1586 409 ipso
1620 357 1706 402 die,
1737 366 1780 395 tu
1809 371 1847 395 es

455 430 670 482 adoptatus.
702 429 753 472 Si,
785 426 891 479 quod
921 425 961 463 in
993 425 1137 463 caeteris
1168 424 1319 477 legibus
1352 423 1499 462 trinum
1528 424 1749 462 nundinum
1776 422 1848 461 effe

457 505 632 548 oportet,
664 495 703 532 id
735 495 774 531 in
806 492 1011 545 adoptione
1038 491 1123 529 satis
1151 490 1203 528 est
1221 519 1231 535 ,
1263 490 1383 528 trium
1410 489 1481 528 effe
1506 488 1718 535 horarum,
1750 488 1851 527 nihil

458 561 709 614 reprehendo.
749 560 814 598 Sin
846 559 978 597 eadem
1009 557 1238 595 observanda
1269 556 1383 602 sunt5
1415 556 1441 594 fi
1472 555 1640 594 decrevit
1674 556 1851 600 senatus,

459 629 522 666 Μ.
546 627 661 666 Drusi
682 626 832 678 legibus
850 654 861 669 ,
892 638 978 677 quae
1004 632 1137 661 contra
1162 622 1289 674 legem
1312 622 1510 660 Caeciliam
1529 631 1567 660 et
1587 622 1746 661 Didiam
1766 622 1851 660 latae

458 694 589 738 essent,
621 692 813 746 populum
835 704 911 728 non
934 689 1080 728 teneri:
1108 690 1191 739 jam
1218 688 1418 740 intelligis,
1449 689 1559 726 omni
1586 702 1723 740 genere
1737 688 1852 740 juri5‚

459 761 563 812 quod
585 760 624 797 in
646 759 769 802 sacris,
801 755 907 808 quod
927 755 967 792 in
988 754 1179 806 auspiciis,
1211 754 1318 805 quod
1344 754 1386 791 in
1409 754 1558 806 legibus
1579 755 1636 799 fit,
1669 763 1706 792 te
1726 754 1852 793 tribu-

458 840 553 864 num
576 824 697 877 plebis
719 836 795 860 non
816 820 924 859 fuiffe
943 821 955 857 ?

515 894 649 943 Atque
680 903 751 941 ego
781 887 858 926 hoc
890 896 1021 925 totum
1051 899 1128 924 non
1149 885 1227 923 fine
1247 884 1355 923 causa
1375 885 1567 938 relinquo.
1597 884 1724 924 Video
1750 885 1855 923 enim

460 958 642 1010 quosdam
665 956 888 994 clariffimos
909 954 1024 999 viros,
1047 953 1240 1006 principes
1262 953 1444 997 civitatis,
1467 952 1615 1004 aliquot
1634 952 1730 990 locis
1744 951 1855 1004 judi-

460 1023 567 1069 caffe,
600 1033 636 1061 te
657 1036 749 1061 cum
771 1021 883 1074 plebe
908 1021 996 1073 jure
1027 1033 1137 1073 agere
1167 1017 1351 1072 potuiffe:
1384 1019 1452 1071 qui
1472 1019 1589 1057 etiam
1611 1018 1657 1056 de
1677 1031 1741 1056 me
1760 1017 1855 1070 ipso,

459 1104 551 1128 cum
584 1099 647 1128 tua
678 1088 875 1141 rogatione
905 1086 1039 1125 funere
1072 1085 1210 1124 elatam
1242 1085 1529 1137 rempublicam
1560 1084 1633 1122 effe
1663 1085 1855 1130 dicerent,

460 1167 589 1195 tamen
622 1145 662 1194 id
692 1155 825 1199 funus,
857 1153 923 1192 etfi
955 1152 1138 1194 miserum
1167 1161 1282 1204 atque
1308 1152 1491 1190 acerbum
1518 1150 1660 1197 fuiffet,
1686 1152 1774 1204 jure
1793 1151 1857 1188 in-

460 1224 608 1261 dictum
641 1222 712 1260 effe
739 1220 932 1258 dicebant.
966 1219 1084 1273 Qod
1112 1219 1157 1256 de
1183 1232 1247 1256 me
1278 1219 1363 1256 cive
1389 1232 1431 1256 ac
1460 1218 1507 1256 de
1536 1218 1734 1270 republica
1760 1217 1858 1255 bene

460 1290 601 1328 merito
633 1287 789 1332 tulisses,
821 1285 1014 1324 funestum
1046 1284 1163 1322 funus
1197 1293 1234 1322 te
1263 1284 1439 1322 indixiffe
1470 1284 1719 1336 reipublicae;
1751 1283 1858 1335 quod

462 1355 570 1393 salvis
592 1354 768 1406 auspiciis
796 1351 953 1395 tuliffes,
979 1351 1066 1402 jure
1093 1350 1218 1401 egisse,
1251 1349 1444 1387 dicebant.
1477 1349 1606 1400 Qare
1633 1348 1782 1394 licebit,
1815 1357 1858 1387 ut

460 1423 613 1475 opinor,
645 1420 756 1458 nobis
777 1432 836 1457 eas
856 1418 1022 1456 afflones
1044 1429 1122 1454 non
1141 1414 1349 1460 infirmare,
1381 1415 1525 1467 quibus
1553 1415 1612 1453 illi
1640 1415 1856 1453 aetionibus

461 1488 715 1526 constitutum
734 1486 977 1523 tribunatum
997 1490 1111 1520 tuum
1131 1481 1492 1533 comprobaverunt.
1526 1481 1660 1519 Fueris
1682 1480 1766 1518 sane
1786 1481 1857 1518 tri-

463 1556 590 1593 bunus
612 1554 734 1607 plebis
757 1562 835 1590 tam
850 1552 937 1603 jure
951 1578 962 1595 ‚
994 1561 1112 1601 quam
1133 1548 1238 1600 lege,
1270 1561 1390 1600 quam
1409 1546 1486 1587 fuit
1504 1546 1570 1586 hic
1591 1547 1668 1600 ipse
1688 1547 1831 1586 Rullus
1845 1575 1857 1592 ,

463 1622 520 1658 vir
539 1619 722 1658 omnibus
744 1618 856 1656 rebus
877 1614 1102 1654 clariffimus
1123 1621 1239 1666 atque
1256 1613 1514 1666 ampliffimus
1532 1628 1540 1651 :
1565 1627 1644 1666 quo
1656 1614 1758 1666 jure,
1780 1626 1860 1666 quo

464 1700 585 1732 more,
604 1699 682 1739 quo
702 1684 897 1737 exemplo,
915 1683 1041 1736 legem
1062 1680 1296 1719 nominatim
1317 1680 1365 1718 de
1384 1680 1509 1734 capite
1530 1680 1623 1719 civis
1644 1679 1859 1719 indemnati

465 1754 586 1792 tulisti
605 1753 616 1790 ?
808 1752 809 1755 ’

518 1821 652 1862 XVII.
685 1819 829 1856 Vetant
848 1818 951 1870 leges
972 1816 1133 1859 sacratae,
1157 1822 1285 1853 vetant
1306 1827 1372 1852 ΧΠ
1397 1813 1549 1858 tabulae,
1580 1814 1681 1866 leges
1701 1813 1858 1866 privatis

463 1886 692 1926 hominibus
714 1884 897 1936 irrogari:
930 1883 969 1920 id
999 1881 1052 1920 est
1081 1881 1187 1920 enim
1218 1880 1479 1933 privilegium.
1520 1880 1654 1918 Nemo
1686 1893 1860 1933 unquam

464 1952 579 1991 tulit:
614 1950 713 1989 nihil
733 1950 786 1988 est
805 1949 1012 1992 crudelius,
1044 1946 1144 1985 nihil
1164 1947 1425 2000 perniciofius,
1456 1944 1570 1991 nihil,
1602 1946 1707 1998 quod
1727 1946 1858 1985 minus

465 2018 547 2057 haec
569 2018 700 2056 civitas
722 2015 818 2055 ferre
840 2016 964 2068 poffit.
998 2013 1290 2067 Proscriptionis
1307 2012 1567 2051 miserrimum
1583 2025 1724 2050 nomen
1745 2011 1858 2058 illud,

465 2095 503 2123 ct
522 2085 649 2124 omnis
670 2083 851 2122 acerbitas
875 2081 1017 2134 Syllani
1038 2081 1234 2133 temporis,
1266 2079 1361 2132 quid
1392 2078 1522 2124 habet,
1555 2078 1661 2131 quod
1688 2079 1860 2120 maxime

466 2151 512 2190 fit
531 2150 675 2203 insigne
695 2148 740 2186 ad
761 2147 992 2186 memoriam
1019 2145 1288 2184 crudelitatis?
1319 2145 1469 2197 opinor,
1499 2158 1656 2197 poenam
1687 2144 1728 2182 in
1759 2144 1859 2183 cives

468 2219 666 2256 Romanos
687 2215 920 2254 nominatim
941 2214 1017 2253 fine
1031 2213 1183 2266 judicio
1202 2212 1463 2251 constitutam.

524 2284 640 2321 Hanc
672 2295 738 2320 vos
768 2281 900 2334 igitur,
932 2278 1154 2323 Pontifices,
1180 2277 1330 2330 judicio
1360 2286 1475 2329 atque
1501 2275 1723 2315 auctoritate
1745 2275 1862 2314 vestra

468 2349 624 2388 tribuno
659 2347 782 2401 plebis
816 2346 1039 2400 potestatem
1072 2344 1227 2389 dabitis,
1274 2353 1316 2382 ut
1350 2343 1582 2397 proscribere
1615 2342 1727 2395 poffit
1762 2355 1859 2395 quos

469 2415 588 2453 velit?
621 2416 762 2466 Qaero
782 2414 901 2459 enim,
933 2412 1029 2464 quid
1055 2411 1099 2450 fit
1129 2410 1233 2449 aliud
1263 2410 1509 2463 proscribere.
1542 2409 1755 2453 VELITIS,
1789 2421 1859 2459 Ju-

469 2493 657 2527 ΒΕΑΤιε,
686 2489 728 2520 ut
748 2480 810 2519 M.
830 2476 967 2520 Tullius
986 2478 1022 2518 in
1039 2477 1191 2518 civitate
1209 2491 1251 2517 ne
1255 2471 1326 2529 sti,
1357 2476 1514 2529 bonaque
1537 2474 1608 2528 ejus
1628 2483 1670 2514 ut
1684 2473 1859 2527 meastnt.
