2912 4368
788 1236 858 1288 133
1289 1231 1688 1270 oRAT1o

784 1334 956 1384 Capuam
980 1339 1099 1369 totam
1120 1328 1319 1367 transferre
1351 1328 1520 1380 vellent)
1550 1326 1720 1382 profecto
1751 1341 1892 1367 nomen
1924 1329 2026 1367 illius
2059 1330 2161 1367 urbia

784 1412 859 1435 non
882 1395 1126 1447 reliquissent.

839 1463 982 1499 Verum
1006 1462 1297 1503 arbitrabantur,
1331 1459 1520 1498 Corintho
1541 1469 1577 1497 et
1597 1459 1836 1512 Carthagini,
1868 1460 1983 1497 etiam
2012 1460 2037 1497 si
2062 1459 2162 1496 sena-

783 1537 868 1565 tum
895 1538 930 1564 et
961 1528 1221 1579 magistratum
1248 1525 1487 1570 sustulissent,
1519 1540 1731 1578 agrumque
1757 1526 1905 1564 civibus
1929 1524 2163 1569 ademiffent,

783 1603 910 1631 tamen
945 1607 1020 1630 non
1050 1592 1189 1637 defore,
1222 1594 1289 1644 qui
1319 1592 1382 1629 illa
1408 1592 1657 1636 restituerent,
1688 1601 1800 1644 atque
1829 1592 1896 1644 qui
1923 1601 2009 1629 ante
2036 1592 2165 1628 omnia

784 1668 1081 1703 commutarent,
1114 1672 1229 1710 quam
1256 1671 1321 1695 nos
1351 1658 1479 1695 audire
1511 1657 1727 1710 possemus,
1759 1657 1824 1695 hic
1847 1671 1947 1701 vero,
1977 1658 2015 1694 in
2043 1657 2165 1694 oculis

785 1725 930 1763 senatus
955 1725 1161 1777 populique
1190 1725 1372 1768 Romani,
1404 1723 1501 1762 nihil
1530 1723 1630 1776 posse
1658 1723 1825 1769 existere,
1858 1723 1961 1775 quod
1984 1737 2058 1761 non
2080 1733 2165 1759 ante

784 1791 958 1842 extingui
987 1800 1100 1841 atque
1128 1790 1295 1842 opprimi
1325 1789 1456 1841 posset,
1488 1803 1604 1841 quam
1625 1789 1736 1841 plane
1757 1799 1933 1827 exortum
1962 1802 2003 1826 ac
2032 1798 2165 1826 natum

784 1856 884 1895 effet.
909 1857 1047 1907 Neque
1065 1870 1150 1893 vero
1167 1869 1206 1893 ea
1225 1869 1279 1893 res
1302 1855 1441 1892 fefellit
1456 1854 1647 1900 homines,
1670 1856 1797 1893 divina
1813 1865 1941 1893 mente
1957 1865 1994 1893 et
2010 1854 2167 1893 consilio

784 1922 958 1974 prztditos
980 1938 986 1958 z
1012 1936 1098 1959 nam
1121 1922 1201 1973 post
1223 1922 1498 1971 QFulvium,
1523 1920 1780 1971 QFabium,
1804 1921 2001 1964 Consules,
2025 1921 2166 1971 quibus

786 1988 1017 2025 Consulibus
1041 1989 1170 2039 Capua
1192 1988 1335 2023 devicta
1360 1997 1474 2037 atque
1500 1995 1608 2037 capta
1634 1985 1699 2029 est,
1731 1984 1830 2023 nihil
1862 1985 1913 2022 est
1940 1987 1976 2022 in
2006 1999 2047 2022 ea
2073 1985 2167 2022 urbe

785 2064 916 2091 contra
937 2053 1033 2090 hanc
1057 2054 1351 2104 rempublicam,
1384 2066 1459 2089 uon
1488 2052 1575 2089 dico
1603 2051 1760 2096 factum,
1792 2051 1853 2089 sed
1880 2050 1977 2088 nihil
2007 2052 2168 2089 omnino

784 2119 1059 2170 excogitatum.
1094 2119 1224 2155 Multa
1256 2118 1379 2170 postea
1411 2117 1507 2155 bella
1527 2117 1626 2169 gesta
1656 2131 1746 2155 cum
1770 2118 1937 2169 regibus,
1971 2116 2167 2169 Philippo,

786 2184 997 2229 Antiocho,
1042 2184 1161 2227 Persa,
1200 2183 1539 2235 Pseudophilippo,
1579 2182 1810 2226 Aristonico,
1850 2182 2093 2227 Mithridate,
2132 2191 2169 2220 et

785 2252 951 2289 caeteris:
986 2251 1107 2288 multa
1138 2260 1313 2301 praeterea
1344 2249 1443 2286 bella
1468 2249 1594 2300 gravia
1622 2248 1995 2301 Carthaginensium,
2028 2250 2168 2286 Corin-

787 2318 930 2361 thium,
972 2318 1291 2355 Numantinum:
1330 2317 1460 2353 multae
1482 2317 1520 2352 in
1549 2315 1618 2352 hac
1651 2316 1845 2368 republica
1878 2315 2075 2352 seditiones
2097 2315 2167 2352 do-

787 2383 966 2426 mesticae,
1009 2396 1101 2433 quas
1137 2382 1414 2434 pl·aetes111itto:
1459 2382 1557 2418 bella
1592 2396 1682 2419 cum
1718 2381 1841 2425 sociis,
1882 2381 2168 2433 Fregellanum,

787 2449 1018 2486 Marsicum:
1044 2448 1185 2499 quibus
1207 2448 1388 2485 omnihus
1411 2447 1625 2484 domesticis
1648 2447 1884 2498 externisque
1907 2447 2015 2483 bellis
2038 2448 2169 2498 Capua

787 2528 863 2551 nou
886 2514 1000 2551 modo
1022 2527 1097 2550 non
1119 2512 1260 2556 obfuit,
1291 2513 1349 2550 sed
1371 2513 1729 2565 opportunissimam
1752 2513 1785 2550 se
1805 2513 1914 2550 nobis
1936 2513 2110 2564 praebuit,
2133 2521 2170 2549 et

788 2581 833 2618 ad
865 2580 1009 2617 bellum
1038 2580 1315 2623 instruendum,
1347 2590 1384 2616 et
1412 2580 1457 2616 ad
1483 2580 1670 2616 exercitus
1697 2579 1898 2622 ornandos,
1931 2590 1966 2615 et
1994 2579 2099 2615 tectis
2128 2591 2169 2615 ac

788 2646 936 2684 sedibus
959 2646 1029 2682 suis
1052 2645 1301 2696 recipiendOS.

842 2712 1034 2749 Homines
1057 2724 1132 2748 non
1156 2712 1299 2747 inerant
1320 2711 1358 2747 in
1381 2711 1484 2755 urbe,
1516 2711 1582 2762 qui
1605 2710 1714 2747 malis
1735 2710 2000 2753 concionibus,
2033 2709 2169 2746 turbu-

788 2778 900 2815 lentis
937 2777 1277 2820 senatusconsultis,
1314 2777 1457 2827 iniquis
1493 2777 1679 2827 imperiis,
1716 2776 1995 2827 rempublicam
2033 2774 2168 2811 misce-

788 2854 883 2886 rent,
905 2853 941 2880 et
963 2857 1087 2879 rerum
1108 2855 1290 2879 novarum
1308 2841 1456 2878 causam
1476 2842 1645 2891 aliquam
1663 2849 1884 2891 quaererent.
1910 2840 2049 2890 Neque
2065 2839 2170 2877 enim

787 2909 1039 2947 concionandi
1071 2907 1228 2960 potestas
1256 2917 1332 2945 erat
1362 2908 1557 2958 cuiquam,
1594 2920 1662 2944 nec
1692 2906 1838 2944 consilii
1866 2905 2040 2957 capiendi
2068 2905 2169 2956 pub-

788 2975 879 3012 lici:
915 2988 988 3011 non
1019 2973 1148 3026 gloriae
1180 2973 1387 3024 cupiditate
1418 2972 1683 3016 efferebantur,
1722 2981 1918 3023 propterea
1955 2971 2071 3022 quod,
2104 2970 2170 3007 ubi

787 3040 909 3078 honos
933 3041 1086 3092 publice
1108 3053 1182 3077 non
1205 3039 1269 3083 est,
1293 3040 1345 3075 ibi
1367 3039 1495 3090 gloriae
1515 3038 1703 3090 cupiditas
1725 3037 1794 3074 effe
1817 3051 1890 3074 non
1914 3037 2046 3089 potest.
2077 3036 2171 3074 Non

787 3107 1046 3149 contentione,
1079 3119 1155 3142 non
1188 3105 1412 3148 ambitione,
1444 3104 1656 3141 discordes:
1696 3102 1794 3140 nihil
1830 3104 1934 3139 enim
1969 3103 2170 3153 supererat,

788 3174 832 3210 de
853 3186 931 3224 quo
952 3182 1154 3215 certarent,
1179 3170 1291 3214 nihil,
1314 3170 1417 3222 quod
1438 3180 1568 3208 contra
1585 3180 1774 3222 peterent,
1800 3168 1911 3213 nihil,
1933 3169 1997 3206 ubi
2020 3168 2172 3206 diffide-

789 3249 884 3277 rent.
922 3240 1051 3289 ltaque
1077 3237 1182 3274 illam
1206 3240 1441 3288 Campanam
1465 3237 1732 3287 arrogantiam,
1764 3245 1876 3287 atque
1897 3235 2173 3272 intolerandam

789 3305 984 3347 ferociam,
1026 3304 1168 3340 ratione
1208 3312 1244 3339 et
1283 3303 1439 3339 consilio
1475 3303 1634 3353 majores
1675 3302 1787 3339 nostri
1823 3302 1867 3338 ad
1904 3300 2173 3337 inertissimum

786 3382 821 3409 et
850 3370 1174 3408 desidiosissimum
1205 3369 1328 3406 otium
1358 3369 1629 3420 perduxerunt.
1665 3369 1724 3406 Sic
1754 3377 1790 3405 et
1817 3367 2050 3405 crudelitatis
2072 3365 2172 3403 infa-

786 3438 904 3474 miam
927 3435 1157 3487 effugerunt,
1190 3434 1294 3486 quod
1317 3434 1451 3471 urbem
1472 3448 1516 3471 ex
1540 3434 1647 3471 Italia
1666 3432 1969 3485 pulcherrimam
1995 3445 2071 3469 non
2092 3430 2170 3467 sus-

789 3505 980 3548 tulerunt,
1027 3511 1064 3541 et
1096 3501 1268 3541 multum
1299 3502 1338 3542 in
1368 3501 1561 3554 posterum
1596 3501 1857 3554 providerunt,
1891 3499 2010 3552 quod,
2046 3498 2170 3537 nervis
