2212 2835
340 197 366 234 4
833 187 1231 243 ORATIO

338 283 373 322 se
394 284 631 338 Bosporanis,
653 285 830 324 finitimis
852 287 940 332 suis,
963 288 1109 327 bellum
1132 288 1270 328 inferre
1290 289 1515 336 fimulaffet3
1542 291 1661 344 usque
1681 293 1722 332 in

339 352 564 404 Hispaniam
582 352 722 404 legatos
739 354 944 392 Ecbatanis
965 355 1068 393 mifit
1087 356 1133 394 ad
1153 370 1214 394 eos
1235 357 1364 403 duces,
1383 358 1615 410 quibuscum
1637 368 1723 398 tum

338 418 485 455 bellum
499 418 744 470 gerebamus:
769 429 823 464 ut,
838 434 928 458 cum
947 421 1095 459 duobus
1114 422 1153 460 in
1167 423 1261 460 locis
1278 423 1580 475 disjunfflffimis
1595 425 1722 463 maxi-

336 497 476 537 meque
496 485 661 529 diverfis,
682 499 759 522 uno
780 487 949 532 consilio,
968 501 988 525 a
1008 488 1108 525 binis
1128 488 1296 527 hostium
1317 492 1436 543 copiis
1458 492 1606 529 bellum
1627 501 1723 530 terra

336 551 510 602 marique
529 560 733 603 gereretur,
755 565 836 597 VOS,
858 554 1016 605 ancipiti
1036 556 1282 594 contentione
1302 556 1473 602 districti,
1493 557 1538 595 de
1558 558 1724 610 imperio

335 615 581 655 dimicaretis.

392 683 463 721 Sed
484 691 612 722 tamen
632 684 785 723 alterius
805 686 921 738 partis
943 688 1172 739 periculum,
1195 689 1414 728 Sertorianae
1441 699 1555 743 atque
1576 690 1720 743 Hispa-

336 748 487 794 nienfis,
524 763 609 801 quae
639 750 765 788 multo
796 751 882 803 plus
915 751 1151 792 firmamenti
1181 768 1224 792 ac
1254 755 1399 793 roboris
1432 754 1610 801 habebat,
1642 757 1717 794 Cn.

335 814 513 867 Pompeii
543 815 675 854 divino
704 817 862 854 consilio
891 830 933 855 ac
959 819 1137 871 singulari
1167 821 1308 858 virtute
1338 821 1542 873 depulsum
1568 822 1646 860 est:
1678 822 1720 858 in

334 879 448 918 altera
467 890 572 933 parte
602 882 654 919 ita
673 895 728 919 res
760 897 779 919 a
800 884 848 920 L.
873 884 1055 929 Lucullo,
1077 885 1230 923 summo
1249 887 1344 931 viro,
1377 887 1429 924 est
1448 888 1718 932 administrata,

334 955 378 984 ut
397 947 507 984 initia
526 947 591 985 illa
619 948 807 999 gestarum
830 962 956 987 rerum
973 964 1109 1002 magna
1126 960 1240 1001 atque
1255 952 1432 1003 praeclara
1448 966 1525 990 non
1540 952 1719 990 felicitati

331 1011 427 1062 ejus,
448 1012 510 1050 sed
535 1012 695 1056 virtuti;
727 1012 809 1050 haec
841 1023 970 1051 autem
1001 1023 1183 1060 extrema,
1217 1029 1301 1067 quae
1332 1030 1453 1069 nuper
1482 1017 1717 1063 acciderunt,

331 1090 409 1114 non
429 1077 566 1129 culpae,
588 1076 650 1114 sed
665 1075 841 1122 fortunae‚
860 1079 1060 1117 tribuenda
1080 1080 1149 1118 effe
1169 1081 1379 1120 videantur.
1400 1082 1471 1120 Sed
1488 1083 1533 1121 de
1549 1083 1718 1121 Lucullo

332 1142 458 1180 dicam
478 1143 552 1180 alio
583 1142 684 1187 loco,
719 1152 757 1180 et
787 1144 840 1181 ita
871 1144 1012 1189 dicam,
1047 1146 1234 1196 QiriteS‚
1266 1156 1308 1185 ut
1335 1161 1458 1200 neque
1477 1162 1562 1187 vera
1581 1149 1662 1187 laus
1682 1149 1719 1187 ei

331 1208 495 1246 detraCta
523 1209 692 1248 oratione
726 1209 861 1254 nostra,
892 1224 1018 1262 neque
1045 1210 1136 1249 falsa
1165 1213 1301 1258 afficstffi
1334 1213 1405 1252 effe
1435 1215 1619 1253 videatur.
1653 1216 1716 1253 De

331 1275 441 1312 vestri
462 1275 615 1327 imperii
637 1275 822 1327 dignitate
841 1285 954 1329 atque
973 1277 1107 1330 gloria,
1130 1279 1314 1331 quoniam
1335 1280 1366 1318 is
1386 1281 1439 1319 est
1458 1281 1610 1319 exorsus
1631 1295 1716 1319 ora-

331 1342 446 1379 tionis
467 1355 574 1386 meae,
598 1342 732 1386 videte,
755 1356 874 1395 quem
895 1344 1003 1382 vobis
1024 1345 1198 1383 animum
1221 1346 1502 1399 suscipiendum
1522 1349 1680 1401 putetis.

386 1408 435 1445 V.
468 1408 636 1460 Majores
657 1407 766 1445 vestri
786 1408 892 1461 saepe,
926 1411 1202 1449 mercatoribus
1233 1425 1275 1450 ac
1307 1413 1630 1452 naviculatoribus
1652 1414 1714 1451 in-

325 1473 504 1525 juriofius
526 1474 706 1519 tractatis,
728 1474 828 1512 bella
846 1475 1056 1527 gesserunt:
1088 1490 1168 1523 vos,
1200 1486 1257 1516 tot
1277 1479 1423 1517 civium
1443 1480 1714 1518 Romanorum

330 1539 520 1585 millibus,
553 1553 631 1577 uno
651 1541 788 1578 nuntio
818 1551 931 1593 atque
953 1555 1030 1580 uno
1050 1551 1238 1595 tempore,
1269 1545 1426 1590 necatis,
1459 1559 1538 1598 quo
1558 1546 1714 1584 tandem

331 1606 461 1643 animo
481 1605 551 1643 effe
572 1606 717 1643 debetis
737 1607 749 1643 ?
781 1608 917 1659 Legati
938 1609 1043 1660 quod
1063 1618 1168 1647 erant
1198 1610 1377 1663 appellati
1397 1611 1608 1664 superbius,
1632 1613 1712 1650 Co-

328 1671 505 1710 rinthum
525 1681 648 1725 patres
669 1672 792 1718 vestri,
820 1674 938 1711 totius
960 1676 1118 1713 Graeciae
1138 1676 1285 1722 lumen,
1317 1678 1532 1715 extinctum
1552 1678 1621 1715 effe
1642 1691 1711 1716 vo-

330 1738 510 1776 luerunt:
542 1751 608 1776 vos
639 1751 730 1776 eum
761 1752 889 1791 regem
909 1740 1081 1778 inultum
1101 1741 1170 1778 effe
1191 1743 1406 1794 patiemini,
1442 1744 1509 1795 qui
1541 1743 1712 1795 legatum

328 1805 463 1856 populi
483 1804 664 1849 Romani,
695 1805 946 1850 consularem,
968 1807 1131 1845 vinculis
1152 1821 1194 1845 ac
1214 1808 1448 1854 verberibus,
1470 1819 1585 1862 atque
1604 1811 1712 1848 omni

329 1870 530 1922 supplicio,
563 1870 825 1909 excruciatum
846 1872 1022 1910 necavit?
1054 1873 1118 1911 Illi
1138 1874 1355 1912 libertatem
1386 1876 1530 1914 civium
1562 1877 1711 1914 Roma-

328 1949 467 1973 norum
488 1936 738 1973 imminutam
759 1950 836 1974 non
858 1938 1054 1976 tulerunt:
1078 1953 1142 1977 vos
1165 1940 1282 1977 vitam
1300 1950 1468 1993 ereptam
1486 1941 1710 1994 negligetis?

327 2002 396 2052 Jus
427 2001 628 2054 legationis
648 2002 763 2040 verbo
793 2003 979 2042 violatum
1009 2005 1067 2042 illi
1099 2006 1283 2057 persecuti
1304 2006 1412 2045 sunt:
1446 2021 1510 2045 vos
1542 2008 1711 2060 legatum

327 2068 461 2119 populi
484 2068 665 2112 Romani,
697 2069 804 2106 omni
826 2069 1012 2122 supplicio
1033 2070 1294 2116 interfectum‚
1322 2073 1493 2110 inultum
1515 2074 1710 2126 relinque-

326 2134 403 2172 tis?
436 2134 587 2178 Videte,
611 2147 670 2179 ne,
704 2144 747 2172 ut
766 2135 843 2173 illis
874 2135 1180 2188 pulcherrimum
1211 2137 1300 2183 fuit,
1331 2147 1475 2177 tantam
1502 2140 1609 2178 vobis
1631 2141 1708 2178 im-

325 2199 419 2251 perii
439 2199 601 2251 gloriam
624 2200 859 2252 relinquere,
892 2202 940 2239 s1c
962 2202 1069 2240 vobis
1092 2203 1350 2255 turpiffimum
1372 2204 1430 2249 s1t,
1463 2205 1574 2250 illud,
1605 2206 1710 2257 quod

326 2265 533 2317 accepistis,
556 2267 651 2303 tueri
673 2275 710 2304 et
730 2267 944 2305 conservare
963 2282 1040 2306 non
1062 2268 1174 2321 poffe.

381 2331 501 2381 Qid,
533 2332 638 2383 quod
670 2332 764 2370 salus
786 2332 975 2372 sociorum
996 2334 1192 2373 summum
1214 2336 1253 2373 in
1274 2337 1490 2388 periculum
1512 2350 1553 2375 ac
1573 2337 1705 2375 discri-

323 2410 411 2434 men
432 2398 616 2435 vocatur?
648 2398 786 2450 Regno
805 2399 981 2451 expulsus
1003 2400 1054 2438 est
1072 2401 1362 2447 Ariobarzanes,
1394 2416 1471 2447 rex,
1493 2403 1613 2440 socius
1634 2417 1706 2455 po-

323 2462 403 2515 puli
426 2463 594 2501 Romani
615 2472 728 2516 atque
748 2465 894 2503 amicus
914 2481 921 2504 :
955 2467 1164 2506 imminent
1185 2468 1261 2506 duo
1280 2482 1383 2520 reges
1407 2468 1476 2506 toti
1498 2468 1606 2513 Afiae,
1630 2482 1706 2506 non
