2212 2835
636 156 774 194 PRO
833 154 1127 193 ARCHIA
1187 153 1442 191 POETA.
1660 163 1729 203 321

342 258 473 295 studiis
494 257 694 295 delectatio
714 256 789 295 sola
810 264 1027 309 peteretur;
1060 266 1210 299 tamen,
1243 263 1285 292 ut
1306 254 1464 306 opinor,
1496 251 1595 289 hanc
1617 251 1735 289 animi

339 325 597 362 remiflionem
624 322 940 362 humaniffimam
967 335 1010 359 ac
1036 321 1336 359 liberaliffimazn
1359 319 1597 372 judicaretis.
1630 319 1739 356 Nam

340 400 484 429 caeterae
511 405 635 444 neque
662 400 884 442 temporum
907 389 1006 433 sunt,
1038 401 1161 439 neque
1182 396 1353 430 aetatum,
1385 386 1581 430 omnium,
1614 399 1737 437 neque

343 457 548 495 locorum:
581 456 664 494 haec
695 455 816 493 studia
844 453 1137 491 adolescentiam
1171 452 1304 496 alunt,
1336 451 1568 489 senectutem
1603 451 1735 488 oblec-

343 532 449 568 tant,
481 523 660 560 secundas
682 535 738 559 res
759 529 895 558 ornant
909 548 920 564 ,
952 518 1110 557 adversis
1131 517 1355 571 perfugium
1376 531 1417 555 ac
1440 516 1618 554 solatium
1640 531 1734 568 prae-

342 591 457 633 bem,
490 588 680 626 delectant
700 587 808 625 domi
823 615 833 632 ‚
866 599 943 624 non
971 585 1192 638 impediunt
1212 583 1304 622 foris
1320 613 1330 628 ‚
1364 585 1588 636 pernoctant
1610 583 1737 620 nobis-—

340 668 447 700 cum,
479 655 783 709 peregrinantur,
814 652 1058 691 rusticantur.
1090 651 1211 702 Qod
1237 651 1262 689 fi
1284 651 1351 704 ipfi
1373 649 1454 688 haec
1475 664 1600 702 neque
1620 649 1739 687 attin-

342 736 444 775 gere,
475 735 602 775 neque
635 720 742 759 sensu
779 719 906 759 nostro
938 719 1100 772 gustare,
1132 717 1339 771 pollemus,
1370 726 1499 755 tamen
1534 730 1576 754 ea
1610 716 1740 754 mirari

341 789 583 834 deberemus,
614 789 730 826 etiam
751 801 843 825 cum
864 787 904 825 in
925 786 1008 824 aliis
1030 785 1260 823 videremus.

397 858 512 895 Vm.
545 856 645 907 Qis
666 855 839 893 nostrum
861 863 941 891 tam
962 853 1093 891 animo
1113 852 1247 905 agresti
1268 865 1310 889 ac
1326 851 1423 889 duro
1440 851 1530 896 fuit,
1551 860 1594 889 ut
1611 850 1744 888 Roscii

345 932 471 961 morte
491 936 614 975 nuper
634 935 712 959 non
732 929 1041 959 commoveretur
1062 920 1073 956 ?
1106 919 1174 972 qui
1195 932 1287 956 cum
1308 917 1398 956 effet
1418 918 1528 956 senex
1548 926 1740 961 mortuus,

345 998 504 1034 tamen,
535 998 692 1042 propter
725 987 981 1026 excellentem
1015 995 1136 1024 artem
1171 999 1213 1022 ac
1248 984 1513 1029 venustatem,
1544 984 1743 1022 videbatur

344 1056 508 1094 omnino
544 1055 644 1094 mori
678 1068 757 1093 non
791 1052 972 1091 debuiffe.
1005 1052 1112 1104 Ergo
1144 1051 1211 1089 ille
1246 1051 1416 1104 corporis
1448 1059 1560 1089 motu
1590 1045 1744 1089 tanturn

346 1135 520 1161 amorem
542 1121 611 1160 fibi
632 1120 855 1158 conciliarat
875 1132 895 1156 a
915 1118 1029 1156 nobis
1049 1117 1233 1155 omnibus
1253 1132 1262 1155 :
1286 1131 1354 1155 nos
1376 1118 1596 1155 animorum
1617 1118 1744 1155 incre-

345 1188 484 1227 dibiles
505 1196 635 1226 motus
650 1215 661 1232 ‚
692 1186 1007 1237 celeritatemque
1027 1184 1295 1236 ingeniorum,
1322 1184 1565 1236 negligemus
1585 1185 1597 1221 ?
1631 1185 1744 1235 Qo—

344 1255 418 1293 ties
437 1267 510 1306 ego
529 1253 636 1291 hunc
656 1251 847 1292 Archiam
866 1250 967 1296 vidi,
998 1250 1177 1302 Judices,
1212 1250 1225 1302 (
1242 1258 1325 1287 utar
1344 1250 1450 1288 enim
1470 1249 1587 1288 vestra
1607 1250 1747 1302 benig-

345 1321 466 1359 nitate
481 1349 492 1366 ,
524 1320 710 1373 quoniam
739 1331 803 1357 me
829 1319 869 1356 in
893 1316 969 1356 hoc
989 1330 1090 1354 novo
1110 1329 1247 1369 genere
1268 1316 1423 1354 dicendi
1443 1325 1523 1354 tam
1544 1316 1747 1369 diligenter

347 1388 572 1440 attenditis)
595 1387 746 1440 quoties
766 1398 839 1438 ego
859 1383 965 1422 hunc
991 1384 1099 1428 vidi,
1131 1397 1224 1422 cum
1250 1383 1402 1421 literam
1431 1383 1628 1436 scripsisset
1657 1383 1747 1422 nul-

347 1456 441 1500 lam,
459 1468 646 1508 magnum
668 1465 877 1491 numerum
897 1451 1140 1504 optimorum
1161 1449 1340 1488 versuum
1361 1450 1408 1487 de
1428 1449 1489 1488 his
1510 1451 1598 1504 ipfis
1620 1450 1747 1495 rebus,

348 1536 434 1574 quae
467 1530 554 1558 tum
592 1528 793 1572 agerentur
809 1547 820 1563 ‚
856 1518 982 1555 dicere
1012 1530 1059 1554 ex
1093 1525 1267 1568 tempore
1286 1516 1299 1553 ?
1339 1514 1491 1569 quoties
1526 1527 1751 1556 revocatum

348 1586 508 1625 eandem
535 1598 617 1623 rem
645 1585 784 1629 dicere,
815 1582 1067 1620 commutatis
1097 1581 1222 1620 verbis
1248 1591 1363 1634 atque
1389 1582 1618 1621 sententiis?
1651 1583 1750 1634 Qae

348 1666 438 1691 vero
464 1660 638 1690 accurate
664 1650 909 1703 cogitateque
935 1647 1159 1701 scripfiffet;
1191 1661 1234 1685 ea
1253 1647 1302 1685 fic
1323 1647 1402 1685 vidi
1422 1648 1602 1701 probari,
1634 1657 1677 1686 ut
1703 1647 1750 1685 ad

348 1729 523 1757 veterum
544 1718 775 1770 scriptorum
797 1715 949 1753 laudem
967 1714 1222 1768 pervenirent.
1243 1715 1364 1752 Hunc
1380 1728 1458 1752 non
1475 1727 1546 1767 ego
1562 1713 1750 1767 diligam?

351 1800 429 1825 non
464 1785 662 1824 admirer?
693 1797 772 1821 non
800 1782 911 1821 omni
938 1782 1083 1820 ratione
1111 1780 1396 1819 defendendum
1425 1781 1592 1833 putem?
1624 1781 1752 1833 Atqui

349 1853 400 1891 fic
421 1866 442 1890 a
461 1851 624 1890 summis
644 1849 874 1889 hominibus
889 1878 900 1894 ,
932 1847 1289 1900 eruditiffimisque,
1321 1837 1563 1900 accepimus,
1594 1856 1751 1886 caetera-

352 1933 441 1958 rum
461 1932 590 1956 rerum
618 1917 741 1955 studia
759 1925 798 1954 et
818 1916 989 1954 doctrina
1002 1943 1013 1960 ,
1044 1923 1082 1952 et
1103 1915 1300 1967 praeceptis
1316 1942 1327 1959 ,
1357 1923 1394 1952 et
1415 1923 1492 1952 arte
1507 1943 1518 1959 ,
1549 1913 1748 1958 constare,;

352 1993 507 2037 poetam
527 1992 659 2021 natura
680 1982 758 2035 ipsa
776 1982 899 2019 valere
915 2009 926 2026 ,
957 1990 996 2019 et
1020 1980 1162 2018 mentis
1189 1980 1334 2018 viribus
1362 1979 1550 2024 excitari,
1581 1988 1620 2017 et
1646 1979 1751 2032 quafi

349 2051 484 2088 divino
503 2050 672 2102 quodam
693 2048 826 2102 spiritu
848 2047 986 2085 inflari.
1019 2048 1149 2098 Qare
1169 2046 1236 2084 suo
1250 2047 1337 2098 jure
1356 2046 1481 2084 noster
1506 2046 1572 2084 ille
1599 2046 1751 2084 Ennius

353 2118 497 2155 sanctos
523 2117 688 2168 appellat
715 2124 842 2167 poetas
862 2143 873 2159 ,
905 2114 1010 2167 quod
1036 2114 1138 2166 quafi
1160 2115 1334 2152 Deorum
1356 2113 1487 2165 aliquo
1508 2112 1610 2150 dono
1636 2121 1750 2163 atque

354 2194 513 2220 munere
532 2181 795 2218 commendati
817 2179 928 2217 nobis
949 2178 1020 2217 effe
1040 2178 1253 2216 videantur.

410 2247 467 2285 Sit
486 2246 619 2298 igitur,
650 2247 821 2296 Judices‚
853 2245 1023 2283 sanctum
1055 2244 1155 2297 apud
1185 2257 1265 2289 vos,
1296 2242 1590 2281 humaniffimos
1614 2240 1749 2279 homi-

355 2327 421 2353 nes
439 2343 450 2358 ,
481 2312 557 2351 hoc
578 2322 697 2364 poetae
718 2326 860 2350 nomen
877 2341 888 2356 ,
919 2312 1024 2364 quod
1052 2311 1157 2348 nulla
1184 2323 1357 2362 unquam
1385 2307 1556 2346 barbaria
1575 2306 1746 2346 violavit.

357 2384 451 2419 Saxa
469 2389 506 2416 et
526 2377 749 2416 solitudines
770 2378 856 2415 voci
877 2377 1131 2430 respondent5
1165 2377 1290 2414 bestiae
1311 2375 1402 2425 nepe
1423 2374 1610 2410 immunes
1631 2382 1748 2411 cantu

353 2448 563 2487 fleetuntur
596 2453 710 2496 atque
744 2443 951 2482 confistunt
969 2458 978 2481 ;
1020 2455 1088 2480 nos
1123 2441 1285 2480 instituti
1327 2441 1439 2477 rebus
1474 2439 1634 2492 optimis
1669 2453 1747 2478 non

436 2514 502 2551 To
515 2524 566 2550 M.
589 2511 640 2549 V„
1379 2505 1400 2542 S
1431 2504 1452 2541 s
