2212 2835
353 117 374 156 8
850 107 1249 147 ORATIO

351 213 503 267 oppidis
522 220 627 249 crant
647 208 844 247 domicilia
864 207 974 259 regis,
1000 205 1182 244 omnibus
1203 205 1315 242 rebus
1336 212 1465 242 ornata
1485 212 1599 256 atque
1618 203 1736 243 refer-

353 290 403 325 ta,
426 277 648 329 caeterasque
674 274 784 312 urbes
807 273 921 311 Ponti
938 281 975 310 et
997 271 1247 324 Cappadociae
1270 270 1493 323 permultas,
1524 283 1601 308 uno
1631 270 1738 307 aditu

352 355 466 398 atque
487 344 651 381 adventu
670 339 740 378 effe
758 348 885 392 captas
903 353 912 376 ε
944 351 1089 390 regem,
1118 337 1322 389 spoliatum
1344 349 1461 388 regno
1481 336 1603 388 patrio
1623 344 1739 388 atque

352 414 467 457 avito,
499 411 545 449 ad
564 410 656 448 alios
677 407 712 446 se
733 420 836 459 reges
856 415 970 458 atque
1000 405 1088 443 alias
1121 413 1251 457 gentes
1273 404 1485 457 supplicem
1507 403 1737 451 contulisse:

352 489 465 531 atque
493 476 577 515 hoec
607 474 751 518 omnia,
784 472 891 510 salvis
922 471 1057 524 populi
1078 470 1248 508 Romani
1278 469 1402 515 sociis,
1435 479 1548 522 atque
1581 469 1740 521 integris

352 542 616 596 vectigalibus,
638 539 708 578 effe
727 539 841 591 gesta.
874 538 968 575 Satis
989 537 1125 590 opinor
1157 535 1231 574 hoc
1252 536 1322 574 effe
1352 536 1502 581 laudis3
1534 545 1646 588 atque
1673 536 1740 580 ita,

353 611 541 663 QiriteS,
573 616 615 645 ut
634 605 709 644 hoc
740 618 804 643 vos
826 603 1065 656 intelligatis,
1096 616 1117 640 a
1135 602 1244 640 nullo
1264 602 1437 647 istorum,
1466 602 1534 654 qui
1553 601 1646 640 huic
1666 602 1739 639 ob-

353 678 514 714 trectant
533 674 610 726 legi
629 682 743 725 atque
762 670 893 715 causae,
914 670 963 708 L.
979 668 1193 708 Lucullum
1210 668 1384 707 similiter
1398 681 1445 707 ex
1465 666 1540 706 hoc
1560 668 1647 706 loco
1667 666 1739 705 effe

354 743 566 780 laudatum.
783 732 785 734 ,

409 810 480 847 lX.
513 806 746 859 Requiretur
764 803 913 843 fortaffe
934 816 1053 848 nunc,
1086 802 1432 855 quemadmodum,
1465 815 1557 840 cum
1577 800 1658 839 haec
1688 801 1740 839 ita

354 876 440 919 sint,
458 874 652 925 reliquum
673 871 784 924 possit
803 869 873 908 effe
889 882 1076 921 magnum
1097 868 1259 906 bellum.
1281 868 1523 920 Cognoscite‚
1539 867 1710 920 Qirites
1727 881 1736 905 :

354 954 431 978 non
452 940 555 977 enim
589 937 665 975 hoc
686 937 762 974 fine
792 935 900 972 causa
920 935 1038 986 quaeri
1057 933 1218 971 videtur.
1247 933 1440 977 Primum,
1469 946 1517 970 ex
1537 932 1602 969 suo
1622 946 1739 984 regno

354 1006 403 1043 fic
417 1003 664 1043 Mithridates
682 1000 868 1053 profugit,
887 1008 928 1036 ut
948 1012 994 1036 ex
1011 998 1146 1036 eodem
1162 998 1286 1035 Ponto
1302 997 1442 1034 NIedea
1458 997 1524 1034 illa
1543 998 1739 1049 quondam

352 1069 558 1124 profugisse
579 1068 742 1106 dicitur:
776 1079 894 1117 quam
925 1064 1133 1116 praedicant
1163 1063 1202 1100 in
1223 1061 1315 1114 fuga
1341 1062 1466 1100 fratris
1487 1063 1542 1100 sui
1563 1064 1740 1102 membra

353 1138 392 1174 in
416 1137 460 1173 iis
480 1135 590 1178 locis,
623 1145 698 1184 qua
718 1131 752 1169 se
783 1143 915 1182 parens
945 1128 1243 1182 persequeretur,
1276 1127 1510 1180 diffipaviffe,
1542 1138 1585 1166 ut
1605 1143 1739 1168 eorum

354 1201 529 1241 colleffio
549 1197 720 1251 dispersa,
743 1208 961 1247 moerorque
981 1195 1140 1247 patrius,
1155 1193 1386 1231 celeritatem
1406 1194 1658 1246 persequendi
1678 1208 1739 1233 re-

353 1268 528 1306 tardaret.
561 1265 621 1303 Sic
642 1261 889 1302 Mithridates
909 1259 1062 1312 fugiens
1094 1260 1305 1298 maximam
1337 1260 1417 1298 vim
1444 1260 1524 1298 auri
1544 1270 1658 1313 atque
1678 1275 1737 1299 ar-

354 1333 473 1387 genti,
498 1329 925 1384 pulcherrimarumque
945 1340 1073 1364 rerum
1093 1326 1289 1371 omnium,
1318 1339 1410 1378 quas
1432 1335 1468 1365 et
1488 1340 1508 1364 a
1529 1328 1738 1378 majoribus

354 1407 561 1451 acceperat,
592 1406 629 1434 et
660 1395 738 1448 ipse
768 1394 872 1432 bello
891 1392 1079 1445 superiore
1100 1406 1146 1430 ex
1168 1401 1247 1430 tota
1266 1392 1354 1430 Asia
1374 1392 1538 1445 direptas
1565 1393 1605 1431 in
1627 1392 1740 1431 suum

353 1478 515 1518 regnum
537 1461 779 1514 congesserat,
807 1460 846 1496 in
868 1460 992 1497 Ponto
1012 1472 1170 1496 omnem
1191 1458 1347 1510 reliquit
1365 1473 1373 1496 :
1406 1456 1487 1496 haec
1508 1459 1602 1496 dum
1624 1459 1739 1497 nostri

354 1531 545 1583 colligunt
565 1527 696 1566 omnia
716 1525 953 1578 diligentius,
970 1538 1036 1562 rex
1053 1524 1130 1577 ipse
1150 1537 1170 1561 e
1186 1525 1363 1561 manibus
1379 1524 1529 1576 effugit.
1552 1526 1610 1562 Ita
1624 1525 1739 1562 illum

353 1599 393 1635 in
414 1592 659 1649 persequendi
679 1591 802 1629 studio
822 1603 978 1633 moeror,
1000 1588 1070 1627 hos
1091 1589 1235 1633 laetitia,
1257 1589 1471 1627 retardavit.

397 1663 517 1700 Hunc
538 1661 578 1698 in
599 1658 667 1696 illo
689 1659 827 1696 timore
846 1665 884 1694 et
904 1655 996 1708 fuga
1015 1656 1218 1708 Tigranes,
1240 1669 1305 1693 rex
1325 1653 1559 1699 Armenius}
1571 1657 1737 1709 recepit;

354 1727 669 1777 diffidentemque
689 1725 800 1762 rebus
821 1723 894 1761 suis
916 1721 1172 1766 confirmavit,
1193 1730 1230 1758 et
1249 1720 1436 1759 afflietum
1455 1721 1588 1766 erexit,
1610 1722 1739 1774 perdi-

356 1806 519 1846 tumque
552 1791 744 1830 recreavit.
777 1791 898 1842 Cujus
933 1789 973 1827 in
1006 1802 1169 1841 regnum
1200 1788 1446 1841 posteaquam
1478 1789 1527 1826 L.
1550 1789 1740 1828 Lucullus

355 1875 447 1899 cum
482 1859 652 1897 exercitu
684 1857 814 1901 venit3
848 1856 972 1908 plures
1006 1857 1122 1893 etiam
1142 1864 1274 1907 gentes
1306 1864 1439 1892 contra
1468 1855 1741 1908 imperatorem

356 1927 527 1965 nostrum
548 1925 746 1963 concitatae
767 1923 866 1960 sunt.
899 1923 992 1960 Erat
1020 1922 1125 1959 enim
1158 1930 1282 1959 metus
1303 1921 1463 1972 injectus
1495 1922 1540 1959 iis
1571 1922 1741 1960 nationi-

356 1995 440 2037 bus,
469 2004 560 2044 quas
582 2002 780 2041 nunquam
802 1988 967 2041 pOpulus
989 1988 1203 2031 Romanus,
1235 2000 1358 2040 neque
1377 1987 1600 2025 lacessendas
1623 1987 1741 2033 bello,

357 2072 479 2110 neque
501 2055 709 2099 tentandas,
731 2055 879 2107 putavit
899 2070 907 2091 ε
930 2062 1007 2091 erat
1028 2053 1144 2091 etiam
1166 2052 1237 2090 alia
1256 2053 1379 2104 gravis
1399 2062 1512 2104 atque
1534 2052 1741 2092 vehemens

356 2125 501 2178 opinio,
521 2136 604 2174 quae
625 2134 690 2174 per
710 2120 857 2158 animos
878 2119 1054 2172 gentium
1074 2119 1317 2156 barbararum
1339 2119 1558 2171 pervaserat,
1580 2118 1660 2157 fani
1681 2120 1740 2158 lo-

354 2188 601 2242 cupletiffimi
623 2196 660 2224 et
681 2185 946 2238 religiofiffimi
967 2184 1180 2237 diripiendi·
1193 2183 1300 2222 causa
1318 2185 1358 2222 in
1379 2198 1437 2222 eas
1468 2198 1548 2223 oras
1570 2185 1741 2224 nostrum

356 2257 567 2295 exercitum
587 2253 657 2291 effe
677 2252 898 2290 adductum.
921 2252 979 2289 Ita
999 2250 1169 2288 nationes
1191 2250 1324 2288 multae
1343 2259 1458 2303 atque
1479 2264 1625 2304 magnae
1641 2265 1741 2290 novo

357 2322 524 2374 quodam
545 2329 683 2358 terrore
703 2330 745 2356 ac
769 2326 874 2356 metu
895 2316 1201 2355 concitabantur.
1228 2315 1368 2355 Noster
1387 2325 1515 2354 autem
1536 2318 1739 2362 exercitus,

353 2389 421 2428 ctfi
436 2387 569 2426 urbem
585 2399 631 2426 ex
644 2385 824 2439 Tigranis
841 2397 958 2439 regno
974 2391 1137 2436 ceperat,
1151 2392 1188 2421 et
1205 2383 1343 2436 praeliis
1357 2383 1442 2422 usus
1459 2391 1537 2422 erat
1552 2382 1739 2428 secundis,
