2212 2835
696 136 839 176 PRO
898 138 1114 178 DOMO
1174 141 1321 180 SUA.
1629 158 1703 199 393

310 231 562 285 diriperetur,
581 233 649 286 qui
669 234 836 288 denique
857 237 1045 275 ambustas
1066 237 1311 278 fortunarum
1329 253 1503 280 mearum
1524 241 1702 294 reliquias

310 298 391 336 suas
412 300 451 337 in
472 300 606 339 domos
627 303 859 354 comportari
875 303 1069 355 juberent.

365 364 491 403 Venio
512 379 614 403 nunc
636 366 681 404 ad
707 376 869 419 patrem.
902 369 983 412 Tu,
1016 369 1246 420 QCatule‚
1279 372 1342 410 M.
1366 372 1497 411 Fulvii
1523 373 1702 418 domurn,

309 442 402 467 cum
422 431 453 468 is
474 429 599 469 fratris
621 432 677 468 tui
698 431 801 469 socer
820 431 960 477 fuisset,
992 445 1296 473 monumentum
1322 446 1476 476 tuarum
1497 440 1701 477 manubia-

309 508 397 535 rum
431 495 501 533 effe
533 496 709 541 voluisti,
742 506 784 534 ut
814 498 920 548 ejus,
952 499 1020 549 qui
1054 500 1265 551 perniciosa
1296 502 1517 554 reipublicae
1549 505 1722 542 confilia·

309 560 462 612 cepisset
478 590 489 605 ,
520 562 648 599 omnis
676 563 862 600 memoria
885 562 1064 602 funditus
1085 578 1132 603 ex
1152 566 1274 604 oculis
1295 565 1505 606 hominum
1527 583 1569 606 ac
1590 584 1701 608 men-

308 625 411 663 tibus
439 626 648 665 tolleretur.
681 628 773 665 Hoc
800 628 826 666 si
854 629 941 681 quis
969 631 1041 668 tibi
1068 631 1271 670 aedificanti
1296 633 1403 672 illam
1425 636 1621 687 porticum
1643 637 1703 674 di-

309 699 410 728 ceret
426 720 437 736 ,
469 690 552 729 fore
572 701 725 746 tempus
742 722 753 738 ,
785 707 878 732 cum
903 695 933 733 is
962 696 1138 735 tribunus
1165 697 1289 750 plebis
1306 727 1317 743 ,
1349 700 1418 752 qui
1438 701 1703 741 auctoritatem

247 781 251 785 ι
307 755 469 804 senatus,
494 759 692 811 judicium
713 760 906 799 bonorum
927 763 1123 808 omnium,
1154 764 1392 816 neglexisset,
1424 775 1538 806 tuum
1559 782 1702 807 monu-

308 832 502 869 mentum,
519 824 740 863 consulibus
762 839 838 863 non
860 827 978 865 modo
998 827 1309 881 inspectantibus,
1330 844 1464 870 verum
1486 833 1703 885 adjuvanti-

309 888 396 933 bus,
427 889 666 934 disturbaret,
699 900 893 937 everteret,
925 893 1042 946 idque
1063 907 1156 932 cum
1176 896 1256 948 ejus
1278 896 1387 942 civis,
1419 898 1488 950 qui
1515 900 1700 952 rempub-

308 953 425 993 Hcam
446 968 492 993 ex
513 955 659 994 senatus
681 958 902 997 auetoritate
922 959 1054 998 consul
1083 960 1319 1008 defendisset,
1351 964 1469 1003 domo
1489 966 1702 1019 conjunge-—

307 1029 366 1064 ret
381 1038 393 1065 ς
425 1034 554 1061 nonne
574 1022 812 1076 responderes
832 1053 843 1069 ,
874 1025 914 1063 id
933 1053 944 1070 ‚
976 1026 1045 1064 nifi
1074 1027 1198 1066 eversa
1224 1029 1405 1076 civitate,
1436 1031 1604 1070 accidere
1623 1045 1700 1071 non

308 1086 410 1139 posse
428 1088 443 1124 ?

363 1154 513 1193 XLIV.
546 1157 601 1193 At
621 1155 746 1194 videte
766 1155 938 1197 hominis
960 1159 1244 1199 intolerabilem
1271 1164 1468 1203 audaciam
1497 1178 1588 1203 cum
1610 1179 1700 1218 pro-

301 1220 405 1273 jecta
434 1222 599 1274 quadarn
630 1232 668 1260 et
699 1223 879 1262 effrenata
908 1227 1135 1278 cupiditate.
1168 1228 1479 1269 Monumentum
1505 1232 1573 1270 iste
1599 1246 1701 1270 nun—

306 1301 441 1340 quam,
467 1297 532 1327 aut
552 1288 779 1342 religionem
803 1291 935 1336 ullam,
957 1294 1214 1346 excogitavit:
1238 1294 1410 1335 habitare
1430 1297 1513 1336 laxe
1533 1308 1571 1336 et
1591 1312 1701 1352 mag-

308 1354 424 1393 nifice
445 1355 567 1393 voluit
583 1385 594 1400 ‚
626 1355 791 1409 duasque
819 1367 857 1395 et
883 1372 1039 1411 magnas
1067 1369 1106 1398 et
1129 1361 1277 1400 nobiles
1298 1362 1434 1402 domos
1456 1365 1701 1417 conjungere.

305 1421 460 1464 ,Eodem
481 1423 625 1474 punem
646 1424 831 1475 temporis
849 1453 860 1468 ,
893 1438 971 1476 quo
998 1439 1107 1464 meus
1136 1427 1309 1466 discessus
1337 1429 1397 1467 isti
1420 1431 1570 1470 causam
1591 1432 1703 1483 caedis

310 1487 475 1539 eripuit,
506 1501 526 1524 a
561 1488 622 1536 Q
651 1489 736 1526 Seio
770 1490 994 1534 contendit,
1028 1500 1070 1528 ut
1101 1493 1165 1543 Q
1190 1493 1409 1533 Postumius
1440 1496 1509 1534 fibi
1538 1497 1704 1536 domum

309 1551 502 1590 venderet.
537 1553 642 1590 Cum
677 1553 743 1590 ille
776 1554 816 1591 id
850 1565 1016 1606 negaret,
1047 1556 1175 1608 primo
1206 1557 1241 1595 se
1276 1558 1492 1599 luminibus
1523 1563 1602 1614 ejus
1634 1563 1705 1601 effe

306 1617 597 1660 *obstructurum
618 1618 850 1657 minabatur.
882 1621 1113 1660 Affirmabat
1135 1623 1369 1670 Postumius,
1400 1626 1436 1664 se
1462 1627 1562 1672 vivo,
1593 1629 1703 1667 illam

309 1683 475 1722 domum
506 1684 611 1722 istius
643 1698 843 1738 nunquam
873 1685 1060 1726 futuram.
1093 1690 1244 1728 Acutus
1272 1691 1487 1732 adolescens
1513 1707 1560 1732 ex
1586 1694 1702 1748 ipsius

307 1749 482 1788 sermone
501 1750 707 1796 intellexit,
733 1752 827 1804 quid
847 1752 930 1791 fieri
949 1763 1141 1807 oporteret
1159 1770 1167 1794 ε
1199 1754 1405 1797 hominem
1426 1772 1574 1798 veneno
1592 1774 1698 1814 aper-

308 1816 449 1855 tiffime
468 1816 645 1862 sustulit,
678 1819 775 1857 emit
800 1819 964 1859 domum
982 1850 993 1866 ,
1024 1821 1280 1862 licitatoribus
1309 1824 1524 1879 defatigatis
1542 1855 1553 1872 ,
1583 1841 1704 1880 prope

300 1881 474 1920 dimidio
493 1883 630 1928 carius,
662 1897 778 1936 quam
799 1884 1022 1925 aestimabat.

304 1996 308 1999 Ι
366 1948 563 1998 Qorsum
585 1949 703 2002 igitur
723 1949 804 1988 haec
825 1952 946 1991 oratio
972 1953 1169 2005 pertinet?
1201 1955 1355 1995 Domus
1382 1971 1468 1996 mea
1493 1958 1559 1997 illa
1585 1972 1703 2012 prope

309 2020 389 2051 tota
408 2026 524 2051 vacua
543 2014 595 2053 est
613 2030 622 2053 ε
654 2015 719 2053 vix
738 2029 822 2068 pars
844 2018 986 2057 aedium
1004 2033 1180 2058 mearum
1203 2021 1352 2061 decima
1378 2024 1425 2062 ad
1452 2025 1583 2063 Catuli
1609 2037 1702 2078 por-

310 2079 435 2117 ticum
457 2080 619 2119 acceffit.
653 2082 774 2120 Causa
793 2081 869 2122 fuit
887 2085 1101 2125 ambulatio
1115 2115 1125 2131 ,
1157 2096 1195 2125 et
1216 2099 1519 2129 monumentum
1534 2119 1545 2135 ‚
1576 2099 1614 2128 et
1634 2089 1700 2128 ista

312 2145 532 2197 Tanagram,
564 2147 733 2199 oppressa
752 2148 1155 2200 libertate‚⁴Libertas.
1188 2154 1234 2190 In
1256 2155 1415 2201 Palatio,
1436 2155 1700 2209 pulcherrimo

311 2210 525 2263 prospedm,
556 2213 751 2264 porticum
772 2227 864 2253 cum
885 2217 1132 2256 conclavibus
1154 2219 1454 2270 pavimentatam
1484 2230 1699 2258 trecentum

310 2277 455 2329 pedum
477 2279 736 2330 concupierat,
767 2282 1043 2334 ampliffimum
1066 2285 1286 2336 peristylum
1303 2304 1313 2329 ;
1346 2296 1476 2324 caetera
1496 2286 1699 2337 ejusmodi,

311 2341 425 2380 facile
452 2352 493 2380 ut
520 2344 700 2382 omnium
725 2345 861 2386 domos
885 2357 923 2386 et
954 2349 1107 2387 laxitate
1139 2359 1176 2387 et
1203 2351 1388 2401 dignitate
1417 2351 1615 2403 superaret.
1649 2353 1702 2389 Et

306 2408 433 2464 bomo
466 2408 686 2462 religiosus,
718 2424 810 2451 cum
845 2413 940 2452 aedes
974 2428 1076 2453 meas
1108 2416 1212 2454 idem
1247 2426 1390 2453 emeret
1423 2427 1461 2455 et
1496 2418 1698 2462 venderet,

393 2476 595 2516 T0M.V.
1253 2482 1290 2520 D
1323 2482 1346 2519 d
1376 2483 1399 2520 d
