2212 2835
364 212 415 265 76
861 204 1262 245 oRAT1o

364 307 513 345 causam
545 304 805 349 defendissem,
836 303 908 342 hac
938 303 965 342 fi
997 303 1083 357 lege
1112 303 1251 343 Avitus
1282 302 1505 342 teneretur?
1547 302 1675 348 Certe,
1705 310 1749 340 ut

364 371 566 410 hominem
593 369 821 408 confirmare
851 378 1015 423 oportet,
1048 369 1178 408 nullus
1199 369 1251 408 est
1280 369 1388 408 locus
1418 381 1439 406 a
1469 381 1533 407 me
1562 366 1749 421 purgandi

364 438 469 477 istius
490 437 662 476 invidiosi
683 436 857 475 criminis
877 435 1160 490 praetermiffus.

425 504 533 556 Qid
553 517 644 556 ergo
673 502 754 541 est?
785 511 928 555 quaeret
949 501 1098 541 fortaffe
1127 501 1332 555 quispiam,
1362 501 1609 555 displiceatne
1634 498 1750 545 mihi,

365 570 497 623 legum
517 569 687 623 praefidio
706 582 727 607 a
745 569 869 622 capite
889 569 1106 621 periculum
1127 568 1355 622 propulsare.
1389 565 1496 606 Mihi
1516 580 1618 612 vero,
1635 566 1751 618 Judi·

365 649 440 681 ces,
474 649 550 674 non
572 634 746 687 displicet
762 652 773 679 3
814 634 874 672 sed
895 643 983 673 utor
1001 633 1176 672 instituto
1192 646 1296 672 meo.
1348 634 1392 672 In
1412 632 1584 672 hominis
1602 631 1754 670 honesti

364 702 619 755 pudentisque
644 700 809 753 judicio,
840 713 918 739 non
944 700 1070 739 solum
1090 712 1178 738 meo
1197 699 1362 739 *consilio
1389 699 1448 738 uti
1466 698 1659 744 consuevi,
1691 697 1754 736 sed

365 768 535 806 multum
572 767 688 805 etiam
722 767 817 818 ejus,
850 779 968 818 quem
1001 765 1181 812 defendo,
1212 774 1251 804 et
1280 765 1452 812 confilio,
1483 774 1522 804 et
1547 763 1752 809 voluntati,

365 835 604 887 obtempero.
636 833 756 877 Nam,
779 841 822 871 ut
838 831 920 871 haec
940 831 987 870 ad
1001 845 1071 870 me
1090 831 1199 870 causa
1218 831 1342 870 delata
1359 831 1413 870 est
1424 850 1437 877 ς
1468 831 1538 884 qui
1556 831 1659 884 leges
1676 843 1752 876 eaS,

365 900 412 939 ad
432 913 524 952 quas
545 897 789 942 adhibemur,
807 907 849 936 et
868 899 909 936 in
929 897 1072 950 quibus
1091 897 1296 942 versamur,
1316 896 1419 936 noffe
1439 896 1640 941 deberem3
1671 895 1754 934 dixi

365 966 485 1004 Avito
505 966 645 1009 statim,
667 965 713 1002 de
732 977 790 1008 eo,
807 964 884 1015 Qi
897 962 1022 1016 cofft‚
1042 977 1108 1016 quo
1128 963 1206 1016 quis
1223 962 1530 1007 condemnaretur,
1548 962 1665 1000 illum
1683 960 1755 1000 effe

365 1030 560 1068 liberum:
592 1028 712 1066 teneri
744 1036 872 1066 autem
890 1027 1066 1066 nostrum
1084 1028 1275 1067 ordinem.
1306 1028 1440 1080 Atque
1469 1027 1536 1065 ille
1565 1040 1629 1066 me
1648 1038 1754 1065 orare

364 1106 402 1135 et
422 1095 614 1135 obsecrare
633 1094 768 1147 coepit‚
800 1103 844 1133 ut
866 1107 915 1132 ne
933 1093 1007 1132 sese
1026 1094 1110 1147 lege
1129 1092 1387 1132 defenderem.
1426 1094 1531 1132 Cum
1551 1107 1638 1147 ego,
1668 1105 1755 1146 quae

365 1162 466 1201 mihi
496 1162 727 1205 viderentur,
762 1160 929 1198 dicerem
946 1177 959 1205 3
991 1159 1161 1198 traduxit
1185 1173 1249 1197 me
1279 1159 1326 1197 ad
1358 1159 1464 1197 suam
1484 1159 1753 1214 sententiam:

366 1228 579 1268 affirmabat
598 1227 703 1265 enim
734 1226 963 1278 lacrymans,
993 1239 1072 1264 non
1095 1225 1131 1264 se
1149 1225 1390 1278 cupidiorem
1408 1225 1480 1264 effe
1498 1225 1664 1264 civitatis
1693 1238 1756 1264 re·-

367 1295 544 1339 tinendae,
575 1305 693 1346 quam
724 1292 1030 1332 existimationis.
1061 1293 1220 1331 Morem
1238 1291 1394 1331 homini
1418 1291 1536 1345 geffi:
1567 1300 1606 1330 et
1625 1300 1756 1330 tamen

367 1361 510 1399 idcirco
530 1359 620 1404 feci,
641 1360 784 1412 (neque
804 1359 908 1399 enim
930 1359 969 1397 id
989 1359 1136 1412 semper
1154 1357 1278 1397 facere
1297 1358 1498 1411 debemus)
1521 1358 1626 1411 quod
1646 1357 1757 1396 vide-

367 1427 471 1471 bam,
504 1439 571 1478 per
590 1424 626 1463 se
648 1424 767 1477 ipsam
787 1424 937 1463 causam
961 1423 1213 1477 copiofiffime
1243 1424 1318 1462 fine
1337 1423 1422 1477 lege
1451 1423 1554 1477 poffe
1584 1422 1753 1462 defendi.

366 1492 573 1537 Videbam,
597 1491 635 1529 in
655 1490 728 1529 hac
746 1490 977 1535 defensione,
1000 1503 1075 1542 qua
1089 1491 1170 1543 jam
1191 1490 1276 1529 sum
1297 1490 1398 1536 usus,
1419 1490 1506 1543 plus
1526 1490 1724 1543 dignitatis
1741 1507 1754 1535 ς

367 1560 407 1598 in
429 1558 508 1603 illa,
530 1571 605 1609 qua
625 1570 687 1595 me
707 1556 771 1594 hic
793 1557 849 1594 uti
873 1556 1013 1602 noluit,
1035 1556 1165 1594 minus
1185 1556 1339 1601 laboris,
1368 1555 1560 1594 futurum.
1591 1554 1757 1606 Qodfi

368 1624 467 1664 nihil
488 1623 590 1661 aliud
611 1622 698 1660 effet
718 1623 862 1668 aerum,
885 1622 952 1661 nisi
974 1631 1017 1661 ut
1036 1621 1136 1660 hanc
1163 1621 1314 1661 causam
1340 1622 1570 1667 obtinerem,
1591 1621 1676 1674 lege
1695 1634 1756 1659 re-

367 1692 494 1735 citata,
511 1688 750 1743 peroraffem.

422 1757 534 1795 LIII.
568 1754 708 1805 Neque
741 1766 803 1791 me
833 1752 899 1790 illa
931 1752 1052 1790 oratio
1080 1760 1355 1796 commoveret,
1391 1751 1495 1804 quod
1528 1751 1581 1789 ait
1608 1750 1754 1796 Attius,

368 1822 575 1873 indignum
596 1818 666 1856 effe
687 1817 850 1861 facinus,
882 1818 907 1855 fi
940 1816 1083 1855 senator
1108 1817 1258 1869 judicio
1278 1829 1518 1870 quemquam
1539 1816 1756 1854 circumve-

369 1887 482 1932 nerit,
505 1885 655 1938 legibus
676 1897 766 1921 eum
790 1883 937 1928 teneri,
969 1882 995 1920 fi
1024 1896 1139 1935 eques
1162 1882 1362 1920 Romanus
1383 1880 1457 1920 hoc
1482 1881 1586 1920 idem
1607 1880 1755 1927 fecerit,

369 1966 445 1991 non
468 1951 602 1990 teneri.
634 1951 689 1987 Ut
711 1949 783 1988 tibi
804 1948 1026 1993 concedam,
1058 1947 1133 1987 hoc
1155 1948 1361 2000 indignum
1381 1947 1466 1993 esse,
1500 1947 1606 2000 quod
1626 1947 1756 2000 cujus-

369 2018 477 2057 modi
506 2018 565 2062 fit,
581 2017 663 2068 jam
684 2015 829 2066 videro)
862 2024 904 2052 tu
935 2013 1035 2052 mihi
1055 2014 1240 2052 concedas
1273 2013 1415 2052 necesse
1443 2014 1508 2058 est,
1541 2014 1667 2052 multo
1687 2013 1758 2051 effe

370 2083 580 2136 indignius,
602 2083 641 2120 in
662 2095 702 2118 ea
722 2081 888 2125 civitate,
911 2094 994 2133 quae
1015 2080 1165 2133 legibus
1186 2080 1438 2125 contineatur,
1460 2079 1601 2117 discedi
1619 2092 1640 2117 a
1660 2080 1758 2132 legi-

373 2151 458 2188 bus.
490 2150 581 2187 Hoc
600 2148 706 2186 enim
726 2147 930 2185 vinculum
955 2146 1007 2184 est
1036 2145 1151 2198 hujus
1181 2146 1392 2199 dignitatis,
1424 2159 1499 2198 qua
1529 2144 1697 2183 fruimur
1716 2146 1758 2184 in

373 2215 582 2268 republica,
598 2213 677 2252 hoc
690 2213 983 2251 fundamentum
1001 2212 1200 2257 libertatis,
1218 2211 1283 2250 hic
1298 2211 1381 2250 fons
1400 2212 1586 2264 aequitatis
1603 2226 1610 2249 ε
1632 2225 1757 2257 mens,

372 2292 409 2320 et
439 2282 606 2325 animus,
636 2289 673 2317 et
704 2279 922 2323 confilium,
953 2287 991 2316 et
1012 2278 1206 2323 sententia,
1236 2278 1400 2316 civitatis
1426 2278 1542 2331 posita
1569 2278 1622 2316 est
1642 2278 1681 2315 in
1700 2278 1757 2315 le-

373 2348 500 2400 gibus.
552 2348 610 2385 Ut
641 2358 798 2398 corpora
830 2345 951 2383 nostra
989 2344 1065 2382 fine
1096 2352 1253 2389 mente,
1296 2343 1345 2382 fic
1383 2344 1516 2382 civitas
1546 2344 1622 2382 sine
1647 2343 1757 2394 lege,

373 2415 447 2452 suis
468 2414 654 2466 partibus,
685 2421 727 2450 ut
748 2412 884 2456 nervis,
915 2425 956 2449 ac
988 2410 1183 2463 sanguine,
1212 2420 1251 2449 et
1280 2411 1482 2456 membris,
1504 2411 1561 2448 uti
1590 2423 1665 2448 non
1685 2423 1757 2462 po-

375 2480 456 2518 test.
490 2480 641 2532 Legum
663 2478 840 2522 ministri,
868 2476 1134 2530 magistratus,
1168 2476 1297 2530 legum.
1329 2477 1564 2530 interpretes,
1581 2475 1755 2527 judices,-
