2212 2835
406 113 484 154 234
910 91 1309 131 ORATIO

459 193 610 233 XXXI.
643 192 728 230 Hos
757 189 804 227 ad
831 187 1028 240 magistros
1055 186 1081 224 fi
1108 198 1183 238 qua
1209 193 1246 223 te
1272 183 1439 228 fortuna,
1470 183 1582 228 Cato,
1611 195 1703 222 cum
1722 181 1788 220 ista

405 257 537 298 natura
567 254 767 299 detuliffet,
798 267 875 291 non
907 262 948 290 tu
977 251 1136 304 quidem
1161 251 1218 289 vir
1244 249 1382 289 melior
1407 248 1512 293 effes,
1542 261 1612 286 nec
1639 247 1788 291 fortior,

405 339 475 363 nec
494 321 779 376 temperantior,
810 332 879 358 nec
894 318 1044 371 justior,
1072 318 1214 370 (neque
1233 316 1338 356 enim
1358 315 1428 354 effe
1448 315 1574 368 potes)
1596 314 1658 352 sed
1677 314 1793 366 paulo

406 391 451 429 ad
471 390 668 428 lenitatem
689 385 918 440 propenfior.
951 385 1046 423 Non
1067 383 1271 427 accusares,
1302 382 1418 420 nullis
1444 381 1628 420 adductus
1656 379 1792 418 inimi-

407 455 522 500 citiis,
553 453 659 492 nulla
688 451 872 491 laceffitus
904 450 1057 503 injuria,
1087 448 1406 502 pudentiffimum
1437 446 1655 491 hominem,
1686 445 1792 484 surn-

408 534 472 559 ma
490 520 674 572 dignitate
695 527 809 569 atque
828 516 1023 555 honestate
1048 515 1280 568 praeditum:
1313 521 1477 567 putares,
1507 525 1600 550 cum
1627 512 1667 549 in
1694 508 1795 561 ejus·

408 588 499 626 dem
525 587 615 624 anni
641 583 809 624 custodia
834 594 871 621 te
897 592 1011 635 atque
1031 583 1080 620 L.
1101 582 1310 621 Murenam
1330 579 1484 618 fortuna
1504 577 1694 631 posuiss‘et,
1724 576 1796 615 ali-

410 666 489 705 quo
523 661 560 690 te
592 665 684 690 cum
717 649 793 688 hoc
827 648 1047 701 reipublicae
1079 646 1236 685 vinculo
1268 644 1339 685 effe
1371 645 1650 696 conjunC’rum:
1691 639 1799 695 quod

412 718 589 757 atrociter
609 717 648 754 in
667 715 795 754 senatu
814 714 942 752 dixisti
956 742 968 758 ,
997 722 1062 751 aut
1082 726 1161 751 non
1182 711 1353 756 dixisses,
1384 720 1449 749 aut
1468 709 1702 764 seposuisses,
1733 715 1799 746 aut

414 784 611 822 mitiorem
631 782 672 819 in
692 789 838 832 partem
858 779 1158 830 interpretarere.

468 851 528 886 Ac
549 858 586 886 te
613 846 754 899 ipsum,
786 854 976 897 quantum
997 856 1070 895 ego
1088 841 1270 894 opinione
1291 853 1467 893 auguror,
1499 852 1603 878 nunc
1623 847 1661 877 et
1680 837 1802 877 animi

415 914 582 968 quodam
609 914 758 965 impetu
778 911 1031 954 concitatum,
1062 918 1099 946 et
1120 908 1157 947 vi
1176 916 1316 946 naturae
1336 915 1451 959 atque
1471 905 1618 958 ingenii
1641 905 1804 949 elatum,

416 992 452 1020 et
479 979 695 1019 recentibus
721 986 997 1031 praeceptorum
1025 974 1158 1013 studiis
1185 973 1408 1026 flagrantem
1430 972 1526 1024 jam,
1558 970 1643 1009 usus
1664 970 1804 1014 flectet,

414 1046 492 1087 dies
512 1045 643 1089 leniet,
673 1052 758 1082 aetas
780 1041 990 1094 mitigabit.
1022 1039 1181 1078 Etenim
1202 1038 1260 1077 isti
1282 1036 1349 1090 ipsi
1369 1035 1469 1076 mihi
1495 1036 1673 1074 videntur
1692 1034 1802 1074 vestri

418 1120 666 1165 praeceptores
688 1118 725 1147 et
753 1108 903 1147 virtutis
931 1105 1100 1159 magistri
1127 1104 1221 1143 fines
1248 1103 1468 1142 officiorum
1497 1102 1612 1155 paulo
1632 1101 1802 1154 longius,

419 1191 536 1231 quam
571 1185 703 1215 natura
737 1174 866 1218 vellet,
897 1171 1120 1226 protuliffe;
1158 1180 1214 1215 ut,
1250 1183 1340 1208 cum
1376 1169 1422 1207 ad
1457 1169 1644 1207 ultimum
1676 1168 1813 1206 animo

420 1241 755 1284 contendiffemus‚
786 1239 843 1279 ibi
865 1248 1008 1283 tamen,
1038 1237 1106 1275 ubi
1127 1244 1330 1289 oporteret,
1361 1234 1660 1274 confisteremus.
1692 1232 1811 1272 Nihil

420 1309 612 1363 ignoveris
631 1322 639 1346 :
672 1308 798 1346 immo
818 1305 981 1359 aliquid,
1012 1317 1090 1342 non
1111 1303 1254 1343 omnia·
1287 1301 1403 1341 Nihil
1422 1302 1551 1354 gratiae
1577 1299 1685 1339 causa
1704 1297 1810 1338 fece·

423 1377 501 1414 ris:
538 1375 663 1413 immo
697 1372 852 1411 refistito
885 1371 1028 1424 gratiae,
1063 1383 1155 1409 cum
1186 1368 1360 1407 officium
1393 1376 1431 1406 et
1466 1367 1559 1406 fides
1590 1365 1810 1419 postulabit.

425 1439 690 1480 Misericordia
709 1446 930 1478 commotus
951 1450 999 1475 ne
1019 1436 1088 1475 fis:
1118 1436 1260 1480 etiam;
1282 1435 1322 1472 in
1342 1433 1574 1473 dissolvenda
1592 1432 1785 1471 severitate
1800 1445 1812 1469 ε

426 1508 487 1546 sed
507 1517 635 1546 tamen
655 1506 706 1544 est
726 1505 807 1543 laus
827 1504 955 1556 aliqua
980 1501 1246 1543 humanitatis.
1279 1501 1325 1539 In
1351 1499 1536 1539 sententia
1561 1506 1785 1552 permaneto
1802 1511 1815 1535 ι

429 1587 518 1612 vero
536 1592 546 1618 ;
579 1571 647 1610 nisi
667 1570 892 1610 sententiam
913 1568 1096 1607 sententia
1114 1567 1184 1605 alia
1201 1566 1336 1604 vicerit
1356 1565 1506 1604 melior.

482 1638 764 1691 Hujuscemodi
796 1635 924 1689 Scipio
957 1635 1023 1673 ille
1056 1633 1147 1677 fuit,
1183 1646 1301 1685 quem
1335 1645 1413 1670 non
1447 1629 1660 1685 poenitebat
1695 1628 1819 1668 facere

429 1707 546 1750 idem,
578 1704 680 1757 quod
702 1714 770 1742 tu:
802 1701 941 1740 habere
968 1699 1266 1739 eruditiffimum
1293 1696 1511 1742 hominem,
1541 1705 1579 1734 et
1598 1709 1695 1747 pene
1715 1695 1817 1732 divi·-

432 1785 541 1816 num,
573 1770 707 1814 domi3
739 1769 847 1820 cujus
875 1767 1044 1805 oratione
1070 1773 1108 1802 et
1135 1763 1347 1816 praeceptiS,
1378 1774 1600 1814 quanquam
1628 1769 1733 1798 erant
1753 1772 1817 1796 εει-

432 1839 519 1876 dem
546 1836 626 1880 ista,
658 1849 740 1888 quae
767 1843 803 1872 te
829 1833 1031 1876 delectant,
1063 1840 1189 1869 tamen
1218 1828 1379 1881 asperior
1406 1841 1485 1866 non
1504 1827 1555 1865 est
1575 1825 1710 1870 factus,
1742 1825 1820 1870 sed,

434 1913 475 1942 ut
507 1902 636 1953 accepi
667 1914 686 1938 a
719 1899 882 1943 senibus,
913 1897 1135 1935 leniffimus.
1174 1895 1273 1947 Qis
1306 1907 1393 1932 vero
1424 1894 1472 1932 C.
1504 1893 1625 1933 Laelio
1655 1891 1818 1936 comior,

435 1969 520 2021 quis
537 1965 758 2019 jucundior,
789 1964 924 2003 eodem
945 1977 991 2001 ex
1012 1962 1135 2001 studio
1155 1960 1224 1999 isto
1244 1961 1255 1997 ?
1288 1960 1374 2011 quis
1394 1959 1462 1997 illo
1482 1959 1644 2011 gravior,
1674 1956 1823 2010 sapien-

438 2036 511 2073 tior
531 2034 543 2070 ?
577 2031 730 2070 Poffum
750 2030 795 2068 de
817 2031 865 2068 L.
888 2029 1086 2081 Philippo,
1115 2027 1161 2065 de
1183 2028 1230 2064 C.
1254 2025 1385 2071 Gallo,
1416 2025 1540 2063 dicere
1560 2023 1641 2062 haec
1662 2023 1820 2060 eadem:

439 2100 500 2139 sed
521 2108 555 2136 te
576 2099 738 2137 domum
755 2097 836 2149 jam
857 2095 1044 2133 deducam
1066 2103 1186 2132 tuam.
1209 2093 1511 2144 Qemquamne
1530 2090 1722 2128 existimas
1743 2090 1822 2127 Ca-

440 2177 553 2210 tone,
585 2177 724 2216 proavo
764 2172 855 2206 tuO,
888 2160 1220 2203 commodiorem,
1256 2159 1493 2202 comiorem‚
1530 2156 1825 2195 moderatiorem

440 2231 560 2276 suiffe‚
597 2230 642 2268 ad
676 2242 832 2267 omnem
870 2228 1054 2266 rationem
1089 2224 1370 2264 humanitatis?
1412 2224 1458 2261 de
1491 2224 1602 2275 cujus
1636 2217 1824 2274 praestanti

441 2300 578 2336 virtute
612 2309 704 2333 cum
738 2307 821 2332 vere
855 2294 1094 2346 graviterque
1128 2292 1285 2336 diceres,
1325 2289 1580 2328 domesticum
1615 2298 1652 2326 te
1686 2287 1825 2325 habere

444 2363 568 2402 dixisti
595 2361 818 2414 exemplum
845 2360 890 2398 ad
917 2358 1164 2398 imitandum.
1198 2357 1263 2396 Est
1290 2356 1388 2396 illud
1414 2355 1575 2408 quidem
1601 2353 1826 2407 exemplum
