2212 2835
475 160 550 199 270
978 143 1378 180 ORATIO

471 245 599 283 minus
621 257 687 296 per
709 244 792 281 Sex.
827 241 1007 285 Caefium‚
1038 240 1211 293 equitem
1239 242 1479 286 Romanurn,
1511 242 1757 282 castiffimum
1782 243 1857 282 ho-

471 310 619 348 minem
641 318 754 360 atque
774 307 1069 360 integerrimum
1086 321 1094 345 :
1114 306 1312 345 Laodiceae
1331 307 1468 359 viginti
1490 308 1618 360 pondo
1639 309 1752 361 paulo
1772 324 1858 348 am-

470 376 571 428 plius
592 389 658 428 per
677 373 783 413 hunc
803 373 930 427 ipsum
951 374 999 412 L.
1023 373 1268 418 Peducaeum,
1293 374 1469 425 judicem
1496 375 1695 413 nostrum:
1728 375 1860 413 Adru-

470 441 566 478 meti
586 455 653 493 per
674 442 750 479 Cn.
773 440 1013 484 Domitium,
1044 439 1215 492 legatum
1235 455 1243 477 :
1277 440 1454 492 Pergami
1475 454 1551 478 non
1573 440 1761 478 multum.

525 508 622 544 Auri
644 506 738 544 ratio
757 505 928 543 constat:
961 519 1096 543 aurum
1118 505 1158 542 in
1186 505 1313 543 aerario
1339 505 1416 543 est:
1449 505 1600 543 furtum
1628 520 1706 544 non
1732 518 1860 559 repre-

470 572 679 611 henditur:
712 572 854 610 invidia
874 572 1056 624 quaeritur
1074 586 1082 609 :
1115 571 1345 623 ajudicibus
1367 572 1486 609 oratio
1507 573 1703 617 avertitur,
1724 586 1799 611 vox
1819 572 1860 610 in

471 652 653 676 coronam
676 638 905 689 turbamque
925 636 1149 674 effunditur.
1170 638 1242 674 Sua
1262 638 1403 689 cuique
1420 638 1565 675 civitati
1583 638 1731 690 religio,
1749 637 1860 682 Laeli,

471 705 549 748 est;
581 704 705 742 nostra
737 704 863 741 nobis.
900 703 1094 740 stantibus
1127 703 1423 754 Hierosolymis,
1455 704 1671 756 pacatisque
1700 704 1859 755 Judaeis,

471 779 599 808 tamen
620 770 779 807 istorum
800 769 934 820 religio
955 767 1148 805 sacrorum
1168 781 1188 804 a
1207 768 1403 819 splendore
1431 767 1545 819 hujus
1573 770 1741 821 imperii,
1772 783 1860 822 gra-

470 837 586 874 vitate
619 835 789 873 nominis
824 833 954 878 nostri,
996 834 1188 885 majorum
1223 833 1421 878 institutis,
1461 833 1688 872 abhorrebat
1707 850 1716 872 :
1756 848 1860 873 nune

471 915 559 939 vero
579 901 653 939 hoc
674 901 810 953 magiS,
837 900 943 952 quod
963 899 1030 937 illa
1049 912 1157 951 gens,
1180 899 1275 951 quid
1294 899 1340 937 de
1361 900 1524 952 irnperio
1547 899 1672 938 nostro
1692 899 1860 946 sentiret,

470 968 634 1006 ostendit
653 967 767 1005 armis
777 985 789 1011 3
809 979 925 1019 quam
945 978 1029 1003 cara
1049 966 1136 1003 Diis
1156 965 1443 1003 immortalibus
1464 964 1566 1010 esset,
1588 965 1734 1011 docuit,
1756 964 1862 1018 quod

469 1034 521 1072 est
542 1034 652 1078 vieta,
683 1032 788 1085 quod
807 1032 964 1076 elocata,
996 1031 1101 1083 quod
1122 1030 1272 1069 servata.

525 1100 678 1137 XXIX.
712 1098 992 1149 Qamobrem,
1024 1097 1224 1149 quoniam,
1255 1097 1359 1149 quod
1380 1097 1526 1135 crimen
1546 1096 1617 1135 effe
1637 1097 1802 1142 voluisti,
1824 1096 1864 1134 id

472 1176 598 1205 totum
621 1166 723 1204 vides
744 1166 784 1203 in
805 1165 957 1203 laudem
979 1163 1049 1201 effe
1066 1163 1315 1207 conversum3
1340 1165 1533 1201 veniamus
1549 1165 1631 1215 jam
1648 1165 1694 1202 ad
1715 1164 1861 1202 civium

472 1235 741 1271 Romanorum
762 1232 946 1284 querelas.
980 1232 1041 1269 Ex
1062 1231 1204 1282 quibus
1226 1231 1269 1268 s1t
1289 1230 1372 1268 sane
1393 1231 1517 1283 prima
1541 1232 1719 1269 Deciani.
1752 1231 1861 1281 Qid

472 1300 544 1338 tibi
566 1301 734 1345 tandem,
766 1299 949 1343 Deciane,
981 1298 1128 1350 injuriae
1148 1297 1293 1336 factum
1314 1297 1398 1335 est?
1430 1298 1651 1350 Negotiaris
1678 1298 1718 1336 in
1745 1297 1864 1335 libera

471 1366 637 1404 civitate.
672 1366 850 1404 Primum
869 1374 996 1418 patere
1023 1378 1087 1402 me
1113 1363 1183 1401 effe
1209 1363 1429 1402 curiosum:
1462 1363 1660 1416 quousque
1688 1364 1861 1416 negotia-

472 1432 560 1470 bere
578 1432 591 1468 ?
622 1432 830 1484 praesertim
850 1445 941 1470 cum
962 1431 1007 1469 fis
1027 1430 1098 1468 isto
1117 1430 1204 1468 loco
1225 1438 1348 1468 natus.
1379 1432 1515 1468 Annos
1530 1431 1614 1482 jam
1638 1430 1795 1483 triginta
1821 1430 1864 1468 in

471 1498 557 1537 foro
587 1499 736 1536 versaris
753 1517 764 1543 ;
797 1498 859 1536 sed
891 1507 1019 1535 tamen
1049 1497 1091 1534 in
1126 1497 1375 1549 Pergameno.
1412 1497 1551 1549 Longo
1585 1496 1800 1541 intervallo,
1836 1495 1864 1534 fi

473 1567 626 1617 quando
654 1566 726 1604 tibi
752 1565 983 1618 peregrinari
1009 1563 1266 1602 commodum
1293 1563 1359 1608 est,
1391 1564 1562 1602 Romam
1587 1563 1721 1602 venis:
1753 1562 1863 1601 affers

472 1631 612 1670 faciem
643 1645 795 1677 novam,
826 1645 970 1669 nomen
998 1639 1120 1675 vetus,
1150 1643 1361 1682 purpuram
1393 1630 1583 1681 Tyriam3
1615 1630 1656 1668 in
1687 1643 1763 1683 qua
1788 1629 1864 1668 tibi

471 1698 638 1742 invideo,
670 1697 774 1750 quod
794 1697 879 1735 unis
899 1695 1133 1734 vestimentis
1153 1695 1302 1732 tamdiu
1322 1694 1448 1732 lautus
1469 1709 1521 1733 eS.

528 1766 675 1802 Verum
711 1764 787 1802 esto
805 1779 814 1802 ε
853 1762 1039 1815 negotiari
1072 1761 1169 1799 libet
1187 1775 1196 1798 ε
1233 1774 1302 1798 cur
1335 1774 1413 1798 non
1450 1760 1639 1812 Pergami,
1677 1761 1860 1811 Smyrnae,

473 1831 671 1869 Trallibus
691 1832 703 1867 ?
735 1831 803 1868 ubi
822 1839 860 1867 et
880 1829 995 1867 multi
1016 1828 1116 1866 cives
1138 1827 1307 1865 Romani
1328 1827 1427 1872 sunt,
1453 1835 1491 1864 et
1504 1828 1569 1879 jus
1590 1840 1610 1864 a
1630 1826 1756 1864 nostro
1776 1841 1860 1864 ma-

472 1898 627 1950 gistratu
658 1897 811 1935 dicitur.
845 1896 987 1934 Otium
1019 1904 1056 1933 te
1084 1894 1270 1932 deledmt:
1303 1895 1404 1939 lites,
1436 1893 1559 1938 turba,
1591 1902 1740 1946 praetor,
1771 1892 1862 1931 odio

473 1964 551 2001 est:
585 1964 810 2002 Graecorum
837 1962 1011 2000 libertate
1037 1961 1191 2014 gaudes.
1225 1961 1307 1998 Cur
1333 1973 1423 2013 ergo
1450 1973 1548 1998 unus
1582 1968 1623 1997 tu
1652 1959 1862 2012 Apolloni-

472 2030 616 2074 denses,
641 2029 913 2068 amantiffimos
935 2028 1070 2082 populi
1091 2028 1274 2072 Romani,
1296 2027 1606 2079 fideliffimosque
1626 2027 1760 2071 socios,
1783 2027 1863 2065 mi-

473 2096 625 2134 seriores
660 2095 790 2140 habes,
821 2109 938 2147 quam
973 2103 1037 2132 aut
1072 2093 1336 2138 Mithridates,
1371 2102 1435 2130 aut
1469 2093 1584 2131 etiam
1618 2101 1723 2145 pater
1758 2102 1860 2138 tuus,

472 2161 649 2200 habuerit
672 2175 842 2214 unquam
862 2162 874 2198 ?
906 2174 974 2198 cur
994 2159 1054 2198 his
1074 2174 1140 2213 per
1161 2169 1197 2198 te
1217 2159 1294 2197 frui
1314 2159 1488 2197 libertate
1508 2159 1584 2203 sua,
1607 2172 1674 2196 cur
1697 2158 1862 2212 denique

473 2228 543 2266 effe
566 2228 710 2272 liberis,
742 2241 818 2265 non
839 2227 959 2265 licet?
993 2226 1186 2265 Homines
1209 2225 1295 2263 sunt
1315 2234 1394 2262 tota
1417 2238 1463 2262 ex
1490 2224 1577 2262 Afia
1603 2214 1859 2277 frugalissimi,

476 2294 704 2339 sanffiffimi,
735 2307 755 2331 a
775 2294 1000 2331 Graecorum
1021 2292 1172 2330 luxuria
1191 2301 1228 2329 et
1249 2291 1401 2329 levitate
1429 2290 1683 2335 remotiffimi,
1715 2299 1859 2343 patres-

473 2360 637 2398 familias
657 2361 722 2398 suo
741 2360 926 2404 contenti,
948 2368 1122 2404 aratores,
1144 2358 1321 2396 rusticani
1342 2373 1349 2396 :
1383 2370 1489 2410 agros
1510 2356 1652 2395 habent
1671 2365 1709 2394 et
1729 2365 1862 2395 natura

473 2428 676 2479 perbonos,
707 2436 743 2466 et
774 2426 973 2480 diligentia
1001 2426 1229 2478 culturaque
1259 2425 1449 2463 meliores.
1483 2425 1528 2464 In
1558 2423 1661 2462 hisce
1691 2423 1787 2476 agris
1819 2430 1862 2460 tu
