2212 2835
444 165 521 218 380
938 161 1339 201 ORATIO

443 269 480 298 te
501 269 565 298 aut
585 259 666 297 fieri
687 267 751 296 aut
773 257 867 309 fingi
888 257 1104 295 dementius
1125 257 1248 310 potest
1266 258 1280 295 ?
1311 259 1404 296 Uno
1423 257 1529 297 enirn
1550 258 1754 297 maledieto
1776 259 1834 297 bis

443 340 462 363 a
484 340 545 363 me
566 326 727 378 patriam
750 324 930 362 servatam
953 322 1024 361 effe
1044 324 1224 363 concedis
1242 339 1251 362 :
1283 324 1413 370 semel,
1445 339 1538 364 cum
1559 325 1599 363 id
1619 324 1709 370 feci,
1731 325 1835 377 quod

442 405 575 430 omnes
598 405 674 429 non
697 400 836 443 negent
858 391 1142 428 immortalitati
1162 420 1173 435 ‚
1206 391 1230 429 fi
1255 390 1337 429 fieri
1363 392 1485 444 potest
1501 421 1512 437 ,
1544 391 1806 430 mandandum
1824 420 1837 436 ,

442 467 485 496 tu
504 458 695 511 supplicio
720 457 962 510 puniendum
989 457 1156 510 putasti3
1188 458 1332 496 iterum
1349 487 1360 503 ‚
1391 472 1484 497 cum
1512 467 1625 497 tuum
1642 487 1653 504 ,
1686 458 1835 497 multo-

442 538 607 577 rumque
627 532 783 577 propter
803 532 853 568 te,
873 522 1157 561 inflammatum
1180 523 1219 561 in
1242 524 1363 562 bonos
1384 538 1518 562 omnes
1540 525 1733 578 impetum
1750 537 1839 563 meo

441 603 599 643 corpore
629 590 788 642 excepi,
819 602 867 627 ne
898 602 983 626 eam
1015 589 1238 634 civitatem,
1271 603 1389 642 quam
1420 590 1613 629 servassem
1647 590 1804 629 inermis
1825 618 1835 635 ,

441 666 608 694 armatus
630 656 669 694 in
693 655 899 693 discrimen
919 655 1164 694 adducerem.

499 722 605 766 Esto,
637 735 715 759 non
736 720 812 758 fuit
834 721 872 758 In
895 734 958 758 me
978 734 1092 773 poena
1112 721 1189 759 ulla
1209 724 1356 774 peccati
1375 739 1384 762 :
1416 733 1454 762 at
1473 723 1718 777 fuitjudicii.
1752 724 1838 763 Cu-

437 789 534 841 jus?
566 788 652 839 quis
676 800 737 824 me
759 799 931 838 unquam
960 786 1037 824 ulla
1063 787 1149 840 lege
1175 788 1455 841 interrogavit?
1487 791 1573 842 quis
1599 790 1839 842 postulavit?

442 854 530 906 quis
552 853 656 891 diem
677 853 778 890 dixit
796 853 809 889 ?
828 852 954 891 Potest
974 853 1094 905 igitur
1115 853 1285 893 damnati
1306 868 1462 907 poenam
1483 855 1662 893 sustinere
1682 855 1838 893 indem-

443 919 587 958 natus?
618 918 693 957 hoc
714 918 965 958 tribunitium
991 918 1076 957 est?
1107 918 1183 958 hoc
1210 921 1425 974 populare?
1457 935 1680 974 quanquam
1707 921 1777 959 ubi
1797 929 1841 959 tu

442 996 481 1024 te
500 986 741 1040 popularem,
773 985 841 1023 nis1
862 999 954 1024 cum
975 1000 1045 1039 pro
1066 986 1212 1039 populo
1232 986 1370 1033 fecisti,
1401 997 1510 1042 potes
1536 987 1692 1027 dicere?
1724 986 1839 1026 Scili-

442 1062 518 1098 cet,
549 1065 642 1090 cum
673 1050 749 1090 hoc
774 1051 873 1103 juris
904 1065 925 1089 a
955 1052 1166 1104 majoribus
1198 1053 1400 1106 proditum
1430 1053 1489 1099 fit,
1521 1063 1565 1092 ut
1595 1067 1712 1092 nemo
1745 1053 1842 1092 civis

444 1119 645 1157 Romanus
665 1127 730 1156 aut
751 1117 968 1157 libertatem
989 1127 1054 1157 aut
1073 1118 1270 1158 civitatem
1296 1120 1409 1173 poffit
1435 1120 1610 1159 amittere
1628 1148 1638 1164 ‚
1670 1120 1739 1158 nifi
1765 1118 1845 1173 ipse

444 1186 575 1223 auctor
607 1184 728 1223 factus
760 1184 832 1222 fit:
868 1185 973 1237 quod
1006 1194 1049 1223 tu
1080 1185 1157 1238 ipse
1188 1186 1345 1239 potuisti
1379 1187 1420 1225 in
1451 1195 1516 1225 tua
1549 1187 1656 1225 causa
1686 1186 1841 1226 discere.

445 1252 573 1290 Credo
602 1251 729 1296 enim,
760 1263 983 1303 quanquam
1015 1252 1056 1289 in
1081 1251 1148 1290 illa
1178 1253 1383 1305 adoptione
1413 1253 1589 1305 legitime
1615 1252 1762 1291 fadum
1789 1251 1842 1290 est

445 1316 559 1362 nihil,
591 1325 721 1355 tamen
753 1325 790 1354 te
821 1316 892 1354 effe
923 1317 1218 1370 interrogatum,
1249 1321 1437 1357 Austorne
1466 1318 1555 1371 ffs,
1587 1329 1630 1357 ut
1659 1319 1696 1357 in
1727 1328 1762 1356 te
1788 1319 1840 1356 P.

445 1383 616 1423 Fonteius
646 1383 737 1422 vitae
767 1383 922 1436 necffque
944 1383 1151 1437 potestatem
1182 1383 1342 1429 haberet,
1374 1394 1416 1423 ut
1446 1386 1483 1423 in
1499 1386 1596 1437 filio.
1628 1385 1785 1436 Qaero,
1816 1383 1842 1422 fi

445 1460 511 1488 aut
540 1448 719 1501 negasses,
751 1458 815 1486 aut
848 1448 1036 1494 tacuiffes,
1072 1449 1097 1487 fi
1130 1459 1258 1488 tamen
1293 1451 1332 1488 id
1364 1465 1454 1489 xxx
1487 1451 1615 1489 Curiae
1642 1449 1842 1503 jufliffent,

444 1531 542 1555 num
571 1516 610 1554 id
630 1514 776 1568 juffum
803 1514 891 1553 effet
918 1515 1076 1553 ratum?
1107 1526 1208 1554 certe
1235 1530 1326 1555 non.
1360 1517 1469 1568 Qid
1495 1517 1578 1555 ita?
1611 1517 1703 1569 quia
1727 1517 1792 1568 jus
1823 1529 1845 1553 a

446 1582 657 1635 majoribus
679 1581 834 1626 nostris,
865 1581 935 1634 qui
956 1595 1033 1619 non
1054 1581 1141 1620 fiete
1161 1591 1199 1620 et
1218 1581 1406 1621 fallaciter
1424 1583 1648 1637 populares,
1679 1582 1741 1621 sed
1762 1595 1848 1620 vere

446 1660 484 1688 et
515 1649 713 1702 sapienter,
744 1647 916 1693 fuerunt,
947 1649 1000 1687 ita
1029 1659 1296 1701 comparatum
1329 1650 1395 1696 est,
1431 1660 1474 1689 ut
1509 1650 1603 1689 civis
1640 1651 1843 1688 Romanus

447 1717 663 1755 libertatem
685 1729 800 1754 nemo
822 1715 932 1768 poffit
952 1715 1097 1753 invitus
1116 1716 1305 1754 amittere.
1338 1717 1566 1767 Qinetiam
1585 1745 1596 1761 ,
1628 1716 1653 1754 fi
1686 1716 1844 1753 decem-

447 1783 516 1821 viri
551 1783 831 1821 sacramentum
865 1781 906 1819 in
940 1781 1159 1818 libertatem
1189 1781 1374 1832 injustum
1401 1781 1655 1833 judicaffent,
1688 1790 1842 1826 tamen,

447 1847 751 1900 quotiescunque
770 1846 885 1884 vellet
904 1846 1005 1897 quis,
1033 1846 1073 1883 in
1094 1844 1169 1884 hoc
1190 1859 1327 1899 genere
1347 1846 1426 1884 solo
1447 1860 1529 1884 rem
1543 1847 1758 1899 judicatam
1781 1860 1842 1885 re-

447 1915 544 1952 ferre
564 1913 665 1966 poffe
684 1912 903 1951 voluerunt.
937 1912 1147 1951 Civitatem
1168 1926 1256 1951 vero
1277 1926 1392 1951 nemo
1413 1927 1586 1966 unquam
1606 1914 1687 1952 ullo
1706 1913 1848 1967 populi

441 1980 544 2032 juffu
564 1980 717 2019 amittet
736 1979 897 2017 invitus.

503 2046 637 2085 XXX.
669 2045 752 2097 Qi
772 2045 871 2083 cives
893 2045 1063 2083 Romani
1090 2046 1130 2083 in
1161 2045 1330 2084 colonias
1362 2046 1518 2084 Latinas
1549 2046 1847 2099 proficisceban-

450 2121 526 2157 tur,
557 2111 640 2149 fieri
660 2124 738 2149 non
758 2119 936 2163 poterant
957 2111 1101 2156 Latini,
1133 2112 1201 2164 qui
1224 2125 1299 2150 non
1321 2121 1426 2150 erant
1446 2113 1615 2150 auetores
1636 2111 1740 2157 faeti,
1771 2126 1845 2151 no-

450 2191 619 2230 menque
639 2177 835 2216 dederant.
859 2177 941 2229 Qi
962 2187 1068 2216 erant
1088 2191 1216 2216 rerum
1237 2178 1462 2231 capitalium
1482 2178 1744 2224 condemnati,
1765 2192 1845 2217 non

451 2245 555 2298 prius
587 2243 687 2282 hanc
718 2243 915 2282 civitatem
946 2243 1188 2289 amittebant,
1220 2258 1338 2297 quam
1365 2254 1471 2283 erant
1501 2245 1542 2284 in
1568 2259 1653 2284 eam
1684 2245 1842 2298 recepti,

450 2325 528 2363 quo
555 2310 741 2355 vertendi,
772 2309 846 2349 hoc
873 2310 939 2355 est,
972 2310 1149 2349 mutandi
1178 2311 1246 2350 soli
1272 2311 1381 2350 causa
1406 2321 1614 2350 venerant:
1647 2312 1688 2350 id
1713 2320 1844 2350 autem

450 2386 492 2414 ut
513 2377 599 2415 effet
620 2376 841 2415 faciendum
856 2406 866 2422 ,
898 2390 976 2415 non
996 2377 1243 2429 ademptione
1264 2378 1429 2417 civitatis
1444 2407 1454 2424 ,
1486 2377 1546 2417 sed
1568 2379 1658 2417 tecti
1678 2387 1716 2417 et
1736 2391 1845 2431 aquae

450 2452 488 2481 et
508 2442 608 2495 ignis
629 2442 910 2489 interdictione,
941 2442 1146 2482 faciebant.
