2212 2835
401 217 472 259 152
901 193 1413 238 ORAT⁴1o“

390 304 614 358 periculum
636 315 712 339 non
734 299 850 339 modo
869 298 1062 344 homines,
1085 299 1146 337 sed
1166 313 1284 353 prope
1305 300 1475 352 regiones
1493 299 1593 352 ipsae,
1614 294 1778 339 co'ncurss

398 371 541 412 rerint5
574 368 770 419 aliquanto
795 367 912 404 etiam
939 366 1051 404 latius
1072 366 1256 411 excitatae‚
1288 379 1404 418 quam
1431 366 1546 418 ipsius
1574 366 1779 405 vicinitatis

396 448 540 474 nomen
560 448 602 472 ac
621 433 776 472 termini
797 432 1035 486 postulabant
1056 433 1068 469 ?

452 502 559 540 Nam
579 501 675 553 quid
695 513 766 552 ego
785 500 832 537 ad
851 500 890 537 id
914 499 1069 551 longam
1097 500 1308 537 orationem
1335 513 1569 552 comparem,
1601 499 1706 551 quod
1731 498 1783 537 est

398 569 438 606 in
469 568 599 606 eadem
632 566 764 604 multae
797 566 1025 618 irrogatione
1052 566 1328 618 praescriptum,
1360 565 1465 603 hunc
1493 579 1562 603 nec
1594 565 1680 610 suae,
1711 578 1782 603 nec

399 634 542 677 aliem,
574 632 767 684 pudicitiae
789 630 1021 684 pepercisse?
1053 631 1162 681 Qin
1189 631 1305 669 etiam
1332 631 1510 683 suspicor,
1541 644 1585 668 eo
1607 629 1704 668 mihi
1727 630 1782 667 se-

400 699 592 738 mihoram
613 712 632 736 a
653 698 824 736 Labieno
850 696 1098 750 praestitutam
1125 697 1209 742 effe,
1242 707 1284 735 ut
1313 711 1360 735 ne
1388 697 1497 750 plura
1524 697 1569 734 de
1597 696 1784 749 pudicitia

400 767 580 804 dicerem.
614 766 719 817 Ergo
738 764 785 802 ad
804 763 885 802 haec
905 762 1081 807 crimina,
1103 777 1187 815 quae
1208 765 1356 815 patroni
1376 764 1618 816 diligentiam
1639 763 1781 801 defide-

399 841 498 876 rant,
529 830 745 882 intelligitis
767 827 866 868 mihi
888 827 1115 866 semihoram
1143 828 1252 866 istam
1279 829 1448 867 nimium
1475 829 1632 880 longam
1658 827 1781 868 fuisse.

398 898 514 936 >Illam
546 898 701 935 alteram
733 904 879 949 partem
910 895 956 932 de
982 908 1073 932 nece
1101 895 1293 932 Saturnini
1320 895 1436 932 nimis
1463 894 1642 946 exiguam
1670 903 1784 946 atque

399 964 598 1017 angustam
618 962 688 1000 effe
707 961 880 1005 voluisti;
903 975 987 1013 quae
1008 974 1085 999 non
1106 961 1262 998 oratoris
1284 961 1500 1013 ingenium,
1523 960 1585 998 sed
1607 959 1784 999 Consulis

401 1030 603 1074 auxilium,
635 1028 815 1081 implorat
835 1036 872 1065 et
892 1027 1050 1080 flagitat.

455 1098 562 1136 Nam
583 1096 629 1133 de
650 1095 921 1148 perduellionis
937 1094 1100 1146 judicio,
1131 1094 1236 1146 quod
1262 1107 1283 1132 a
1308 1107 1371 1132 me
1398 1094 1592 1133 sublatum
1618 1092 1689 1132 effe
1708 1092 1784 1132 cri-

402 1163 542 1202 minari
572 1162 680 1206 soles,
717 1174 849 1199 meum
880 1160 1027 1198 crimen
1058 1160 1123 1204 est,
1160 1173 1238 1197 non
1268 1161 1432 1198 Rabirii.
1470 1160 1589 1211 Qod
1621 1160 1784 1205 utinam,

402 1229 588 1280 Qirites‚
619 1241 691 1279 ego
710 1226 750 1264 id
774 1234 838 1264 aut
858 1226 1021 1278 primus,
1052 1234 1116 1262 aut
1137 1225 1251 1270 solus,
1282 1239 1327 1264 ex
1347 1225 1419 1263 hac
1440 1225 1636 1278 republica
1661 1225 1784 1263 sustu-

403 1293 549 1332 liffem!
583 1293 746 1336 utinam,
777 1291 882 1343 quod
907 1291 972 1328 ille
998 1291 1146 1328 crimen
1175 1290 1245 1328 effe
1262 1291 1359 1336 vult,
1390 1291 1590 1343 proprium
1612 1290 1785 1328 testimo·

403 1361 514 1398 nium
535 1372 628 1397 meae
648 1358 768 1396 laudis
788 1356 895 1395 effet!
920 1356 1027 1408 Qid
1048 1357 1153 1395 enim
1173 1357 1295 1409 optari
1314 1357 1450 1409 potest,
1472 1356 1575 1409 quod
1595 1369 1666 1409 ego
1687 1355 1786 1393 mal-'-

402 1427 496 1470 lem,
527 1438 644 1477 quam
665 1438 726 1462 me
747 1424 786 1461 in
807 1423 1003 1461 consulatu
1025 1436 1111 1461 meo
1130 1422 1350 1461 carnificem
1371 1423 1417 1461 de
1435 1421 1534 1468 foro,
1564 1435 1720 1460 crucem
1741 1421 1788 1459 de

404 1505 556 1544 campo,
578 1489 782 1528 sustulisse?
806 1488 876 1527 Sed
896 1488 962 1526 ista
981 1488 1061 1526 laus
1081 1489 1254 1541 primum
1273 1489 1325 1527 est
1345 1490 1534 1541 majorum
1558 1488 1786 1532 nostrorum,

404 1558 591 1609 Qirstes,
623 1556 703 1608 qui,
735 1554 896 1608 expulfis
919 1555 1086 1607 regibus,
1117 1554 1271 1592 nullum
1291 1555 1332 1592 in
1357 1555 1478 1592 libero
1503 1554 1648 1607 populo
1675 1553 1788 1591 vesti-

403 1625 514 1677 gium
534 1622 767 1661 crudelitatis
788 1621 898 1674 regiae
924 1622 1161 1659 retinuerunt
1179 1635 1188 1658 ε
1220 1621 1357 1659 deinde
1383 1621 1598 1659 multorum
1619 1620 1790 1658 virorum

403 1690 579 1734 fortium,
602 1690 670 1741 qui
690 1688 849 1726 vestram
870 1687 1085 1725 libertatem
1105 1701 1182 1725 non
1202 1688 1405 1725 acerbitate
1426 1687 1704 1740 suppliciorum
1725 1687 1787 1725 in-

403 1756 551 1800 festam,
582 1755 641 1792 sed
662 1754 817 1791 lenitate
836 1753 968 1805 legum
989 1753 1195 1797 munitam,
1226 1752 1297 1790 effe
1316 1752 1535 1790 voluerunt.

460 1820 832 1872 IV.,Qamobrem
865 1828 949 1856 uter
978 1818 1149 1856 nostrum
1183 1818 1352 1863 tandem,
1384 1818 1565 1863 Labiene,
1596 1817 1789 1871 popularis

405 1888 480 1926 est?
503 1897 608 1931 tune,
631 1886 699 1938 qui
721 1885 870 1923 civibus
892 1885 1080 1923 Romanis
1101 1885 1141 1922 in
1162 1884 1347 1922 concione
1367 1884 1443 1936 ipsa
1463 1883 1698 1929 carnificem,
1721 1884 1790 1936 qui

405 1953 544 1998 vincla,
576 1951 746 1989 adhiberi
768 1960 876 2003 putas
897 1960 1097 2003 oportere;
1130 1950 1197 2002 qui
1218 1951 1257 1988 in
1278 1963 1415 2002 campo
1437 1951 1596 1995 Martio,
1619 1950 1789 1988 comitiis

406 2018 640 2062 centuriatis,
675 2017 866 2069 auspicato
902 2017 941 2054 in
977 2017 1077 2060 loco,
1113 2029 1269 2054 crucem
1301 2018 1346 2053 ad
1380 2016 1525 2054 civium
1557 2015 1790 2069 supplicium

407 2085 523 2138 defigi
542 2094 580 2122 et
599 2083 778 2122 constitui
793 2083 930 2134 jubes:
953 2096 999 2120 an
1019 2095 1103 2135 ego,
1125 2082 1193 2135 qui
1212 2081 1388 2120 funestari
1409 2083 1636 2124 concionem
1657 2091 1791 2120 conta-

406 2153 520 2206 gione
541 2150 729 2190 carnificis
751 2158 863 2195 veto;
896 2150 963 2202 qui
983 2149 1218 2202 expiandum
1239 2148 1368 2187 forum
1389 2149 1523 2202 populi
1550 2150 1720 2188 Romani
1743 2149 1791 2188 ab·

407 2220 484 2257 illis
516 2217 648 2256 nefarii
675 2216 822 2254 sceleris
850 2216 1013 2268 vestigiis
1041 2215 1112 2254 effe
1139 2216 1254 2260 dico5
1287 2217 1354 2268 qui
1380 2216 1517 2254 castam
1545 2217 1790 2260 concionem,

407 2286 577 2323 sanetum
599 2296 795 2335 campum,
827 2281 1056 2319 inviolatum
1083 2295 1235 2334 corpus,
1265 2283 1442 2320 omnium
1470 2282 1616 2320 civium
1643 2283 1789 2319 Roma-

408 2365 546 2390 norum
568 2351 762 2402 integrum
778 2350 840 2401 jus
862 2349 1062 2393 libertatis,
1094 2347 1257 2386 defendo
1278 2349 1408 2386 servari
1429 2349 1631 2401 oportere?

464 2416 660 2470 Popularis
696 2429 783 2454 vero
819 2415 994 2453 tribunus
1026 2415 1164 2467 plebis,
1199 2415 1322 2453 custos
1355 2402 1611 2467 defensorque⁴
1626 2413 1722 2466 juris
1754 2422 1792 2450 et

407 2484 609 2523 libertatis.
649 2481 781 2521 Porcia
811 2482 872 2521 lex
903 2482 1025 2535 virgas
1056 2481 1103 2520 ab
1134 2482 1312 2520 omnium
1343 2482 1489 2520 civium
1523 2482 1790 2519 Romanorum
