<?xml version="1.0" encoding="UTF-8"?>
<!DOCTYPE html PUBLIC "-//W3C//DTD XHTML 1.0 Transitional//EN"
    "http://www.w3.org/TR/xhtml1/DTD/xhtml1-transitional.dtd">
<html xmlns="http://www.w3.org/1999/xhtml" xml:lang="en" lang="en">
 <head>
  <title>
</title>
<meta http-equiv="Content-Type" content="text/html;charset=utf-8" />
  <meta name='ocr-system' content='tesseract 3.04.00' />
  <meta name='ocr-capabilities' content='ocr_page ocr_carea ocr_par ocr_line ocrx_word'/>
</head>
<body>
  <div class='ocr_page' id='page_1' title='image "./operacumindicibu05ciceuoft_0083.png"; bbox 0 0 2212 2835; ppageno 0'>
   <div class='ocr_carea' id='block_1_1' title="bbox 704 193 1419 234">
    <p class='ocr_par' dir='ltr' id='par_1_1' title="bbox 704 193 1419 234">
     <span class='ocr_line' id='line_1_1' title="bbox 704 193 1419 234; baseline -0.001 -1"><span class='ocrx_word' id='word_1_1' title='bbox 704 194 839 233; x_wconf 89' lang='lat' dir='ltr'>PRO</span> <span class='ocrx_word' id='word_1_2' title='bbox 898 196 948 234; x_wconf 84' lang='lat' dir='ltr'>A.</span> <span class='ocrx_word' id='word_1_3' title='bbox 1011 193 1419 234; x_wconf 88' lang='lat' dir='ltr'>CLUENTIO.</span> 
     </span>
    </p>
   </div>
   <div class='ocr_carea' id='block_1_2' title="bbox 357 225 1781 2589">
    <p class='ocr_par' dir='ltr' id='par_1_2' title="bbox 1717 225 1763 248">
     <span class='ocr_line' id='line_1_2' title="bbox 1717 225 1763 248; baseline 0 0"><span class='ocrx_word' id='word_1_4' title='bbox 1717 226 1730 248; x_wconf 71' lang='lat' dir='ltr'><em>s</em></span> <span class='ocrx_word' id='word_1_5' title='bbox 1745 225 1763 248; x_wconf 71' lang='lat'><em>3</em></span> 
     </span>
    </p>

    <p class='ocr_par' dir='ltr' id='par_1_3' title="bbox 357 292 1770 1011">
     <span class='ocr_line' id='line_1_3' title="bbox 372 292 1767 347; baseline 0 -16"><span class='ocrx_word' id='word_1_6' title='bbox 372 292 540 333; x_wconf 73' lang='lat' dir='ltr'>fundum</span> <span class='ocrx_word' id='word_1_7' title='bbox 563 295 824 333; x_wconf 85' lang='lat' dir='ltr'>Privernatem</span> <span class='ocrx_word' id='word_1_8' title='bbox 845 295 1053 347; x_wconf 77' lang='lat' dir='ltr'>flagitabat.</span> <span class='ocrx_word' id='word_1_9' title='bbox 1075 297 1121 333; x_wconf 75' lang='lat' dir='ltr'>In</span> <span class='ocrx_word' id='word_1_10' title='bbox 1142 295 1285 333; x_wconf 66' lang='lat' dir='ltr'>Albano</span> <span class='ocrx_word' id='word_1_11' title='bbox 1305 308 1458 339; x_wconf 71' lang='lat' dir='ltr'>eramus,</span> <span class='ocrx_word' id='word_1_12' title='bbox 1476 309 1549 347; x_wconf 79' lang='lat' dir='ltr'>ego,</span> <span class='ocrx_word' id='word_1_13' title='bbox 1572 303 1605 332; x_wconf 75' lang='lat' dir='ltr'>et</span> <span class='ocrx_word' id='word_1_14' title='bbox 1622 294 1767 332; x_wconf 75' lang='lat' dir='ltr'>Brutus</span> 
     </span>
     <span class='ocr_line' id='line_1_4' title="bbox 357 359 1765 414; baseline 0.001 -17"><span class='ocrx_word' id='word_1_15' title='bbox 357 361 463 412; x_wconf 72' lang='lat' dir='ltr'>filius</span> <span class='ocrx_word' id='word_1_16' title='bbox 478 378 491 400; x_wconf 92' lang='lat'>.·</span> <span class='ocrx_word' id='word_1_17' title='bbox 524 362 723 400; x_wconf 82' lang='lat' dir='ltr'>Albanum</span> <span class='ocrx_word' id='word_1_18' title='bbox 744 361 935 413; x_wconf 85' lang='lat' dir='ltr'>poscebat.</span> <span class='ocrx_word' id='word_1_19' title='bbox 967 363 1013 399; x_wconf 88' lang='lat' dir='ltr'>In</span> <span class='ocrx_word' id='word_1_20' title='bbox 1041 359 1306 413; x_wconf 63' lang='lat' dir='ltr'>Tibu7·tejbrte</span> <span class='ocrx_word' id='word_1_21' title='bbox 1328 375 1406 400; x_wconf 79' lang='lat' dir='ltr'>cum</span> <span class='ocrx_word' id='word_1_22' title='bbox 1426 361 1660 414; x_wconf 67' lang='lat' dir='ltr'>cgffidgffimus,</span> <span class='ocrx_word' id='word_1_23' title='bbox 1691 375 1765 413; x_wconf 70' lang='lat' dir='ltr'>ege,</span> 
     </span>
     <span class='ocr_line' id='line_1_5' title="bbox 373 425 1766 479; baseline 0.001 -16"><span class='ocrx_word' id='word_1_24' title='bbox 373 427 517 479; x_wconf 53' lang='lat' dir='ltr'>&amp;filius</span> <span class='ocrx_word' id='word_1_25' title='bbox 535 429 704 465; x_wconf 75' lang='lat' dir='ltr'>Brutus:</span> <span class='ocrx_word' id='word_1_26' title='bbox 737 427 949 464; x_wconf 87' lang='lat' dir='ltr'>Tiburtem</span> <span class='ocrx_word' id='word_1_27' title='bbox 969 425 1138 463; x_wconf 89' lang='lat' dir='ltr'>fundum</span> <span class='ocrx_word' id='word_1_28' title='bbox 1160 427 1390 478; x_wconf 83' lang='lat' dir='ltr'>requirebat.</span> <span class='ocrx_word' id='word_1_29' title='bbox 1434 428 1601 465; x_wconf 86' lang='lat' dir='ltr'>Brutum</span> <span class='ocrx_word' id='word_1_30' title='bbox 1621 437 1766 472; x_wconf 83' lang='lat' dir='ltr'>autem,</span> 
     </span>
     <span class='ocr_line' id='line_1_6' title="bbox 371 491 1765 545; baseline -0.001 -15"><span class='ocrx_word' id='word_1_31' title='bbox 371 492 574 530; x_wconf 88' lang='lat' dir='ltr'>hominem</span> <span class='ocrx_word' id='word_1_32' title='bbox 595 492 819 545; x_wconf 82' lang='lat' dir='ltr'>sapientem,</span> <span class='ocrx_word' id='word_1_33' title='bbox 837 492 942 544; x_wconf 89' lang='lat' dir='ltr'>quod</span> <span class='ocrx_word' id='word_1_34' title='bbox 962 491 1034 529; x_wconf 88' lang='lat' dir='ltr'>filii</span> <span class='ocrx_word' id='word_1_35' title='bbox 1056 492 1272 544; x_wconf 80' lang='lat' dir='ltr'>nequitiam</span> <span class='ocrx_word' id='word_1_36' title='bbox 1293 492 1451 536; x_wconf 88' lang='lat' dir='ltr'>videret,</span> <span class='ocrx_word' id='word_1_37' title='bbox 1470 506 1554 544; x_wconf 84' lang='lat' dir='ltr'>quae</span> <span class='ocrx_word' id='word_1_38' title='bbox 1574 492 1714 544; x_wconf 84' lang='lat' dir='ltr'>praedia</span> <span class='ocrx_word' id='word_1_39' title='bbox 1733 492 1765 529; x_wconf 86' lang='lat' dir='ltr'>ei</span> 
     </span>
     <span class='ocr_line' id='line_1_7' title="bbox 371 557 1769 611; baseline 0 -15"><span class='ocrx_word' id='word_1_40' title='bbox 371 559 616 611; x_wconf 79' lang='lat' dir='ltr'>relinqueret,</span> <span class='ocrx_word' id='word_1_41' title='bbox 639 558 831 597; x_wconf 87' lang='lat' dir='ltr'>testificari</span> <span class='ocrx_word' id='word_1_42' title='bbox 850 559 1002 597; x_wconf 81' lang='lat' dir='ltr'>dicebat</span> <span class='ocrx_word' id='word_1_43' title='bbox 1021 557 1192 596; x_wconf 81' lang='lat' dir='ltr'>voluifl‘e.</span> <span class='ocrx_word' id='word_1_44' title='bbox 1226 558 1345 610; x_wconf 82' lang='lat' dir='ltr'>Qod</span> <span class='ocrx_word' id='word_1_45' title='bbox 1365 558 1391 596; x_wconf 87' lang='lat' dir='ltr'>fi</span> <span class='ocrx_word' id='word_1_46' title='bbox 1411 558 1593 611; x_wconf 76' lang='lat' dir='ltr'>potuisset</span> <span class='ocrx_word' id='word_1_47' title='bbox 1611 558 1769 597; x_wconf 87' lang='lat' dir='ltr'>honeste</span> 
     </span>
     <span class='ocr_line' id='line_1_8' title="bbox 371 623 1766 677; baseline 0 -15"><span class='ocrx_word' id='word_1_48' title='bbox 371 624 546 670; x_wconf 82' lang='lat' dir='ltr'>scribere,</span> <span class='ocrx_word' id='word_1_49' title='bbox 568 625 604 663; x_wconf 88' lang='lat' dir='ltr'>se</span> <span class='ocrx_word' id='word_1_50' title='bbox 624 625 664 663; x_wconf 91' lang='lat' dir='ltr'>in</span> <span class='ocrx_word' id='word_1_51' title='bbox 686 625 830 663; x_wconf 84' lang='lat' dir='ltr'>balneis</span> <span class='ocrx_word' id='word_1_52' title='bbox 851 638 944 663; x_wconf 89' lang='lat' dir='ltr'>cum</span> <span class='ocrx_word' id='word_1_53' title='bbox 967 625 1006 662; x_wconf 92' lang='lat' dir='ltr'>id</span> <span class='ocrx_word' id='word_1_54' title='bbox 1027 625 1146 663; x_wconf 86' lang='lat' dir='ltr'>aetatis</span> <span class='ocrx_word' id='word_1_55' title='bbox 1167 623 1250 662; x_wconf 91' lang='lat' dir='ltr'>filio</span> <span class='ocrx_word' id='word_1_56' title='bbox 1269 624 1392 669; x_wconf 81' lang='lat' dir='ltr'>fuiffe,</span> <span class='ocrx_word' id='word_1_57' title='bbox 1416 638 1494 662; x_wconf 88' lang='lat' dir='ltr'>non</span> <span class='ocrx_word' id='word_1_58' title='bbox 1514 624 1766 677; x_wconf 75' lang='lat' dir='ltr'>praeteriifi&#39;et:</span> 
     </span>
     <span class='ocr_line' id='line_1_9' title="bbox 371 691 1770 746; baseline 0 -17"><span class='ocrx_word' id='word_1_59' title='bbox 371 704 430 729; x_wconf 84' lang='lat' dir='ltr'>eas</span> <span class='ocrx_word' id='word_1_60' title='bbox 450 691 486 729; x_wconf 90' lang='lat' dir='ltr'>se</span> <span class='ocrx_word' id='word_1_61' title='bbox 506 701 636 746; x_wconf 78' lang='lat' dir='ltr'>tamen</span> <span class='ocrx_word' id='word_1_62' title='bbox 655 692 702 729; x_wconf 88' lang='lat' dir='ltr'>ab</span> <span class='ocrx_word' id='word_1_63' title='bbox 723 705 768 729; x_wconf 94' lang='lat' dir='ltr'>eo</span> <span class='ocrx_word' id='word_1_64' title='bbox 789 691 940 729; x_wconf 82' lang='lat' dir='ltr'>balneas</span> <span class='ocrx_word' id='word_1_65' title='bbox 961 705 1040 729; x_wconf 87' lang='lat' dir='ltr'>non</span> <span class='ocrx_word' id='word_1_66' title='bbox 1060 704 1107 729; x_wconf 82' lang='lat' dir='ltr'>ex</span> <span class='ocrx_word' id='word_1_67' title='bbox 1127 691 1235 729; x_wconf 87' lang='lat' dir='ltr'>libris</span> <span class='ocrx_word' id='word_1_68' title='bbox 1256 691 1387 744; x_wconf 83' lang='lat' dir='ltr'>patris,</span> <span class='ocrx_word' id='word_1_69' title='bbox 1419 691 1482 729; x_wconf 89' lang='lat' dir='ltr'>sed</span> <span class='ocrx_word' id='word_1_70' title='bbox 1502 705 1549 729; x_wconf 83' lang='lat' dir='ltr'>ex</span> <span class='ocrx_word' id='word_1_71' title='bbox 1569 691 1711 729; x_wconf 83' lang='lat' dir='ltr'>tabulis</span> <span class='ocrx_word' id='word_1_72' title='bbox 1731 701 1770 729; x_wconf 92' lang='lat' dir='ltr'>et</span> 
     </span>
     <span class='ocr_line' id='line_1_10' title="bbox 371 758 1770 811; baseline 0 -14"><span class='ocrx_word' id='word_1_73' title='bbox 371 771 419 797; x_wconf 83' lang='lat' dir='ltr'>ex</span> <span class='ocrx_word' id='word_1_74' title='bbox 439 758 568 803; x_wconf 85' lang='lat' dir='ltr'>censu,</span> <span class='ocrx_word' id='word_1_75' title='bbox 591 772 771 811; x_wconf 84' lang='lat' dir='ltr'>quaerere.</span> <span class='ocrx_word' id='word_1_76' title='bbox 805 758 954 797; x_wconf 77' lang='lat' dir='ltr'>Craffus</span> <span class='ocrx_word' id='word_1_77' title='bbox 987 767 1073 796; x_wconf 90' lang='lat' dir='ltr'>tum</span> <span class='ocrx_word' id='word_1_78' title='bbox 1094 758 1147 796; x_wconf 91' lang='lat' dir='ltr'>ita</span> <span class='ocrx_word' id='word_1_79' title='bbox 1167 759 1335 796; x_wconf 87' lang='lat' dir='ltr'>Brutum</span> <span class='ocrx_word' id='word_1_80' title='bbox 1356 758 1461 796; x_wconf 86' lang='lat' dir='ltr'>ultus</span> <span class='ocrx_word' id='word_1_81' title='bbox 1481 758 1547 803; x_wconf 89' lang='lat' dir='ltr'>est,</span> <span class='ocrx_word' id='word_1_82' title='bbox 1582 768 1626 796; x_wconf 91' lang='lat' dir='ltr'>ut</span> <span class='ocrx_word' id='word_1_83' title='bbox 1653 759 1770 797; x_wconf 86' lang='lat' dir='ltr'>illum</span> 
     </span>
     <span class='ocr_line' id='line_1_11' title="bbox 372 825 1768 879; baseline -0.001 -15"><span class='ocrx_word' id='word_1_84' title='bbox 372 827 605 865; x_wconf 83' lang='lat' dir='ltr'>recitationis</span> <span class='ocrx_word' id='word_1_85' title='bbox 627 827 700 865; x_wconf 85' lang='lat' dir='ltr'>suae</span> <span class='ocrx_word' id='word_1_86' title='bbox 719 826 948 879; x_wconf 88' lang='lat' dir='ltr'>poeniteret:</span> <span class='ocrx_word' id='word_1_87' title='bbox 981 825 1138 864; x_wconf 85' lang='lat' dir='ltr'>moleste</span> <span class='ocrx_word' id='word_1_88' title='bbox 1168 826 1276 864; x_wconf 90' lang='lat' dir='ltr'>enim</span> <span class='ocrx_word' id='word_1_89' title='bbox 1296 825 1448 864; x_wconf 81' lang='lat' dir='ltr'>fortaffe</span> <span class='ocrx_word' id='word_1_90' title='bbox 1478 825 1630 870; x_wconf 87' lang='lat' dir='ltr'>tulerat,</span> <span class='ocrx_word' id='word_1_91' title='bbox 1662 825 1698 864; x_wconf 89' lang='lat' dir='ltr'>se</span> <span class='ocrx_word' id='word_1_92' title='bbox 1728 826 1768 864; x_wconf 89' lang='lat' dir='ltr'>in</span> 
     </span>
     <span class='ocr_line' id='line_1_12' title="bbox 373 890 1768 945; baseline 0.001 -16"><span class='ocrx_word' id='word_1_93' title='bbox 373 892 418 930; x_wconf 86' lang='lat' dir='ltr'>iis</span> <span class='ocrx_word' id='word_1_94' title='bbox 455 893 690 931; x_wconf 82' lang='lat' dir='ltr'>orationibus</span> <span class='ocrx_word' id='word_1_95' title='bbox 723 890 1010 944; x_wconf 88' lang='lat' dir='ltr'>reprehensum,</span> <span class='ocrx_word' id='word_1_96' title='bbox 1042 905 1134 945; x_wconf 83' lang='lat' dir='ltr'>quas</span> <span class='ocrx_word' id='word_1_97' title='bbox 1165 892 1212 930; x_wconf 90' lang='lat' dir='ltr'>de</span> <span class='ocrx_word' id='word_1_98' title='bbox 1244 891 1442 945; x_wconf 86' lang='lat' dir='ltr'>republica</span> <span class='ocrx_word' id='word_1_99' title='bbox 1472 890 1690 937; x_wconf 74' lang='lat' dir='ltr'>habuiffet5</span> <span class='ocrx_word' id='word_1_100' title='bbox 1728 893 1768 930; x_wconf 90' lang='lat' dir='ltr'>in</span> 
     </span>
     <span class='ocr_line' id='line_1_13' title="bbox 373 958 1314 1011; baseline 0 -15"><span class='ocrx_word' id='word_1_101' title='bbox 373 959 516 1011; x_wconf 86' lang='lat' dir='ltr'>quibus</span> <span class='ocrx_word' id='word_1_102' title='bbox 536 958 691 997; x_wconf 73' lang='lat' dir='ltr'>forsitan</span> <span class='ocrx_word' id='word_1_103' title='bbox 711 959 834 1011; x_wconf 81' lang='lat' dir='ltr'>magis</span> <span class='ocrx_word' id='word_1_104' title='bbox 855 959 1069 1010; x_wconf 88' lang='lat' dir='ltr'>requiratur</span> <span class='ocrx_word' id='word_1_105' title='bbox 1089 958 1314 997; x_wconf 82' lang='lat' dir='ltr'>constantia.</span> 
     </span>
    </p>

    <p class='ocr_par' dir='ltr' id='par_1_4' title="bbox 372 1023 1775 1742">
     <span class='ocr_line' id='line_1_14' title="bbox 420 1023 1770 1077; baseline -0.001 -15"><span class='ocrx_word' id='word_1_106' title='bbox 420 1025 507 1077; x_wconf 89' lang='lat' dir='ltr'>Ego</span> <span class='ocrx_word' id='word_1_107' title='bbox 528 1033 658 1061; x_wconf 84' lang='lat' dir='ltr'>autern</span> <span class='ocrx_word' id='word_1_108' title='bbox 677 1023 744 1062; x_wconf 87' lang='lat' dir='ltr'>illa</span> <span class='ocrx_word' id='word_1_109' title='bbox 764 1024 919 1062; x_wconf 86' lang='lat' dir='ltr'>recitata</span> <span class='ocrx_word' id='word_1_110' title='bbox 939 1023 1010 1062; x_wconf 85' lang='lat' dir='ltr'>effe</span> <span class='ocrx_word' id='word_1_111' title='bbox 1036 1037 1114 1062; x_wconf 88' lang='lat' dir='ltr'>non</span> <span class='ocrx_word' id='word_1_112' title='bbox 1136 1023 1294 1062; x_wconf 87' lang='lat' dir='ltr'>moleste</span> <span class='ocrx_word' id='word_1_113' title='bbox 1313 1023 1408 1062; x_wconf 91' lang='lat' dir='ltr'>fero.</span> <span class='ocrx_word' id='word_1_114' title='bbox 1434 1024 1703 1076; x_wconf 74' lang='lat' dir='ltr'>Nequeenim</span> <span class='ocrx_word' id='word_1_115' title='bbox 1723 1024 1770 1062; x_wconf 88' lang='lat' dir='ltr'>ab</span> 
     </span>
     <span class='ocr_line' id='line_1_15' title="bbox 372 1089 1769 1144; baseline 0 -16"><span class='ocrx_word' id='word_1_116' title='bbox 372 1089 443 1128; x_wconf 86' lang='lat' dir='ltr'>illo</span> <span class='ocrx_word' id='word_1_117' title='bbox 463 1100 652 1144; x_wconf 89' lang='lat' dir='ltr'>tempore,</span> <span class='ocrx_word' id='word_1_118' title='bbox 684 1090 790 1142; x_wconf 87' lang='lat' dir='ltr'>quod</span> <span class='ocrx_word' id='word_1_119' title='bbox 811 1099 896 1128; x_wconf 88' lang='lat' dir='ltr'>tum</span> <span class='ocrx_word' id='word_1_120' title='bbox 917 1099 1009 1135; x_wconf 82' lang='lat' dir='ltr'>erat,</span> <span class='ocrx_word' id='word_1_121' title='bbox 1041 1104 1167 1142; x_wconf 88' lang='lat' dir='ltr'>neque</span> <span class='ocrx_word' id='word_1_122' title='bbox 1193 1090 1241 1128; x_wconf 85' lang='lat' dir='ltr'>ab</span> <span class='ocrx_word' id='word_1_123' title='bbox 1262 1103 1303 1127; x_wconf 90' lang='lat' dir='ltr'>ea</span> <span class='ocrx_word' id='word_1_124' title='bbox 1322 1089 1445 1135; x_wconf 80' lang='lat' dir='ltr'>causa,</span> <span class='ocrx_word' id='word_1_125' title='bbox 1468 1104 1553 1143; x_wconf 80' lang='lat' dir='ltr'>quae</span> <span class='ocrx_word' id='word_1_126' title='bbox 1574 1099 1660 1128; x_wconf 89' lang='lat' dir='ltr'>turn</span> <span class='ocrx_word' id='word_1_127' title='bbox 1680 1103 1769 1143; x_wconf 82' lang='lat' dir='ltr'>age—</span> 
     </span>
     <span class='ocr_line' id='line_1_16' title="bbox 373 1155 1770 1209; baseline 0 -14"><span class='ocrx_word' id='word_1_128' title='bbox 373 1158 498 1203; x_wconf 83' lang='lat' dir='ltr'>batur,</span> <span class='ocrx_word' id='word_1_129' title='bbox 529 1157 651 1195; x_wconf 83' lang='lat' dir='ltr'>aliena</span> <span class='ocrx_word' id='word_1_130' title='bbox 680 1156 838 1195; x_wconf 89' lang='lat' dir='ltr'>fuerunt</span> <span class='ocrx_word' id='word_1_131' title='bbox 855 1171 865 1194; x_wconf 88' lang='lat'>:</span> <span class='ocrx_word' id='word_1_132' title='bbox 908 1169 1033 1209; x_wconf 89' lang='lat' dir='ltr'>neque</span> <span class='ocrx_word' id='word_1_133' title='bbox 1067 1155 1168 1194; x_wconf 85' lang='lat' dir='ltr'>mihi</span> <span class='ocrx_word' id='word_1_134' title='bbox 1203 1156 1418 1208; x_wconf 88' lang='lat' dir='ltr'>quidquam</span> <span class='ocrx_word' id='word_1_135' title='bbox 1450 1158 1576 1195; x_wconf 87' lang='lat' dir='ltr'>oneris</span> <span class='ocrx_word' id='word_1_136' title='bbox 1610 1156 1770 1209; x_wconf 85' lang='lat' dir='ltr'>suscepi,</span> 
     </span>
     <span class='ocr_line' id='line_1_17' title="bbox 373 1221 1771 1275; baseline -0.001 -13"><span class='ocrx_word' id='word_1_137' title='bbox 373 1237 465 1262; x_wconf 89' lang='lat' dir='ltr'>cum</span> <span class='ocrx_word' id='word_1_138' title='bbox 486 1223 554 1262; x_wconf 87' lang='lat' dir='ltr'>ista</span> <span class='ocrx_word' id='word_1_139' title='bbox 573 1223 669 1268; x_wconf 86' lang='lat' dir='ltr'>dixi,</span> <span class='ocrx_word' id='word_1_140' title='bbox 691 1236 769 1275; x_wconf 91' lang='lat' dir='ltr'>quo</span> <span class='ocrx_word' id='word_1_141' title='bbox 785 1223 915 1261; x_wconf 88' lang='lat' dir='ltr'>minus</span> <span class='ocrx_word' id='word_1_142' title='bbox 934 1221 1090 1261; x_wconf 89' lang='lat' dir='ltr'>honeste</span> <span class='ocrx_word' id='word_1_143' title='bbox 1110 1221 1210 1260; x_wconf 85' lang='lat' dir='ltr'>hanc</span> <span class='ocrx_word' id='word_1_144' title='bbox 1229 1222 1394 1268; x_wconf 88' lang='lat' dir='ltr'>causam,</span> <span class='ocrx_word' id='word_1_145' title='bbox 1415 1232 1453 1261; x_wconf 93' lang='lat' dir='ltr'>et</span> <span class='ocrx_word' id='word_1_146' title='bbox 1472 1224 1607 1267; x_wconf 89' lang='lat' dir='ltr'>libere,</span> <span class='ocrx_word' id='word_1_147' title='bbox 1622 1222 1771 1275; x_wconf 77' lang='lat' dir='ltr'>possem</span> 
     </span>
     <span class='ocr_line' id='line_1_18' title="bbox 373 1289 1771 1342; baseline 0 -14"><span class='ocrx_word' id='word_1_148' title='bbox 373 1289 592 1329; x_wconf 85' lang='lat' dir='ltr'>defendere.</span> <span class='ocrx_word' id='word_1_149' title='bbox 616 1290 735 1342; x_wconf 85' lang='lat' dir='ltr'>Qod</span> <span class='ocrx_word' id='word_1_150' title='bbox 751 1290 778 1328; x_wconf 89' lang='lat' dir='ltr'>fi</span> <span class='ocrx_word' id='word_1_151' title='bbox 793 1289 913 1328; x_wconf 89' lang='lat' dir='ltr'>velim</span> <span class='ocrx_word' id='word_1_152' title='bbox 932 1289 1127 1335; x_wconf 84' lang='lat' dir='ltr'>confiteri,</span> <span class='ocrx_word' id='word_1_153' title='bbox 1146 1302 1209 1328; x_wconf 89' lang='lat' dir='ltr'>me</span> <span class='ocrx_word' id='word_1_154' title='bbox 1225 1289 1376 1328; x_wconf 89' lang='lat' dir='ltr'>causam</span> <span class='ocrx_word' id='word_1_155' title='bbox 1397 1290 1449 1328; x_wconf 94' lang='lat' dir='ltr'>A.</span> <span class='ocrx_word' id='word_1_156' title='bbox 1471 1289 1646 1328; x_wconf 88' lang='lat' dir='ltr'>Cluentii</span> <span class='ocrx_word' id='word_1_157' title='bbox 1666 1304 1771 1328; x_wconf 85' lang='lat' dir='ltr'>nunc</span> 
     </span>
     <span class='ocr_line' id='line_1_19' title="bbox 373 1355 1772 1411; baseline -0.001 -15"><span class='ocrx_word' id='word_1_158' title='bbox 373 1357 616 1411; x_wconf 87' lang='lat' dir='ltr'>cognoscere,</span> <span class='ocrx_word' id='word_1_159' title='bbox 646 1365 757 1394; x_wconf 86' lang='lat' dir='ltr'>antea</span> <span class='ocrx_word' id='word_1_160' title='bbox 777 1355 888 1395; x_wconf 81' lang='lat' dir='ltr'>fuisse</span> <span class='ocrx_word' id='word_1_161' title='bbox 907 1357 948 1395; x_wconf 90' lang='lat' dir='ltr'>in</span> <span class='ocrx_word' id='word_1_162' title='bbox 968 1356 1035 1394; x_wconf 85' lang='lat' dir='ltr'>illa</span> <span class='ocrx_word' id='word_1_163' title='bbox 1062 1356 1245 1410; x_wconf 88' lang='lat' dir='ltr'>opinione</span> <span class='ocrx_word' id='word_1_164' title='bbox 1265 1356 1440 1410; x_wconf 86' lang='lat' dir='ltr'>populari</span> <span class='ocrx_word' id='word_1_165' title='bbox 1456 1375 1468 1401; x_wconf 80' lang='lat'>3</span> <span class='ocrx_word' id='word_1_166' title='bbox 1501 1356 1589 1409; x_wconf 85' lang='lat' dir='ltr'>quis</span> <span class='ocrx_word' id='word_1_167' title='bbox 1617 1357 1772 1395; x_wconf 83' lang='lat' dir='ltr'>tandem</span> 
     </span>
     <span class='ocr_line' id='line_1_20' title="bbox 373 1422 1772 1476; baseline -0.001 -14"><span class='ocrx_word' id='word_1_168' title='bbox 373 1423 414 1461; x_wconf 89' lang='lat' dir='ltr'>id</span> <span class='ocrx_word' id='word_1_169' title='bbox 444 1423 557 1476; x_wconf 86' lang='lat' dir='ltr'>poffit</span> <span class='ocrx_word' id='word_1_170' title='bbox 587 1422 894 1476; x_wconf 89' lang='lat' dir='ltr'>reprehendere?</span> <span class='ocrx_word' id='word_1_171' title='bbox 926 1422 1156 1469; x_wconf 76' lang='lat' dir='ltr'>Praesertim‚</span> <span class='ocrx_word' id='word_1_172' title='bbox 1177 1422 1350 1474; x_wconf 75' lang='lat' dir='ltr'>judices,</span> <span class='ocrx_word' id='word_1_173' title='bbox 1375 1436 1469 1461; x_wconf 89' lang='lat' dir='ltr'>curn</span> <span class='ocrx_word' id='word_1_174' title='bbox 1489 1436 1511 1460; x_wconf 85' lang='lat' dir='ltr'>a</span> <span class='ocrx_word' id='word_1_175' title='bbox 1531 1423 1638 1462; x_wconf 85' lang='lat' dir='ltr'>vobis</span> <span class='ocrx_word' id='word_1_176' title='bbox 1671 1437 1772 1476; x_wconf 88' lang='lat' dir='ltr'>quo-</span> 
     </span>
     <span class='ocr_line' id='line_1_21' title="bbox 374 1488 1773 1543; baseline 0.001 -16"><span class='ocrx_word' id='word_1_177' title='bbox 374 1503 451 1541; x_wconf 89' lang='lat' dir='ltr'>que</span> <span class='ocrx_word' id='word_1_178' title='bbox 471 1489 559 1543; x_wconf 81' lang='lat' dir='ltr'>ipsis</span> <span class='ocrx_word' id='word_1_179' title='bbox 578 1488 655 1528; x_wconf 88' lang='lat' dir='ltr'>hoc</span> <span class='ocrx_word' id='word_1_180' title='bbox 686 1489 891 1542; x_wconf 89' lang='lat' dir='ltr'>impetrare</span> <span class='ocrx_word' id='word_1_181' title='bbox 920 1489 966 1527; x_wconf 90' lang='lat' dir='ltr'>fit</span> <span class='ocrx_word' id='word_1_182' title='bbox 986 1489 1260 1541; x_wconf 83' lang='lat' dir='ltr'>aequiffimum,</span> <span class='ocrx_word' id='word_1_183' title='bbox 1293 1489 1399 1541; x_wconf 92' lang='lat' dir='ltr'>quod</span> <span class='ocrx_word' id='word_1_184' title='bbox 1418 1502 1491 1541; x_wconf 84' lang='lat' dir='ltr'>ego</span> <span class='ocrx_word' id='word_1_185' title='bbox 1511 1498 1549 1527; x_wconf 91' lang='lat' dir='ltr'>et</span> <span class='ocrx_word' id='word_1_186' title='bbox 1579 1489 1626 1527; x_wconf 85' lang='lat' dir='ltr'>ab</span> <span class='ocrx_word' id='word_1_187' title='bbox 1659 1490 1773 1528; x_wconf 90' lang='lat' dir='ltr'>initio</span> 
     </span>
     <span class='ocr_line' id='line_1_22' title="bbox 373 1554 1774 1609; baseline 0.001 -15"><span class='ocrx_word' id='word_1_188' title='bbox 373 1557 508 1608; x_wconf 89' lang='lat' dir='ltr'>petivi,</span> <span class='ocrx_word' id='word_1_189' title='bbox 539 1566 577 1594; x_wconf 89' lang='lat' dir='ltr'>et</span> <span class='ocrx_word' id='word_1_190' title='bbox 596 1569 701 1594; x_wconf 88' lang='lat' dir='ltr'>nunc</span> <span class='ocrx_word' id='word_1_191' title='bbox 720 1565 825 1608; x_wconf 88' lang='lat' dir='ltr'>peto,</span> <span class='ocrx_word' id='word_1_192' title='bbox 856 1565 913 1601; x_wconf 91' lang='lat' dir='ltr'>ut,</span> <span class='ocrx_word' id='word_1_193' title='bbox 945 1555 971 1593; x_wconf 90' lang='lat' dir='ltr'>fi</span> <span class='ocrx_word' id='word_1_194' title='bbox 992 1569 1110 1607; x_wconf 89' lang='lat' dir='ltr'>quam</span> <span class='ocrx_word' id='word_1_195' title='bbox 1130 1554 1210 1593; x_wconf 90' lang='lat' dir='ltr'>huc</span> <span class='ocrx_word' id='word_1_196' title='bbox 1229 1556 1444 1608; x_wconf 85' lang='lat' dir='ltr'>graviorem</span> <span class='ocrx_word' id='word_1_197' title='bbox 1465 1555 1512 1594; x_wconf 88' lang='lat' dir='ltr'>de</span> <span class='ocrx_word' id='word_1_198' title='bbox 1532 1555 1601 1594; x_wconf 89' lang='lat' dir='ltr'>illo</span> <span class='ocrx_word' id='word_1_199' title='bbox 1621 1557 1774 1609; x_wconf 86' lang='lat' dir='ltr'>judicio</span> 
     </span>
     <span class='ocr_line' id='line_1_23' title="bbox 374 1621 1775 1675; baseline 0.001 -15"><span class='ocrx_word' id='word_1_200' title='bbox 374 1622 603 1675; x_wconf 89' lang='lat' dir='ltr'>opinionem</span> <span class='ocrx_word' id='word_1_201' title='bbox 622 1622 815 1668; x_wconf 85' lang='lat' dir='ltr'>attulistis,</span> <span class='ocrx_word' id='word_1_202' title='bbox 837 1621 950 1667; x_wconf 90' lang='lat' dir='ltr'>hanc,</span> <span class='ocrx_word' id='word_1_203' title='bbox 982 1621 1090 1660; x_wconf 88' lang='lat' dir='ltr'>causa</span> <span class='ocrx_word' id='word_1_204' title='bbox 1109 1621 1315 1675; x_wconf 63' lang='lat' dir='ltr'>perspecta,</span> <span class='ocrx_word' id='word_1_205' title='bbox 1347 1631 1462 1675; x_wconf 88' lang='lat' dir='ltr'>atque</span> <span class='ocrx_word' id='word_1_206' title='bbox 1487 1623 1598 1661; x_wconf 89' lang='lat' dir='ltr'>omni</span> <span class='ocrx_word' id='word_1_207' title='bbox 1618 1623 1775 1662; x_wconf 87' lang='lat' dir='ltr'>veritate</span> 
     </span>
     <span class='ocr_line' id='line_1_24' title="bbox 374 1689 778 1742; baseline 0.005 -16"><span class='ocrx_word' id='word_1_208' title='bbox 374 1689 542 1742; x_wconf 84' lang='lat' dir='ltr'>cognita,</span> <span class='ocrx_word' id='word_1_209' title='bbox 565 1689 778 1742; x_wconf 80' lang='lat' dir='ltr'>deponatis,</span> 
     </span>
    </p>

    <p class='ocr_par' dir='ltr' id='par_1_5' title="bbox 372 1755 1781 2538">
     <span class='ocr_line' id='line_1_25' title="bbox 435 1755 1772 1808; baseline 0.001 -15"><span class='ocrx_word' id='word_1_210' title='bbox 435 1756 528 1793; x_wconf 90' lang='lat' dir='ltr'><strong>LII.</strong></span> <span class='ocrx_word' id='word_1_211' title='bbox 560 1756 696 1801; x_wconf 90' lang='lat' dir='ltr'>Nunc,</span> <span class='ocrx_word' id='word_1_212' title='bbox 732 1756 919 1808; x_wconf 85' lang='lat' dir='ltr'>quoniam</span> <span class='ocrx_word' id='word_1_213' title='bbox 950 1755 997 1793; x_wconf 84' lang='lat' dir='ltr'>ad</span> <span class='ocrx_word' id='word_1_214' title='bbox 1017 1755 1163 1801; x_wconf 85' lang='lat' dir='ltr'>omnia,</span> <span class='ocrx_word' id='word_1_215' title='bbox 1197 1770 1281 1808; x_wconf 86' lang='lat' dir='ltr'>quae</span> <span class='ocrx_word' id='word_1_216' title='bbox 1302 1756 1367 1794; x_wconf 83' lang='lat' dir='ltr'>abs</span> <span class='ocrx_word' id='word_1_217' title='bbox 1399 1764 1437 1794; x_wconf 91' lang='lat' dir='ltr'>te</span> <span class='ocrx_word' id='word_1_218' title='bbox 1465 1755 1566 1794; x_wconf 67' lang='lat' dir='ltr'>dista</span> <span class='ocrx_word' id='word_1_219' title='bbox 1585 1756 1686 1802; x_wconf 90' lang='lat' dir='ltr'>sunt,</span> <span class='ocrx_word' id='word_1_220' title='bbox 1719 1757 1772 1796; x_wconf 89' lang='lat' dir='ltr'>T.</span> 
     </span>
     <span class='ocr_line' id='line_1_26' title="bbox 378 1821 1774 1875; baseline 0.001 -16"><span class='ocrx_word' id='word_1_221' title='bbox 378 1821 475 1866; x_wconf 85' lang='lat' dir='ltr'>Atti,</span> <span class='ocrx_word' id='word_1_222' title='bbox 498 1821 545 1859; x_wconf 92' lang='lat' dir='ltr'>de</span> <span class='ocrx_word' id='word_1_223' title='bbox 565 1821 776 1874; x_wconf 81' lang='lat' dir='ltr'>Oppianici</span> <span class='ocrx_word' id='word_1_224' title='bbox 796 1822 1057 1867; x_wconf 80' lang='lat' dir='ltr'>damnatione,</span> <span class='ocrx_word' id='word_1_225' title='bbox 1077 1822 1253 1875; x_wconf 86' lang='lat' dir='ltr'>respondi</span> <span class='ocrx_word' id='word_1_226' title='bbox 1270 1840 1281 1867; x_wconf 87' lang='lat'>;</span> <span class='ocrx_word' id='word_1_227' title='bbox 1314 1822 1518 1861; x_wconf 78' lang='lat' dir='ltr'>confiteare</span> <span class='ocrx_word' id='word_1_228' title='bbox 1539 1822 1681 1860; x_wconf 74' lang='lat' dir='ltr'>necefl‘e</span> <span class='ocrx_word' id='word_1_229' title='bbox 1706 1823 1774 1869; x_wconf 84' lang='lat' dir='ltr'>est,</span> 
     </span>
     <span class='ocr_line' id='line_1_27' title="bbox 376 1887 1774 1941; baseline 0.001 -15"><span class='ocrx_word' id='word_1_230' title='bbox 376 1898 413 1926; x_wconf 90' lang='lat' dir='ltr'>te</span> <span class='ocrx_word' id='word_1_231' title='bbox 433 1887 658 1941; x_wconf 89' lang='lat' dir='ltr'>opinionem</span> <span class='ocrx_word' id='word_1_232' title='bbox 679 1888 852 1926; x_wconf 89' lang='lat' dir='ltr'>multum</span> <span class='ocrx_word' id='word_1_233' title='bbox 873 1888 1062 1933; x_wconf 83' lang='lat' dir='ltr'>fefelliffe,</span> <span class='ocrx_word' id='word_1_234' title='bbox 1080 1889 1186 1941; x_wconf 91' lang='lat' dir='ltr'>quod</span> <span class='ocrx_word' id='word_1_235' title='bbox 1206 1888 1448 1933; x_wconf 82' lang='lat' dir='ltr'>existimaris,</span> <span class='ocrx_word' id='word_1_236' title='bbox 1471 1902 1534 1927; x_wconf 89' lang='lat' dir='ltr'>me</span> <span class='ocrx_word' id='word_1_237' title='bbox 1555 1889 1706 1927; x_wconf 87' lang='lat' dir='ltr'>causam</span> <span class='ocrx_word' id='word_1_238' title='bbox 1722 1891 1774 1928; x_wconf 88' lang='lat' dir='ltr'>A.</span> 
     </span>
     <span class='ocr_line' id='line_1_28' title="bbox 379 1953 1776 2009; baseline 0.001 -17"><span class='ocrx_word' id='word_1_239' title='bbox 379 1954 553 1992; x_wconf 82' lang='lat' dir='ltr'>Cluentii</span> <span class='ocrx_word' id='word_1_240' title='bbox 574 1969 651 1993; x_wconf 88' lang='lat' dir='ltr'>non</span> <span class='ocrx_word' id='word_1_241' title='bbox 671 1953 772 1993; x_wconf 64' lang='lat' dir='ltr'>facto</span> <span class='ocrx_word' id='word_1_242' title='bbox 788 1956 884 2008; x_wconf 87' lang='lat' dir='ltr'>ejus,</span> <span class='ocrx_word' id='word_1_243' title='bbox 906 1955 969 1993; x_wconf 90' lang='lat' dir='ltr'>sed</span> <span class='ocrx_word' id='word_1_244' title='bbox 990 1955 1087 2007; x_wconf 85' lang='lat' dir='ltr'>lege,</span> <span class='ocrx_word' id='word_1_245' title='bbox 1104 1954 1367 1994; x_wconf 86' lang='lat' dir='ltr'>defensurum.</span> <span class='ocrx_word' id='word_1_246' title='bbox 1389 1956 1496 1994; x_wconf 88' lang='lat' dir='ltr'>Nam</span> <span class='ocrx_word' id='word_1_247' title='bbox 1517 1954 1593 1995; x_wconf 88' lang='lat' dir='ltr'>hoc</span> <span class='ocrx_word' id='word_1_248' title='bbox 1613 1955 1776 2009; x_wconf 82' lang='lat' dir='ltr'>persaepe</span> 
     </span>
     <span class='ocr_line' id='line_1_29' title="bbox 372 2021 1775 2076; baseline 0.001 -17"><span class='ocrx_word' id='word_1_249' title='bbox 372 2021 515 2066; x_wconf 83' lang='lat' dir='ltr'>dixisti,</span> <span class='ocrx_word' id='word_1_250' title='bbox 534 2022 607 2060; x_wconf 89' lang='lat' dir='ltr'>tibi</span> <span class='ocrx_word' id='word_1_251' title='bbox 627 2021 677 2059; x_wconf 87' lang='lat' dir='ltr'>fic</span> <span class='ocrx_word' id='word_1_252' title='bbox 698 2023 923 2067; x_wconf 86' lang='lat' dir='ltr'>renuntiari,</span> <span class='ocrx_word' id='word_1_253' title='bbox 938 2036 1000 2060; x_wconf 90' lang='lat' dir='ltr'>me</span> <span class='ocrx_word' id='word_1_254' title='bbox 1021 2021 1160 2060; x_wconf 87' lang='lat' dir='ltr'>habere</span> <span class='ocrx_word' id='word_1_255' title='bbox 1175 2022 1217 2060; x_wconf 91' lang='lat' dir='ltr'>in</span> <span class='ocrx_word' id='word_1_256' title='bbox 1237 2023 1368 2061; x_wconf 84' lang='lat' dir='ltr'>animo</span> <span class='ocrx_word' id='word_1_257' title='bbox 1388 2022 1539 2061; x_wconf 87' lang='lat' dir='ltr'>causam</span> <span class='ocrx_word' id='word_1_258' title='bbox 1558 2022 1659 2061; x_wconf 83' lang='lat' dir='ltr'>hane</span> <span class='ocrx_word' id='word_1_259' title='bbox 1676 2037 1775 2076; x_wconf 84' lang='lat' dir='ltr'>prae-</span> 
     </span>
     <span class='ocr_line' id='line_1_30' title="bbox 377 2088 1775 2143; baseline 0.001 -17"><span class='ocrx_word' id='word_1_260' title='bbox 377 2088 471 2126; x_wconf 84' lang='lat' dir='ltr'>sidio</span> <span class='ocrx_word' id='word_1_261' title='bbox 491 2088 586 2141; x_wconf 87' lang='lat' dir='ltr'>legis</span> <span class='ocrx_word' id='word_1_262' title='bbox 619 2088 835 2128; x_wconf 87' lang='lat' dir='ltr'>defendere.</span> <span class='ocrx_word' id='word_1_263' title='bbox 869 2090 975 2128; x_wconf 88' lang='lat' dir='ltr'>Itane</span> <span class='ocrx_word' id='word_1_264' title='bbox 995 2089 1077 2127; x_wconf 84' lang='lat' dir='ltr'>est?</span> <span class='ocrx_word' id='word_1_265' title='bbox 1110 2089 1156 2127; x_wconf 88' lang='lat' dir='ltr'>ab</span> <span class='ocrx_word' id='word_1_266' title='bbox 1177 2090 1312 2128; x_wconf 83' lang='lat' dir='ltr'>amicis</span> <span class='ocrx_word' id='word_1_267' title='bbox 1343 2089 1524 2128; x_wconf 88' lang='lat' dir='ltr'>videlicet</span> <span class='ocrx_word' id='word_1_268' title='bbox 1544 2090 1775 2143; x_wconf 88' lang='lat' dir='ltr'>impruden-</span> 
     </span>
     <span class='ocr_line' id='line_1_31' title="bbox 379 2156 1776 2209; baseline 0.001 -17"><span class='ocrx_word' id='word_1_269' title='bbox 379 2163 433 2192; x_wconf 88' lang='lat' dir='ltr'>tes</span> <span class='ocrx_word' id='word_1_270' title='bbox 453 2156 684 2207; x_wconf 86' lang='lat' dir='ltr'>prodimur?</span> <span class='ocrx_word' id='word_1_271' title='bbox 716 2165 755 2194; x_wconf 92' lang='lat' dir='ltr'>et</span> <span class='ocrx_word' id='word_1_272' title='bbox 774 2157 827 2194; x_wconf 87' lang='lat' dir='ltr'>est</span> <span class='ocrx_word' id='word_1_273' title='bbox 847 2156 973 2194; x_wconf 89' lang='lat' dir='ltr'>nescio</span> <span class='ocrx_word' id='word_1_274' title='bbox 994 2156 1081 2208; x_wconf 86' lang='lat' dir='ltr'>quis</span> <span class='ocrx_word' id='word_1_275' title='bbox 1099 2157 1162 2194; x_wconf 72' lang='lat' dir='ltr'>&#39;de</span> <span class='ocrx_word' id='word_1_276' title='bbox 1189 2157 1251 2202; x_wconf 81' lang='lat' dir='ltr'>iis,</span> <span class='ocrx_word' id='word_1_277' title='bbox 1287 2170 1385 2209; x_wconf 88' lang='lat' dir='ltr'>quos</span> <span class='ocrx_word' id='word_1_278' title='bbox 1406 2156 1551 2195; x_wconf 86' lang='lat' dir='ltr'>amicos</span> <span class='ocrx_word' id='word_1_279' title='bbox 1582 2156 1694 2195; x_wconf 84' lang='lat' dir='ltr'>nobis</span> <span class='ocrx_word' id='word_1_280' title='bbox 1716 2169 1776 2193; x_wconf 87' lang='lat' dir='ltr'>ar-</span> 
     </span>
     <span class='ocr_line' id='line_1_32' title="bbox 379 2220 1777 2274; baseline 0 -17"><span class='ocrx_word' id='word_1_281' title='bbox 379 2220 582 2266; x_wconf 84' lang='lat' dir='ltr'>bitramur,</span> <span class='ocrx_word' id='word_1_282' title='bbox 613 2222 682 2274; x_wconf 90' lang='lat' dir='ltr'>qui</span> <span class='ocrx_word' id='word_1_283' title='bbox 713 2222 838 2260; x_wconf 87' lang='lat' dir='ltr'>nostra</span> <span class='ocrx_word' id='word_1_284' title='bbox 857 2221 1014 2260; x_wconf 84' lang='lat' dir='ltr'>confilia</span> <span class='ocrx_word' id='word_1_285' title='bbox 1044 2221 1090 2259; x_wconf 87' lang='lat' dir='ltr'>ad</span> <span class='ocrx_word' id='word_1_286' title='bbox 1121 2222 1347 2260; x_wconf 86' lang='lat' dir='ltr'>adversarios</span> <span class='ocrx_word' id='word_1_287' title='bbox 1376 2221 1552 2260; x_wconf 87' lang='lat' dir='ltr'>deferat?</span> <span class='ocrx_word' id='word_1_288' title='bbox 1585 2221 1777 2272; x_wconf 85' lang='lat' dir='ltr'>Qisnam</span> 
     </span>
     <span class='ocr_line' id='line_1_33' title="bbox 380 2284 1778 2341; baseline 0.001 -19"><span class='ocrx_word' id='word_1_289' title='bbox 380 2286 453 2323; x_wconf 88' lang='lat' dir='ltr'>tibi</span> <span class='ocrx_word' id='word_1_290' title='bbox 474 2284 549 2323; x_wconf 91' lang='lat' dir='ltr'>hoc</span> <span class='ocrx_word' id='word_1_291' title='bbox 579 2289 844 2326; x_wconf 83' lang='lat' dir='ltr'>renuntiavit?</span> <span class='ocrx_word' id='word_1_292' title='bbox 876 2289 963 2340; x_wconf 89' lang='lat' dir='ltr'>quis</span> <span class='ocrx_word' id='word_1_293' title='bbox 991 2297 1071 2325; x_wconf 88' lang='lat' dir='ltr'>tarn</span> <span class='ocrx_word' id='word_1_294' title='bbox 1090 2288 1291 2341; x_wconf 86' lang='lat' dir='ltr'>improbus</span> <span class='ocrx_word' id='word_1_295' title='bbox 1318 2287 1426 2326; x_wconf 89' lang='lat' dir='ltr'>fuit?</span> <span class='ocrx_word' id='word_1_296' title='bbox 1457 2288 1521 2326; x_wconf 88' lang='lat' dir='ltr'>cui</span> <span class='ocrx_word' id='word_1_297' title='bbox 1547 2301 1617 2339; x_wconf 89' lang='lat' dir='ltr'>ego</span> <span class='ocrx_word' id='word_1_298' title='bbox 1648 2295 1778 2324; x_wconf 86' lang='lat' dir='ltr'>autem</span> 
     </span>
     <span class='ocr_line' id='line_1_34' title="bbox 380 2352 1779 2408; baseline 0 -19"><span class='ocrx_word' id='word_1_299' title='bbox 380 2352 555 2390; x_wconf 79' lang='lat' dir='ltr'>narravi?</span> <span class='ocrx_word' id='word_1_300' title='bbox 587 2353 733 2399; x_wconf 86' lang='lat' dir='ltr'>Nemo,</span> <span class='ocrx_word' id='word_1_301' title='bbox 756 2364 801 2392; x_wconf 85' lang='lat' dir='ltr'>ut</span> <span class='ocrx_word' id='word_1_302' title='bbox 819 2355 972 2407; x_wconf 87' lang='lat' dir='ltr'>opinor,</span> <span class='ocrx_word' id='word_1_303' title='bbox 994 2354 1034 2392; x_wconf 91' lang='lat' dir='ltr'>in</span> <span class='ocrx_word' id='word_1_304' title='bbox 1054 2355 1170 2408; x_wconf 86' lang='lat' dir='ltr'>culpa</span> <span class='ocrx_word' id='word_1_305' title='bbox 1190 2354 1266 2399; x_wconf 88' lang='lat' dir='ltr'>est;</span> <span class='ocrx_word' id='word_1_306' title='bbox 1299 2354 1361 2392; x_wconf 91' lang='lat' dir='ltr'>sed</span> <span class='ocrx_word' id='word_1_307' title='bbox 1381 2354 1570 2392; x_wconf 84' lang='lat' dir='ltr'>nimirum</span> <span class='ocrx_word' id='word_1_308' title='bbox 1592 2352 1664 2389; x_wconf 88' lang='lat' dir='ltr'>tibi</span> <span class='ocrx_word' id='word_1_309' title='bbox 1684 2352 1779 2390; x_wconf 90' lang='lat' dir='ltr'>istuc</span> 
     </span>
     <span class='ocr_line' id='line_1_35' title="bbox 373 2418 1781 2472; baseline 0.001 -16"><span class='ocrx_word' id='word_1_310' title='bbox 373 2419 440 2457; x_wconf 67' lang='lat' dir='ltr'>‘lex</span> <span class='ocrx_word' id='word_1_311' title='bbox 462 2418 540 2472; x_wconf 84' lang='lat' dir='ltr'>ipsa</span> <span class='ocrx_word' id='word_1_312' title='bbox 560 2420 807 2458; x_wconf 86' lang='lat' dir='ltr'>renuntiavit.</span> <span class='ocrx_word' id='word_1_313' title='bbox 841 2421 915 2458; x_wconf 88' lang='lat' dir='ltr'>Sed</span> <span class='ocrx_word' id='word_1_314' title='bbox 946 2433 1044 2458; x_wconf 90' lang='lat' dir='ltr'>num</span> <span class='ocrx_word' id='word_1_315' title='bbox 1065 2421 1138 2459; x_wconf 87' lang='lat' dir='ltr'>tibi</span> <span class='ocrx_word' id='word_1_316' title='bbox 1160 2421 1212 2459; x_wconf 86' lang='lat' dir='ltr'>ita</span> <span class='ocrx_word' id='word_1_317' title='bbox 1231 2419 1438 2458; x_wconf 74' lang='lat' dir='ltr'>defendisse</span> <span class='ocrx_word' id='word_1_318' title='bbox 1459 2419 1602 2463; x_wconf 87' lang='lat' dir='ltr'>videor,</span> <span class='ocrx_word' id='word_1_319' title='bbox 1636 2427 1680 2457; x_wconf 85' lang='lat' dir='ltr'>ut</span> <span class='ocrx_word' id='word_1_320' title='bbox 1701 2428 1781 2457; x_wconf 82' lang='lat' dir='ltr'>tota</span> 
     </span>
     <span class='ocr_line' id='line_1_36' title="bbox 379 2483 1779 2538; baseline 0.001 -16"><span class='ocrx_word' id='word_1_321' title='bbox 379 2485 420 2522; x_wconf 89' lang='lat' dir='ltr'>in</span> <span class='ocrx_word' id='word_1_322' title='bbox 455 2484 563 2523; x_wconf 83' lang='lat' dir='ltr'>causa</span> <span class='ocrx_word' id='word_1_323' title='bbox 597 2485 838 2524; x_wconf 87' lang='lat' dir='ltr'>mentionem</span> <span class='ocrx_word' id='word_1_324' title='bbox 874 2486 995 2525; x_wconf 82' lang='lat' dir='ltr'>ullam</span> <span class='ocrx_word' id='word_1_325' title='bbox 1029 2484 1189 2524; x_wconf 86' lang='lat' dir='ltr'>fecerim</span> <span class='ocrx_word' id='word_1_326' title='bbox 1221 2486 1315 2538; x_wconf 81' lang='lat' dir='ltr'>legis</span> <span class='ocrx_word' id='word_1_327' title='bbox 1336 2486 1348 2521; x_wconf 88' lang='lat'>?</span> <span class='ocrx_word' id='word_1_328' title='bbox 1392 2483 1506 2522; x_wconf 87' lang='lat' dir='ltr'>Num</span> <span class='ocrx_word' id='word_1_329' title='bbox 1541 2484 1645 2523; x_wconf 80' lang='lat' dir='ltr'>secus</span> <span class='ocrx_word' id='word_1_330' title='bbox 1679 2483 1779 2524; x_wconf 84' lang='lat' dir='ltr'>hanc</span> 
     </span>
    </p>

    <p class='ocr_par' dir='ltr' id='par_1_6' title="bbox 1385 2551 1475 2589">
     <span class='ocr_line' id='line_1_37' title="bbox 1385 2551 1475 2589; baseline 0.022 -2"><span class='ocrx_word' id='word_1_331' title='bbox 1385 2551 1423 2588; x_wconf 84' lang='lat' dir='ltr'><strong>K</strong></span> <span class='ocrx_word' id='word_1_332' title='bbox 1455 2563 1475 2589; x_wconf 85' lang='lat'>2</span> 
     </span>
    </p>
   </div>
  </div>
 </body>
</html>
