2212 2835
725 132 906 174 POST
964 126 1337 170 REDITUM.
1649 135 1724 177 343

335 241 483 281 versari.
516 239 592 279 His
614 237 736 277 utitur
755 235 858 289 quasi
879 232 1065 288 praefecsstis
1087 230 1296 269 libidinum
1318 227 1495 270 suarum3
1524 223 1566 264 hi
1587 224 1727 278 volup-

337 318 430 348 tates
461 319 595 346 omnes
622 304 807 356 vestigant
833 310 947 354 atque
974 299 1207 339 odorantur;
1240 294 1281 333 hi
1309 294 1395 332 sunt
1423 291 1640 330 conditores
1665 291 1728 328 in-

338 373 611 426 structoresque
631 369 829 413 convivii3
861 366 981 405 iidem
1001 363 1226 417 expendunt
1248 369 1361 412 atque
1383 358 1568 397 aestimant
1589 357 1730 410 volup-

339 451 433 480 tates
450 470 461 486 ,
493 438 798 488 sententiamque
818 434 954 472 dicunt
974 440 1012 468 et
1031 430 1205 481 judicant
1223 456 1233 472 ,
1265 435 1455 478 quantum
1475 425 1617 476 cuique
1637 423 1731 462 libi-

340 508 421 546 dini
443 504 694 544 tribuendum
714 500 785 539 esse
810 499 995 537 videatur.
1028 496 1188 534 Horum
1215 492 1280 530 ille
1307 490 1452 529 artibus
1482 489 1652 527 eruditus
1681 489 1734 527 ita

339 569 570 623 contempfit
589 568 688 606 hanc
710 562 1022 619 pudentiffimam
1044 560 1242 598 civitatem
1259 585 1270 602 ‚
1303 566 1346 594 ut
1373 567 1507 593 omnes
1534 553 1614 591 suas
1640 553 1733 591 libi-

339 637 461 681 dines,
492 634 625 673 omnia
653 630 812 684 flagitia,
843 629 958 667 latere
986 624 1087 680 poffe
1106 624 1364 667 arbitraretur,
1396 620 1422 659 fi
1444 619 1561 658 modo
1581 618 1736 657 vultum

341 703 614 756 importunum
633 700 674 737 in
695 697 825 737 forum
847 693 1050 734 detuliffet.

396 769 490 807 VII.
524 769 560 806 Is
591 780 654 805 me
687 765 927 817 (quanquam
958 773 1021 798 me
1048 758 1208 811 quidem
1235 768 1342 800 non;
1375 765 1583 807 cognoram
1613 751 1735 797 enim,

342 845 497 890 propter
517 833 702 872 Pisonum
722 830 949 869 affinitatem
968 855 979 872 ‚
1010 838 1129 878 quam
1156 824 1271 876 longe
1296 821 1403 859 hunc
1429 820 1476 858 ab
1504 818 1579 857 hoc
1600 830 1738 871 genere

344 901 523 955 cognatio
544 908 715 938 materna
739 894 983 948 Transalpini
1010 891 1203 945 sanguinis
1224 887 1447 938 abstulisset)
1471 886 1533 925 sed
1553 899 1633 930 vos,
1666 897 1738 937 po-

345 969 563 1023 pulumque
583 967 823 1008 Romanum,
855 975 933 1000 non
953 959 1125 1003 confilio,
1155 970 1280 1009 neque
1307 953 1542 1007 eloquentia,
1573 952 1677 1004 quod
1698 951 1740 989 in

346 1036 482 1075 multis
503 1034 598 1088 saepe
617 1032 780 1076 accidit,
810 1029 872 1068 sed
892 1028 1012 1080 rugis,
1043 1024 1337 1078 supercilioque,
1369 1020 1532 1073 decepit.
1566 1020 1614 1057 L.
1638 1017 1740 1061 Piso,

347 1111 440 1142 tune
469 1100 578 1140 ausus
608 1112 647 1137 es
678 1098 749 1137 isto
776 1095 905 1139 oculo,
938 1106 1016 1131 non
1046 1091 1174 1130 dicam
1205 1089 1274 1127 isto
1303 1087 1433 1126 animo
1450 1104 1461 1130 3
1498 1085 1565 1123 ista
1599 1083 1740 1127 fronte,

350 1183 427 1208 non
454 1168 531 1207 vita
546 1185 558 1212 3
590 1173 697 1204 tanto
724 1161 940 1216 supercilio,
972 1172 1049 1198 non
1077 1157 1182 1195 enim
1211 1153 1362 1208 pofi'um
1389 1153 1512 1191 dicere
1539 1150 1653 1190 tantis
1680 1162 1742 1187 re·-

349 1235 421 1273 bus
455 1232 582 1286 gestis,
619 1243 712 1268 cum
748 1230 798 1266 A.
830 1225 1002 1265 Gabinio
1036 1221 1253 1262 consociare
1286 1218 1442 1258 confilia
1472 1217 1581 1270 pestis
1614 1215 1741 1253 mete?

348 1301 444 1340 Non
465 1308 502 1338 te
521 1298 627 1336 illius
650 1302 938 1349 unguentorum
960 1291 1068 1335 odor,
1099 1302 1177 1327 non
1198 1287 1278 1325 vini
1298 1285 1505 1329 anhelitus,
1537 1295 1614 1321 non
1638 1281 1743 1319 frons

349 1365 553 1407 calamistri
574 1372 704 1402 notata
723 1360 889 1413 vestigiis
904 1388 915 1404 ,
946 1359 987 1396 in
1007 1370 1093 1395 eam
1113 1353 1390 1408 cogitationem
1410 1350 1643 1393 adducebat,
1675 1356 1745 1393 ut,

350 1447 442 1472 cum
461 1431 567 1470 illius
588 1443 626 1468 re
646 1427 784 1467 fimilis
805 1424 933 1464 fuiffes
952 1452 963 1469 ,
993 1422 1133 1460 frontis
1160 1419 1233 1458 tibi
1254 1419 1524 1471 integumento
1544 1415 1590 1454 ad
1610 1413 1745 1453 occul-

351 1500 464 1539 tanda
497 1506 601 1536 tanta
633 1495 778 1548 flagitia
810 1491 956 1530 dlutius
991 1489 1050 1527 uti
1084 1500 1162 1525 non
1195 1485 1360 1524 liceret?
1397 1485 1502 1522 Cum
1535 1482 1612 1521 hoc
1645 1480 1747 1520 coire

353 1565 460 1604 ausus
481 1576 519 1601 es
536 1592 547 1608 ‚
580 1570 623 1600 ut
643 1559 881 1599 consularem
901 1555 1133 1608 dignitatem
1148 1581 1159 1597 ‚
1191 1560 1234 1589 ut
1254 1550 1476 1603 reipublicae
1505 1549 1644 1587 statum
1663 1576 1674 1591 ‚
1706 1554 1749 1583 ut

354 1632 501 1670 senatus
521 1628 786 1667 auctoritatem
804 1654 814 1669 ,
848 1632 890 1661 ut
910 1621 1004 1660 civis
1025 1619 1174 1673 optime
1201 1617 1330 1656 meriti
1357 1614 1529 1654 fortunas
1548 1643 1558 1659 ‚
1589 1612 1747 1666 provin-

355 1699 503 1736 ciarum
523 1695 667 1733 foedere
687 1692 877 1732 addiceres
900 1690 912 1727 ?
945 1689 1005 1727 Te
1024 1685 1179 1725 consule
1196 1713 1206 1729 ,
1239 1684 1313 1722 tuis
1335 1682 1466 1721 edictis
1487 1690 1525 1718 et
1545 1678 1718 1732 imperiis
1736 1705 1747 1722 ,

357 1763 501 1803 senatui
522 1761 746 1816 populoque
768 1759 948 1796 Romano
976 1767 1054 1792 non
1081 1751 1133 1790 est
1159 1751 1328 1795 licitum,
1360 1762 1437 1788 non
1459 1746 1576 1786 modo
1596 1745 1748 1783 senten-

357 1832 420 1870 tiis
440 1839 555 1882 atque
575 1826 798 1866 auctoritate
818 1823 881 1861 sua
897 1851 909 1868 ‚
941 1821 1001 1860 sed
1023 1833 1070 1858 ne
1098 1819 1204 1856 lustu
1226 1816 1386 1869 quidem
1416 1828 1457 1852 ac
1479 1813 1614 1851 vestitu
1633 1840 1643 1856 ‚
1674 1811 1751 1848 rei-

357 1897 522 1951 publicae
550 1894 757 1933 subvenire.
791 1893 981 1943 Capuaene
1009 1896 1046 1925 te
1074 1886 1232 1938 putabas
1250 1913 1260 1929 ,
1292 1884 1332 1921 in
1360 1895 1436 1935 qua
1459 1880 1553 1919 urbe
1580 1877 1749 1917 domici-

359 1965 458 2002 lium
481 1961 676 2014 quondam
699 1958 881 2011 superbiae
901 1955 991 2000 fuit,
1013 1952 1210 1992 consulem
1231 1949 1301 1988 effe
1318 1979 1329 1994 ,
1361 1949 1456 1987 ficut
1483 1959 1561 1985 eras
1585 1959 1630 1983 eo
1651 1954 1752 1982 tem-

364 2043 477 2082 pore,
500 2042 546 2066 an
568 2029 718 2071 Romae‚
742 2026 781 2063 in
803 2037 879 2077 qua
899 2022 1053 2060 civitate
1072 2031 1206 2058 omnes
1227 2025 1314 2055 ante
1334 2029 1400 2055 vos
1420 2013 1591 2053 consules
1613 2009 1755 2049 senatui

363 2105 567 2150 paruerunt
586 2096 598 2131 ?

419 2163 485 2199 Tu
507 2174 544 2198 es
570 2159 676 2197 ausus
699 2158 738 2196 in
766 2157 882 2196 Circo
910 2152 1106 2193 Flaminio
1135 2151 1342 2204 produd‘tus
1369 2161 1462 2185 cum
1493 2155 1559 2183 tuo
1587 2143 1654 2180 illo
1676 2140 1754 2193 pari

365 2229 487 2266 dicere
503 2256 512 2271 ‚
544 2235 580 2263 te
602 2225 747 2277 semper
767 2220 1053 2261 misericordem
1074 2217 1184 2256 fuiffe
1206 2217 1219 2253 ?
1251 2228 1329 2268 quo
1355 2213 1473 2252 verbo
1500 2211 1669 2248 senatum
1696 2215 1755 2243 at-

366 2307 440 2346 que
461 2304 594 2330 ornnes
616 2290 735 2327 bonos
757 2298 857 2332 tum,
888 2299 979 2324 cum
1001 2299 1020 2322 a
1050 2283 1169 2336 patria
1186 2280 1330 2334 pestem
1350 2275 1588 2330 depulissem,
1619 2272 1756 2309 crude-

366 2360 418 2398 les
439 2354 718 2395 demonstrabas
740 2352 862 2390 fuifl'e.
893 2353 958 2389 Tu
980 2349 1191 2387 misericors
1214 2359 1290 2389 me,
1313 2344 1468 2381 affinem
1488 2349 1615 2382 tuum,
1638 2349 1756 2389 quem

367 2424 535 2465 comitiis
582 2418 835 2473 praerogativae
880 2417 1054 2469 primum
1099 2412 1296 2451 custodem
1340 2405 1558 2461 praefeceras
1580 2432 1592 2449 ,
1640 2416 1756 2456 quem
