2212 2835
532 155 612 205 ,με
1030 150 1433 190 ORATIO

534 258 671 295 urbem
691 263 806 307 atque
828 254 978 292 Italiam
998 252 1178 292 fanorum
1199 251 1444 298 haberemus,
1475 260 1606 290 tamen
1626 251 1743 290 nostri
1763 251 1931 305 impera-

535 332 633 360 tores
654 321 834 360 maximis
855 330 892 358 et
913 320 1235 373 periculofiffimis
1257 319 1369 357 bellis
1390 317 1484 357 huic
1506 319 1599 357 Deae
1625 327 1712 357 vota
1736 317 1904 356 facerent
1920 347 1932 363 ,

534 401 655 439 eaque
674 388 714 424 in
735 386 817 440 ipso
839 386 1058 425 Peffinunte
1078 386 1124 424 ad
1144 385 1253 423 illam
1280 385 1399 438 ipsam
1426 384 1643 438 principem
1669 397 1772 422 aram
1789 412 1800 429 ‚
1830 392 1869 421 et
1893 383 1934 420 in

534 455 605 492 illo
624 455 712 493 loco
732 453 913 506 fanoque,
945 453 1213 506 persolverent.

591 520 710 572 Qod
730 534 821 558 cum
843 520 1047 572 Dejotarus
1071 519 1254 572 religione
1274 518 1337 556 sua
1362 517 1562 556 castiffime
1589 525 1757 556 tueretur
1773 547 1784 563 ‚
1815 529 1934 570 quem

535 600 661 625 unum
680 585 870 624 habemus
891 586 932 623 in
952 585 1043 623 orbe
1064 594 1250 623 terrarum
1272 584 1534 622 fideliffimum
1556 582 1649 622 huic
1669 583 1850 636 imperio,
1877 593 1935 622 at-

534 666 610 704 que
630 651 934 690 amantiffimum
954 651 1071 688 nostri
1092 651 1262 689 nominis
1278 668 1291 695 3
1323 650 1539 702 Brogitaro,
1571 658 1613 687 ut
1633 658 1720 688 ante
1740 650 1836 695 dixi,
1868 650 1936 688 ad-

535 719 684 756 dietum
704 718 868 770 pecunia
888 716 1088 754 tradidisti.
1121 718 1252 768 Atque
1272 715 1379 754 hunc
1399 726 1529 754 tamen
1551 716 1782 768 Dejotarum
1799 745 1812 762 ,
1842 715 1936 769 saepe

536 799 557 822 a
577 784 705 822 senatu
726 783 843 836 regali
862 783 1021 822 nomine
1042 783 1210 836 dignum
1231 782 1510 827 existimatum,
1541 781 1837 821 clariffirnorum
1857 783 1937 821 im-

536 859 756 904 peratorum
779 849 1008 888 testimoniis
1029 858 1209 887 ornatum
1229 877 1238 894 ,
1271 858 1313 886 tu
1339 848 1456 886 etiam
1485 860 1615 900 regem
1641 847 1823 901 appellari
1843 862 1937 887 cum

538 917 738 970 Brogitaro
753 916 882 969 jubes.
917 916 988 954 Sed
1007 916 1100 953 alter
1120 915 1172 954 est
1192 929 1257 953 rex
1273 914 1424 967 judicio
1444 913 1591 952 senatus
1610 943 1621 959 ,
1653 927 1719 967 per
1739 927 1807 952 nos
1824 932 1835 958 3
1867 927 1938 967 pe-

537 984 651 1021 cunia
672 983 908 1035 Brogitarus,
939 996 1005 1035 per
1030 991 1079 1025 te,
1110 981 1350 1034 appellatus:
1383 980 1547 1018 alterum
1568 979 1714 1033 putabo
1734 993 1878 1032 regern,
1910 980 1937 1018 s1

535 1049 715 1088 habuerit
746 1050 848 1088 unde
877 1049 951 1088 tibi
981 1049 1113 1094 solvat,
1145 1049 1250 1101 quod
1279 1048 1313 1085 ei
1344 1061 1410 1100 per
1441 1046 1696 1100 syngrapham
1727 1046 1936 1086 credidisti.

536 1117 643 1155 Nam
664 1130 757 1155 cum
779 1117 902 1155 multa
924 1116 1025 1168 regia
1045 1115 1132 1154 sunt
1152 1116 1192 1153 in
1214 1115 1412 1167 Dejotaro‚
1434 1122 1521 1152 tum
1541 1114 1607 1152 illa
1626 1114 1811 1160 maxime,
1834 1115 1939 1168 quod

537 1184 610 1222 tibi
632 1197 844 1222 nummum
865 1183 1020 1220 nullum
1041 1183 1174 1227 dedit;
1208 1182 1312 1234 quod
1339 1195 1421 1219 eam
1450 1189 1597 1233 par-tem
1618 1181 1718 1234 legis
1735 1190 1823 1227 tuae‚
1854 1195 1939 1234 quae

536 1250 774 1303 congruebat
795 1263 889 1287 cum
905 1249 1054 1301 judicio
1075 1249 1238 1293 senatus,
1270 1258 1313 1286 ut
1334 1247 1411 1301 ipse
1439 1261 1504 1285 rex
1525 1247 1627 1293 effet,
1659 1261 1735 1285 non
1758 1248 1937 1300 repudia-

536 1316 620 1360 vit;
653 1315 759 1367 quod
780 1315 1042 1353 Peffinuntem
1063 1343 1073 1358 ,
1104 1328 1171 1366 per
1191 1314 1311 1351 scelus
1338 1326 1357 1350 a
1385 1322 1420 1350 te
1440 1312 1626 1350 violatum
1647 1342 1658 1358 ,
1690 1322 1727 1350 et
1747 1312 1939 1352 sacerdote

538 1381 724 1434 sacrisque
745 1380 950 1433 spoliatum
969 1409 980 1425 ,
1012 1379 1247 1432 recuperavit
1265 1408 1275 1424 ,
1308 1388 1349 1416 ut
1371 1379 1410 1416 in
1431 1378 1587 1430 pristina
1608 1378 1793 1431 religione
1814 1378 1937 1417 serva-

537 1457 622 1493 ret;
654 1447 759 1500 quod
780 1446 1040 1491 caeremonias,
1071 1446 1118 1483 ab
1138 1445 1247 1483 omni
1268 1445 1450 1483 vetustate
1477 1453 1666 1497 acceptas,
1697 1459 1717 1482 a
1738 1446 1940 1498 Brogitaro

537 1514 661 1567 pollui
681 1526 761 1551 non
780 1511 895 1556 finit,
928 1511 1155 1563 mavultque
1175 1524 1360 1564 generum
1381 1510 1494 1548 suum
1515 1524 1675 1548 munere
1696 1519 1788 1555 tuo,
1820 1525 1940 1563 quam

537 1580 635 1618 illud
655 1579 792 1618 fanum
812 1578 1041 1631 antiquitate
1061 1577 1274 1630 religioni3‚
1296 1590 1435 1615 carere.
1467 1576 1553 1622 Sed,
1575 1586 1619 1615 ut
1638 1576 1684 1615 ad
1704 1576 1787 1617 haec
1806 1575 1940 1616 harus⁴

538 1647 672 1699 picum
695 1645 866 1699 responsa
889 1645 1039 1683 redeam
1058 1673 1069 1689 ,
1101 1658 1148 1682 ex
1175 1643 1317 1696 quibus
1345 1643 1398 1681 est
1426 1643 1601 1696 primum
1622 1643 1668 1681 de
1689 1642 1818 1689 ludis,
1850 1645 1939 1697 quis

537 1713 605 1758 est,
622 1713 689 1765 qui
709 1713 748 1751 id
765 1725 843 1750 non
860 1720 987 1749 toturn
1008 1710 1048 1749 in
1066 1709 1171 1748 istius
1187 1710 1297 1748 ludos
1314 1709 1547 1762 fpraedistum
1568 1718 1606 1747 et
1625 1709 1846 1762 responsum
1866 1709 1939 1747 effe

539 1779 703 1818 fateatur
721 1780 734 1816 ?
767 1779 947 1831 Sequitur
967 1777 1014 1815 de
1035 1776 1129 1814 locis
1150 1776 1275 1821 sacris,
1307 1775 1504 1827 religiofis.

597 1846 708 1883 XIV.
743 1845 779 1882 O
802 1843 1088 1896 impudentiam
1110 1843 1249 1880 miram
1269 1841 1276 1878 l
1309 1841 1355 1879 de
1382 1854 1471 1879 mea—
1491 1841 1611 1879 domo
1637 1842 1762 1880 dicere
1789 1842 1902 1880 audes
1923 1844 1936 1881 ?

543 1906 762 1945 Committe
789 1904 848 1943 vel
875 1904 1113 1949 consulibus,
1144 1903 1203 1942 vel
1233 1903 1392 1947 senatui,
1424 1902 1483 1940 vel
1504 1903 1671 1956 collegio
1691 1903 1939 1956 pontificum,

542 1983 664 2011 tuam.
698 1973 756 2010 Ac
777 1984 863 2009 mea
881 1970 1041 2023 quidem
1062 1969 1123 2009 his
1146 1970 1267 2009 tribus
1290 1969 1472 2008 omnibus
1487 1969 1645 2022 judiciis
1662 1999 1673 2016 ‚
1706 1980 1748 2008 ut
1769 1970 1851 2010 dixi
1870 1985 1940 2010 an-

542 2048 614 2083 tea,
645 2037 804 2075 liberata
823 2036 887 2075 est.
920 2038 976 2074 At
995 2037 1036 2074 in
1055 2036 1102 2074 iis
1122 2036 1282 2080 aedibus,
1314 2048 1407 2088 quas
1429 2044 1484 2080 tu,
1508 2036 1684 2088 QSeio,
1706 2037 1836 2089 equite
1857 2037 1941 2075 Ro„

545 2117 676 2149 mano,
697 2103 779 2142 viro
797 2103 963 2156 optimo,
985 2116 1050 2156 per
1070 2112 1106 2140 te
1126 2102 1354 2155 apertiffime
1375 2100 1591 2147 intersteto,
1617 2111 1736 2147 tenes,
1758 2102 1945 2142 sacellum·

545 2171 634 2209 dico
653 2168 762 2207 fuiffe
782 2178 820 2208 et
840 2182 917 2207 aras
937 2183 946 2207 ε
980 2168 1120 2207 tabulis
1140 2167 1216 2207 hoc
1236 2167 1457 2214 censorum,
1489 2168 1676 2206 memoria
1696 2169 1912 2207 multorum
1926 2197 1939 2214 ,

544 2236 708 2275 firmabo
738 2249 780 2274 ac
812 2235 972 2274 docebo.
1006 2236 1157 2288 Agatur
1187 2234 1305 2273 modo
1333 2233 1414 2273 haec
1447 2248 1518 2281 τες,
1549 2234 1655 2287 quod
1686 2248 1733 2273 ex
1764 2249 1808 2273 eo
1835 2235 1940 2273 sena-

545 2301 821 2347 tus-consulto,
852 2301 957 2353 quod
977 2315 1100 2354 nuper
1119 2301 1171 2339 est
1191 2300 1353 2346 fastum,
1385 2299 1515 2339 referri
1543 2301 1589 2339 ad
1610 2314 1675 2339 vos
1697 2301 1840 2340 neceffe
1859 2300 1911 2338 est
1925 2318 1939 2345 ς

544 2369 667 2407 habeo
684 2397 695 2413 ‚
726 2382 812 2421 quae
839 2368 885 2406 de
909 2368 1005 2406 locis
1034 2368 1217 2421 religiosis
1238 2367 1355 2405 velim
1374 2367 1512 2406 dicere.
1546 2369 1651 2406 Cum
1672 2367 1718 2405 de
1738 2367 1855 2405 domo
1876 2375 1941 2404 tua

546 2436 689 2480 dixero,
723 2436 761 2474 in
797 2448 872 2488 qua
907 2443 1036 2474 tamen
1069 2435 1123 2473 ita
1154 2433 1205 2472 est
1241 2433 1515 2473 inaedificatum
1546 2432 1745 2480 sacellum,
1773 2442 1816 2471 ut
1845 2432 1941 2471 alius
