<?xml version="1.0" encoding="UTF-8"?>
<!DOCTYPE html PUBLIC "-//W3C//DTD XHTML 1.0 Transitional//EN"
    "http://www.w3.org/TR/xhtml1/DTD/xhtml1-transitional.dtd">
<html xmlns="http://www.w3.org/1999/xhtml" xml:lang="en" lang="en">
 <head>
  <title>
</title>
<meta http-equiv="Content-Type" content="text/html;charset=utf-8" />
  <meta name='ocr-system' content='tesseract 3.04.00' />
  <meta name='ocr-capabilities' content='ocr_page ocr_carea ocr_par ocr_line ocrx_word'/>
</head>
<body>
  <div class='ocr_page' id='page_1' title='image "./operacumindicibu05ciceuoft_0224.png"; bbox 0 0 2212 2835; ppageno 0'>
   <div class='ocr_carea' id='block_1_1' title="bbox 408 158 1318 212">
    <p class='ocr_par' dir='ltr' id='par_1_1' title="bbox 408 158 1318 212">
     <span class='ocr_line' id='line_1_1' title="bbox 408 158 1318 212; baseline -0.009 -9"><span class='ocrx_word' id='word_1_1' title='bbox 408 176 486 212; x_wconf 78' lang='lat'><strong>2¹4</strong></span> <span class='ocrx_word' id='word_1_2' title='bbox 919 158 1318 197; x_wconf 86' lang='lat' dir='ltr'><strong>ORATIO</strong></span> 
     </span>
    </p>
   </div>
   <div class='ocr_carea' id='block_1_2' title="bbox 405 253 1812 2493">
    <p class='ocr_par' dir='ltr' id='par_1_2' title="bbox 405 253 1801 904">
     <span class='ocr_line' id='line_1_2' title="bbox 406 253 1794 308; baseline -0.001 -12"><span class='ocrx_word' id='word_1_3' title='bbox 406 260 455 296; x_wconf 95' lang='lat' dir='ltr'><strong>L.</strong></span> <span class='ocrx_word' id='word_1_4' title='bbox 480 259 659 302; x_wconf 85' lang='lat' dir='ltr'><strong>Murena,</strong></span> <span class='ocrx_word' id='word_1_5' title='bbox 681 267 795 308; x_wconf 82' lang='lat' dir='ltr'><strong>atque</strong></span> <span class='ocrx_word' id='word_1_6' title='bbox 815 256 866 293; x_wconf 87' lang='lat' dir='ltr'><strong>ita</strong></span> <span class='ocrx_word' id='word_1_7' title='bbox 887 255 1002 308; x_wconf 81' lang='lat' dir='ltr'><strong>paria,</strong></span> <span class='ocrx_word' id='word_1_8' title='bbox 1021 264 1064 293; x_wconf 87' lang='lat' dir='ltr'><strong>ut</strong></span> <span class='ocrx_word' id='word_1_9' title='bbox 1085 262 1208 307; x_wconf 88' lang='lat' dir='ltr'><strong>neque</strong></span> <span class='ocrx_word' id='word_1_10' title='bbox 1229 253 1306 307; x_wconf 88' lang='lat' dir='ltr'><strong>ipse</strong></span> <span class='ocrx_word' id='word_1_11' title='bbox 1327 253 1512 306; x_wconf 81' lang='lat' dir='ltr'>dignitate</span> <span class='ocrx_word' id='word_1_12' title='bbox 1533 254 1636 293; x_wconf 87' lang='lat' dir='ltr'>vinci</span> <span class='ocrx_word' id='word_1_13' title='bbox 1656 264 1794 308; x_wconf 90' lang='lat' dir='ltr'><strong>potue-</strong></span> 
     </span>
     <span class='ocr_line' id='line_1_3' title="bbox 405 320 1795 375; baseline -0.002 -14"><span class='ocrx_word' id='word_1_14' title='bbox 405 325 469 367; x_wconf 85' lang='lat' dir='ltr'><strong>rit,</strong></span> <span class='ocrx_word' id='word_1_15' title='bbox 502 337 622 375; x_wconf 81' lang='lat' dir='ltr'><strong>neque</strong></span> <span class='ocrx_word' id='word_1_16' title='bbox 652 333 686 360; x_wconf 91' lang='lat' dir='ltr'><strong>te</strong></span> <span class='ocrx_word' id='word_1_17' title='bbox 713 322 898 374; x_wconf 73' lang='lat' dir='ltr'>dignitate</span> <span class='ocrx_word' id='word_1_18' title='bbox 925 321 1119 374; x_wconf 84' lang='lat' dir='ltr'><strong>superarit.</strong></span> <span class='ocrx_word' id='word_1_19' title='bbox 1154 320 1425 373; x_wconf 80' lang='lat' dir='ltr'><strong>Contempsisti</strong></span> <span class='ocrx_word' id='word_1_20' title='bbox 1451 321 1497 358; x_wconf 89' lang='lat' dir='ltr'><strong>L.</strong></span> <span class='ocrx_word' id='word_1_21' title='bbox 1531 320 1706 359; x_wconf 82' lang='lat' dir='ltr'><strong>Murenae</strong></span> <span class='ocrx_word' id='word_1_22' title='bbox 1726 334 1795 373; x_wconf 85' lang='lat' dir='ltr'><strong>ge-</strong></span> 
     </span>
     <span class='ocr_line' id='line_1_4' title="bbox 405 386 1795 439; baseline -0.003 -12"><span class='ocrx_word' id='word_1_23' title='bbox 405 403 492 434; x_wconf 83' lang='lat' dir='ltr'><strong>nus,</strong></span> <span class='ocrx_word' id='word_1_24' title='bbox 524 389 693 428; x_wconf 82' lang='lat' dir='ltr'><strong>extulisti</strong></span> <span class='ocrx_word' id='word_1_25' title='bbox 715 399 841 426; x_wconf 84' lang='lat' dir='ltr'><strong>tuum.</strong></span> <span class='ocrx_word' id='word_1_26' title='bbox 875 389 967 439; x_wconf 83' lang='lat' dir='ltr'><strong>Qo</strong></span> <span class='ocrx_word' id='word_1_27' title='bbox 988 388 1074 426; x_wconf 92' lang='lat' dir='ltr'><strong>loco</strong></span> <span class='ocrx_word' id='word_1_28' title='bbox 1095 387 1121 425; x_wconf 85' lang='lat' dir='ltr'><strong>fi</strong></span> <span class='ocrx_word' id='word_1_29' title='bbox 1142 387 1214 425; x_wconf 88' lang='lat' dir='ltr'><strong>tibi</strong></span> <span class='ocrx_word' id='word_1_30' title='bbox 1232 386 1308 424; x_wconf 91' lang='lat' dir='ltr'><strong>hoc</strong></span> <span class='ocrx_word' id='word_1_31' title='bbox 1329 386 1462 431; x_wconf 86' lang='lat' dir='ltr'><strong>furnis,</strong></span> <span class='ocrx_word' id='word_1_32' title='bbox 1493 386 1562 424; x_wconf 82' lang='lat' dir='ltr'><strong>nisi</strong></span> <span class='ocrx_word' id='word_1_33' title='bbox 1583 387 1651 439; x_wconf 88' lang='lat' dir='ltr'><strong>qui</strong></span> <span class='ocrx_word' id='word_1_34' title='bbox 1676 386 1795 439; x_wconf 89' lang='lat' dir='ltr'><strong>patri-</strong></span> 
     </span>
     <span class='ocr_line' id='line_1_5' title="bbox 405 451 1798 506; baseline -0.003 -13"><span class='ocrx_word' id='word_1_35' title='bbox 405 456 488 493; x_wconf 80' lang='lat' dir='ltr'>cius</span> <span class='ocrx_word' id='word_1_36' title='bbox 523 456 582 500; x_wconf 85' lang='lat' dir='ltr'><strong>fit,</strong></span> <span class='ocrx_word' id='word_1_37' title='bbox 623 456 820 493; x_wconf 83' lang='lat' dir='ltr'><strong>neminem</strong></span> <span class='ocrx_word' id='word_1_38' title='bbox 853 455 955 492; x_wconf 84' lang='lat' dir='ltr'><strong>bono</strong></span> <span class='ocrx_word' id='word_1_39' title='bbox 987 453 1058 492; x_wconf 82' lang='lat' dir='ltr'><strong>effe</strong></span> <span class='ocrx_word' id='word_1_40' title='bbox 1089 467 1225 506; x_wconf 81' lang='lat' dir='ltr'><strong>genere</strong></span> <span class='ocrx_word' id='word_1_41' title='bbox 1255 462 1417 497; x_wconf 86' lang='lat' dir='ltr'><strong>natum;</strong></span> <span class='ocrx_word' id='word_1_42' title='bbox 1455 452 1563 497; x_wconf 86' lang='lat' dir='ltr'><strong>facis,</strong></span> <span class='ocrx_word' id='word_1_43' title='bbox 1599 461 1643 490; x_wconf 87' lang='lat' dir='ltr'><strong>ut</strong></span> <span class='ocrx_word' id='word_1_44' title='bbox 1673 451 1798 490; x_wconf 89' lang='lat' dir='ltr'><strong>rursus</strong></span> 
     </span>
     <span class='ocr_line' id='line_1_6' title="bbox 406 517 1799 574; baseline -0.002 -15"><span class='ocrx_word' id='word_1_45' title='bbox 406 522 514 574; x_wconf 85' lang='lat' dir='ltr'><strong>plebs</strong></span> <span class='ocrx_word' id='word_1_46' title='bbox 546 522 585 559; x_wconf 92' lang='lat' dir='ltr'><strong>in</strong></span> <span class='ocrx_word' id='word_1_47' title='bbox 618 522 861 560; x_wconf 87' lang='lat' dir='ltr'><strong>Aventinum</strong></span> <span class='ocrx_word' id='word_1_48' title='bbox 893 520 1098 559; x_wconf 80' lang='lat' dir='ltr'><strong>sevocanda</strong></span> <span class='ocrx_word' id='word_1_49' title='bbox 1129 520 1200 558; x_wconf 82' lang='lat' dir='ltr'><strong>effe</strong></span> <span class='ocrx_word' id='word_1_50' title='bbox 1231 520 1414 557; x_wconf 84' lang='lat' dir='ltr'><strong>videatur.</strong></span> <span class='ocrx_word' id='word_1_51' title='bbox 1452 519 1517 557; x_wconf 84' lang='lat' dir='ltr'><strong>Sin</strong></span> <span class='ocrx_word' id='word_1_52' title='bbox 1549 527 1677 556; x_wconf 87' lang='lat' dir='ltr'><strong>autern</strong></span> <span class='ocrx_word' id='word_1_53' title='bbox 1712 517 1799 556; x_wconf 87' lang='lat' dir='ltr'><strong>sunt</strong></span> 
     </span>
     <span class='ocr_line' id='line_1_7' title="bbox 406 584 1798 639; baseline -0.003 -15"><span class='ocrx_word' id='word_1_54' title='bbox 406 587 543 639; x_wconf 83' lang='lat' dir='ltr'><strong>amplae</strong></span> <span class='ocrx_word' id='word_1_55' title='bbox 570 596 607 624; x_wconf 89' lang='lat' dir='ltr'><strong>et</strong></span> <span class='ocrx_word' id='word_1_56' title='bbox 634 586 797 625; x_wconf 85' lang='lat' dir='ltr'><strong>honestae</strong></span> <span class='ocrx_word' id='word_1_57' title='bbox 823 586 981 624; x_wconf 78' lang='lat' dir='ltr'><strong>familiae</strong></span> <span class='ocrx_word' id='word_1_58' title='bbox 1007 585 1193 638; x_wconf 81' lang='lat' dir='ltr'><strong>plebeiae;</strong></span> <span class='ocrx_word' id='word_1_59' title='bbox 1225 594 1263 623; x_wconf 90' lang='lat' dir='ltr'><strong>et</strong></span> <span class='ocrx_word' id='word_1_60' title='bbox 1284 598 1444 638; x_wconf 86' lang='lat' dir='ltr'><strong>proavus</strong></span> <span class='ocrx_word' id='word_1_61' title='bbox 1466 585 1514 622; x_wconf 89' lang='lat' dir='ltr'><strong>L.</strong></span> <span class='ocrx_word' id='word_1_62' title='bbox 1538 584 1729 628; x_wconf 82' lang='lat' dir='ltr'><strong>Murenae,</strong></span> <span class='ocrx_word' id='word_1_63' title='bbox 1760 592 1798 621; x_wconf 93' lang='lat' dir='ltr'><strong>et</strong></span> 
     </span>
     <span class='ocr_line' id='line_1_8' title="bbox 406 647 1797 706; baseline -0.003 -16"><span class='ocrx_word' id='word_1_64' title='bbox 406 666 511 697; x_wconf 87' lang='lat' dir='ltr'><strong>avus,</strong></span> <span class='ocrx_word' id='word_1_65' title='bbox 543 663 718 706; x_wconf 82' lang='lat' dir='ltr'><strong>praetores</strong></span> <span class='ocrx_word' id='word_1_66' title='bbox 740 652 910 696; x_wconf 87' lang='lat' dir='ltr'><strong>fuerunt,</strong></span> <span class='ocrx_word' id='word_1_67' title='bbox 941 662 978 689; x_wconf 91' lang='lat' dir='ltr'><strong>et</strong></span> <span class='ocrx_word' id='word_1_68' title='bbox 997 661 1115 704; x_wconf 87' lang='lat' dir='ltr'><strong>pater,</strong></span> <span class='ocrx_word' id='word_1_69' title='bbox 1147 665 1239 689; x_wconf 89' lang='lat' dir='ltr'><strong>cum</strong></span> <span class='ocrx_word' id='word_1_70' title='bbox 1266 650 1495 703; x_wconf 85' lang='lat' dir='ltr'><strong>ampliffirne</strong></span> <span class='ocrx_word' id='word_1_71' title='bbox 1521 658 1636 702; x_wconf 90' lang='lat' dir='ltr'><strong>atque</strong></span> <span class='ocrx_word' id='word_1_72' title='bbox 1656 647 1797 687; x_wconf 91' lang='lat' dir='ltr'><strong>hones—</strong></span> 
     </span>
     <span class='ocr_line' id='line_1_9' title="bbox 408 715 1799 771; baseline -0.003 -15"><span class='ocrx_word' id='word_1_73' title='bbox 408 718 547 756; x_wconf 82' lang='lat' dir='ltr'><strong>tifiime</strong></span> <span class='ocrx_word' id='word_1_74' title='bbox 578 733 624 757; x_wconf 78' lang='lat' dir='ltr'><strong>ex</strong></span> <span class='ocrx_word' id='word_1_75' title='bbox 657 729 818 771; x_wconf 86' lang='lat' dir='ltr'><strong>praetura</strong></span> <span class='ocrx_word' id='word_1_76' title='bbox 849 716 1129 769; x_wconf 81' lang='lat' dir='ltr'><strong>triumphasset,</strong></span> <span class='ocrx_word' id='word_1_77' title='bbox 1160 715 1235 754; x_wconf 93' lang='lat' dir='ltr'><strong>hoc</strong></span> <span class='ocrx_word' id='word_1_78' title='bbox 1267 715 1482 754; x_wconf 85' lang='lat' dir='ltr'><strong>faciliorem</strong></span> <span class='ocrx_word' id='word_1_79' title='bbox 1511 715 1605 754; x_wconf 90' lang='lat' dir='ltr'>huic</span> <span class='ocrx_word' id='word_1_80' title='bbox 1636 715 1799 768; x_wconf 87' lang='lat' dir='ltr'><strong>gradum</strong></span> 
     </span>
     <span class='ocr_line' id='line_1_10' title="bbox 408 782 1801 837; baseline -0.002 -15"><span class='ocrx_word' id='word_1_81' title='bbox 408 785 625 824; x_wconf 82' lang='lat' dir='ltr'><strong>consulatus</strong></span> <span class='ocrx_word' id='word_1_82' title='bbox 660 784 892 837; x_wconf 86' lang='lat' dir='ltr'><strong>adipiscendi</strong></span> <span class='ocrx_word' id='word_1_83' title='bbox 924 783 1094 835; x_wconf 88' lang='lat' dir='ltr'><strong>reliquit,</strong></span> <span class='ocrx_word' id='word_1_84' title='bbox 1130 783 1236 834; x_wconf 87' lang='lat' dir='ltr'><strong>quod</strong></span> <span class='ocrx_word' id='word_1_85' title='bbox 1268 783 1314 827; x_wconf 87' lang='lat' dir='ltr'><strong>is,</strong></span> <span class='ocrx_word' id='word_1_86' title='bbox 1339 783 1422 834; x_wconf 89' lang='lat' dir='ltr'><strong>jam</strong></span> <span class='ocrx_word' id='word_1_87' title='bbox 1452 783 1551 834; x_wconf 85' lang='lat' dir='ltr'><strong>patri</strong></span> <span class='ocrx_word' id='word_1_88' title='bbox 1578 782 1745 827; x_wconf 90' lang='lat' dir='ltr'><strong>debitus,</strong></span> <span class='ocrx_word' id='word_1_89' title='bbox 1780 795 1801 819; x_wconf 89' lang='lat' dir='ltr'><strong>a</strong></span> 
     </span>
     <span class='ocr_line' id='line_1_11' title="bbox 407 851 726 904; baseline 0 -14"><span class='ocrx_word' id='word_1_90' title='bbox 407 851 489 890; x_wconf 87' lang='lat' dir='ltr'>filio</span> <span class='ocrx_word' id='word_1_91' title='bbox 512 852 726 904; x_wconf 82' lang='lat' dir='ltr'><strong>petebatur.</strong></span> 
     </span>
    </p>

    <p class='ocr_par' dir='ltr' id='par_1_3' title="bbox 407 914 1810 1833">
     <span class='ocr_line' id='line_1_12' title="bbox 465 914 1802 970; baseline -0.002 -15"><span class='ocrx_word' id='word_1_92' title='bbox 465 920 553 956; x_wconf 80' lang='lat' dir='ltr'><strong>Tua</strong></span> <span class='ocrx_word' id='word_1_93' title='bbox 573 932 660 957; x_wconf 87' lang='lat' dir='ltr'><strong>vero</strong></span> <span class='ocrx_word' id='word_1_94' title='bbox 680 918 875 963; x_wconf 81' lang='lat' dir='ltr'><strong>nobilitas,</strong></span> <span class='ocrx_word' id='word_1_95' title='bbox 908 918 1010 956; x_wconf 86' lang='lat' dir='ltr'><strong>Servi</strong></span> <span class='ocrx_word' id='word_1_96' title='bbox 1032 917 1192 970; x_wconf 83' lang='lat' dir='ltr'>Sulpici,</span> <span class='ocrx_word' id='word_1_97' title='bbox 1224 916 1371 954; x_wconf 89' lang='lat' dir='ltr'><strong>tametfi</strong></span> <span class='ocrx_word' id='word_1_98' title='bbox 1399 916 1549 954; x_wconf 89' lang='lat' dir='ltr'><strong>summa</strong></span> <span class='ocrx_word' id='word_1_99' title='bbox 1575 914 1642 960; x_wconf 92' lang='lat' dir='ltr'><strong>est,</strong></span> <span class='ocrx_word' id='word_1_100' title='bbox 1673 923 1802 953; x_wconf 89' lang='lat' dir='ltr'><strong>tamen</strong></span> 
     </span>
     <span class='ocr_line' id='line_1_13' title="bbox 408 980 1802 1036; baseline -0.004 -12"><span class='ocrx_word' id='word_1_101' title='bbox 408 985 635 1024; x_wconf 87' lang='lat' dir='ltr'><strong>hominibus</strong></span> <span class='ocrx_word' id='word_1_102' title='bbox 663 986 821 1023; x_wconf 85' lang='lat' dir='ltr'><strong>literatis</strong></span> <span class='ocrx_word' id='word_1_103' title='bbox 848 995 886 1023; x_wconf 90' lang='lat' dir='ltr'><strong>et</strong></span> <span class='ocrx_word' id='word_1_104' title='bbox 911 984 1103 1023; x_wconf 91' lang='lat' dir='ltr'>historicis</span> <span class='ocrx_word' id='word_1_105' title='bbox 1124 984 1177 1022; x_wconf 89' lang='lat' dir='ltr'><strong>est</strong></span> <span class='ocrx_word' id='word_1_106' title='bbox 1197 984 1351 1028; x_wconf 80' lang='lat' dir='ltr'><strong>notior;</strong></span> <span class='ocrx_word' id='word_1_107' title='bbox 1385 982 1530 1036; x_wconf 89' lang='lat' dir='ltr'><strong>populo</strong></span> <span class='ocrx_word' id='word_1_108' title='bbox 1556 995 1643 1020; x_wconf 89' lang='lat' dir='ltr'><strong>vero</strong></span> <span class='ocrx_word' id='word_1_109' title='bbox 1662 990 1701 1020; x_wconf 92' lang='lat' dir='ltr'><strong>et</strong></span> <span class='ocrx_word' id='word_1_110' title='bbox 1720 980 1802 1020; x_wconf 90' lang='lat' dir='ltr'><strong>suf-</strong></span> 
     </span>
     <span class='ocr_line' id='line_1_14' title="bbox 407 1047 1804 1105; baseline -0.004 -14"><span class='ocrx_word' id='word_1_111' title='bbox 407 1052 659 1105; x_wconf 83' lang='lat' dir='ltr'><strong>fragatoribus</strong></span> <span class='ocrx_word' id='word_1_112' title='bbox 681 1052 889 1090; x_wconf 79' lang='lat' dir='ltr'>obscurior.</span> <span class='ocrx_word' id='word_1_113' title='bbox 913 1052 1023 1090; x_wconf 84' lang='lat' dir='ltr'><strong>Pater</strong></span> <span class='ocrx_word' id='word_1_114' title='bbox 1042 1051 1148 1089; x_wconf 86' lang='lat' dir='ltr'><strong>enim</strong></span> <span class='ocrx_word' id='word_1_115' title='bbox 1169 1049 1245 1088; x_wconf 89' lang='lat' dir='ltr'><strong>fuit</strong></span> <span class='ocrx_word' id='word_1_116' title='bbox 1265 1049 1429 1102; x_wconf 88' lang='lat' dir='ltr'><strong>equestri</strong></span> <span class='ocrx_word' id='word_1_117' title='bbox 1449 1049 1536 1087; x_wconf 91' lang='lat' dir='ltr'><strong>loco</strong></span> <span class='ocrx_word' id='word_1_118' title='bbox 1550 1066 1563 1093; x_wconf 74' lang='lat'><em>3</em></span> <span class='ocrx_word' id='word_1_119' title='bbox 1586 1061 1675 1086; x_wconf 89' lang='lat' dir='ltr'><strong>avus</strong></span> <span class='ocrx_word' id='word_1_120' title='bbox 1696 1047 1804 1086; x_wconf 85' lang='lat' dir='ltr'><strong>nulla</strong></span> 
     </span>
     <span class='ocr_line' id='line_1_15' title="bbox 407 1114 1798 1169; baseline -0.004 -12"><span class='ocrx_word' id='word_1_121' title='bbox 407 1119 546 1156; x_wconf 87' lang='lat' dir='ltr'><strong>illustri</strong></span> <span class='ocrx_word' id='word_1_122' title='bbox 573 1119 683 1157; x_wconf 88' lang='lat' dir='ltr'><strong>laude</strong></span> <span class='ocrx_word' id='word_1_123' title='bbox 708 1119 933 1157; x_wconf 86' lang='lat' dir='ltr'><strong>celebratus.</strong></span> <span class='ocrx_word' id='word_1_124' title='bbox 966 1118 1101 1169; x_wconf 89' lang='lat' dir='ltr'><strong>Itaque</strong></span> <span class='ocrx_word' id='word_1_125' title='bbox 1127 1130 1206 1154; x_wconf 88' lang='lat' dir='ltr'><strong>non</strong></span> <span class='ocrx_word' id='word_1_126' title='bbox 1233 1129 1280 1154; x_wconf 83' lang='lat' dir='ltr'><strong>ex</strong></span> <span class='ocrx_word' id='word_1_127' title='bbox 1305 1115 1477 1153; x_wconf 87' lang='lat' dir='ltr'><strong>sermone</strong></span> <span class='ocrx_word' id='word_1_128' title='bbox 1503 1114 1714 1153; x_wconf 89' lang='lat' dir='ltr'><strong>hominum</strong></span> <span class='ocrx_word' id='word_1_129' title='bbox 1742 1127 1798 1153; x_wconf 82' lang='lat' dir='ltr'><strong>re-</strong></span> 
     </span>
     <span class='ocr_line' id='line_1_16' title="bbox 410 1180 1804 1231; baseline -0.004 -7"><span class='ocrx_word' id='word_1_130' title='bbox 410 1186 527 1231; x_wconf 90' lang='lat' dir='ltr'><strong>centi,</strong></span> <span class='ocrx_word' id='word_1_131' title='bbox 559 1185 622 1223; x_wconf 90' lang='lat' dir='ltr'><strong>sed</strong></span> <span class='ocrx_word' id='word_1_132' title='bbox 648 1199 695 1224; x_wconf 85' lang='lat' dir='ltr'><strong>ex</strong></span> <span class='ocrx_word' id='word_1_133' title='bbox 721 1185 918 1224; x_wconf 90' lang='lat' dir='ltr'><strong>annalium</strong></span> <span class='ocrx_word' id='word_1_134' title='bbox 944 1183 1139 1228; x_wconf 88' lang='lat' dir='ltr'><strong>vetustate,</strong></span> <span class='ocrx_word' id='word_1_135' title='bbox 1170 1182 1335 1220; x_wconf 87' lang='lat' dir='ltr'><strong>eruenda</strong></span> <span class='ocrx_word' id='word_1_136' title='bbox 1362 1181 1414 1219; x_wconf 92' lang='lat' dir='ltr'><strong>est</strong></span> <span class='ocrx_word' id='word_1_137' title='bbox 1446 1182 1633 1219; x_wconf 86' lang='lat' dir='ltr'><strong>memoria</strong></span> <span class='ocrx_word' id='word_1_138' title='bbox 1657 1180 1804 1220; x_wconf 86' lang='lat' dir='ltr'><strong>nobili-</strong></span> 
     </span>
     <span class='ocr_line' id='line_1_17' title="bbox 409 1248 1805 1303; baseline -0.005 -12"><span class='ocrx_word' id='word_1_139' title='bbox 409 1253 496 1291; x_wconf 86' lang='lat' dir='ltr'><strong>tatis</strong></span> <span class='ocrx_word' id='word_1_140' title='bbox 520 1262 606 1291; x_wconf 87' lang='lat' dir='ltr'><strong>tuae.</strong></span> <span class='ocrx_word' id='word_1_141' title='bbox 639 1252 769 1302; x_wconf 86' lang='lat' dir='ltr'><strong>Qare</strong></span> <span class='ocrx_word' id='word_1_142' title='bbox 795 1265 867 1303; x_wconf 85' lang='lat' dir='ltr'><strong>ego</strong></span> <span class='ocrx_word' id='word_1_143' title='bbox 887 1260 924 1288; x_wconf 89' lang='lat' dir='ltr'><strong>te</strong></span> <span class='ocrx_word' id='word_1_144' title='bbox 944 1249 1093 1303; x_wconf 87' lang='lat' dir='ltr'><strong>semper</strong></span> <span class='ocrx_word' id='word_1_145' title='bbox 1113 1250 1154 1287; x_wconf 91' lang='lat' dir='ltr'><strong>in</strong></span> <span class='ocrx_word' id='word_1_146' title='bbox 1179 1248 1352 1287; x_wconf 90' lang='lat' dir='ltr'><strong>nostrum</strong></span> <span class='ocrx_word' id='word_1_147' title='bbox 1372 1261 1583 1286; x_wconf 85' lang='lat' dir='ltr'><strong>numerum</strong></span> <span class='ocrx_word' id='word_1_148' title='bbox 1602 1259 1805 1300; x_wconf 84' lang='lat' dir='ltr'><strong>aggregare</strong></span> 
     </span>
     <span class='ocr_line' id='line_1_18' title="bbox 410 1312 1804 1370; baseline -0.005 -14"><span class='ocrx_word' id='word_1_149' title='bbox 410 1318 525 1363; x_wconf 86' lang='lat' dir='ltr'><strong>soleo,</strong></span> <span class='ocrx_word' id='word_1_150' title='bbox 557 1317 662 1370; x_wconf 88' lang='lat' dir='ltr'>quod</span> <span class='ocrx_word' id='word_1_151' title='bbox 683 1318 824 1355; x_wconf 86' lang='lat' dir='ltr'><strong>virtute</strong></span> <span class='ocrx_word' id='word_1_152' title='bbox 844 1315 1104 1368; x_wconf 87' lang='lat' dir='ltr'>industriaque</span> <span class='ocrx_word' id='word_1_153' title='bbox 1123 1313 1329 1368; x_wconf 85' lang='lat' dir='ltr'><strong>perfecisti,</strong></span> <span class='ocrx_word' id='word_1_154' title='bbox 1362 1323 1419 1358; x_wconf 92' lang='lat' dir='ltr'><strong>ut,</strong></span> <span class='ocrx_word' id='word_1_155' title='bbox 1445 1326 1537 1351; x_wconf 84' lang='lat' dir='ltr'><strong>cum</strong></span> <span class='ocrx_word' id='word_1_156' title='bbox 1558 1312 1699 1365; x_wconf 88' lang='lat' dir='ltr'><strong>equitis</strong></span> <span class='ocrx_word' id='word_1_157' title='bbox 1718 1312 1804 1350; x_wconf 86' lang='lat' dir='ltr'><strong>Ro-</strong></span> 
     </span>
     <span class='ocr_line' id='line_1_19' title="bbox 411 1380 1803 1434; baseline -0.004 -12"><span class='ocrx_word' id='word_1_158' title='bbox 411 1385 517 1423; x_wconf 88' lang='lat' dir='ltr'><strong>mani</strong></span> <span class='ocrx_word' id='word_1_159' title='bbox 545 1383 632 1422; x_wconf 85' lang='lat' dir='ltr'><strong>effes</strong></span> <span class='ocrx_word' id='word_1_160' title='bbox 658 1383 778 1428; x_wconf 87' lang='lat' dir='ltr'>filius,</span> <span class='ocrx_word' id='word_1_161' title='bbox 809 1383 960 1421; x_wconf 89' lang='lat' dir='ltr'><strong>summa</strong></span> <span class='ocrx_word' id='word_1_162' title='bbox 986 1391 1115 1421; x_wconf 90' lang='lat' dir='ltr'><strong>tamen</strong></span> <span class='ocrx_word' id='word_1_163' title='bbox 1142 1380 1400 1434; x_wconf 87' lang='lat' dir='ltr'><strong>amplitudine</strong></span> <span class='ocrx_word' id='word_1_164' title='bbox 1432 1380 1570 1432; x_wconf 87' lang='lat' dir='ltr'><strong>dignus</strong></span> <span class='ocrx_word' id='word_1_165' title='bbox 1601 1387 1803 1431; x_wconf 87' lang='lat' dir='ltr'><strong>putarere:</strong></span> 
     </span>
     <span class='ocr_line' id='line_1_20' title="bbox 411 1443 1807 1502; baseline -0.004 -14"><span class='ocrx_word' id='word_1_166' title='bbox 411 1464 483 1489; x_wconf 87' lang='lat' dir='ltr'><strong>nec</strong></span> <span class='ocrx_word' id='word_1_167' title='bbox 517 1449 616 1489; x_wconf 89' lang='lat' dir='ltr'>mihi</span> <span class='ocrx_word' id='word_1_168' title='bbox 652 1463 828 1502; x_wconf 80' lang='lat' dir='ltr'><strong>unquam</strong></span> <span class='ocrx_word' id='word_1_169' title='bbox 861 1449 991 1487; x_wconf 90' lang='lat' dir='ltr'><strong>minus</strong></span> <span class='ocrx_word' id='word_1_170' title='bbox 1027 1448 1067 1486; x_wconf 91' lang='lat' dir='ltr'><strong>in</strong></span> <span class='ocrx_word' id='word_1_171' title='bbox 1103 1447 1392 1500; x_wconf 77' lang='lat' dir='ltr'><strong>QPornpeio,</strong></span> <span class='ocrx_word' id='word_1_172' title='bbox 1429 1459 1529 1484; x_wconf 91' lang='lat' dir='ltr'><strong>novo</strong></span> <span class='ocrx_word' id='word_1_173' title='bbox 1557 1443 1732 1490; x_wconf 90' lang='lat' dir='ltr'><strong>homine,</strong></span> <span class='ocrx_word' id='word_1_174' title='bbox 1768 1452 1807 1482; x_wconf 89' lang='lat' dir='ltr'><strong>et</strong></span> 
     </span>
     <span class='ocr_line' id='line_1_21' title="bbox 411 1509 1805 1564; baseline -0.006 -9"><span class='ocrx_word' id='word_1_175' title='bbox 411 1516 617 1556; x_wconf 82' lang='lat' dir='ltr'><strong>fortiffimo</strong></span> <span class='ocrx_word' id='word_1_176' title='bbox 637 1517 733 1560; x_wconf 88' lang='lat' dir='ltr'>viro,</span> <span class='ocrx_word' id='word_1_177' title='bbox 763 1515 917 1553; x_wconf 90' lang='lat' dir='ltr'><strong>virtutis</strong></span> <span class='ocrx_word' id='word_1_178' title='bbox 944 1514 1016 1552; x_wconf 84' lang='lat' dir='ltr'><strong>effe</strong></span> <span class='ocrx_word' id='word_1_179' title='bbox 1035 1513 1161 1551; x_wconf 91' lang='lat' dir='ltr'><strong>visum</strong></span> <span class='ocrx_word' id='word_1_180' title='bbox 1188 1512 1255 1557; x_wconf 88' lang='lat' dir='ltr'><strong>est,</strong></span> <span class='ocrx_word' id='word_1_181' title='bbox 1286 1525 1402 1564; x_wconf 89' lang='lat' dir='ltr'><strong>quam</strong></span> <span class='ocrx_word' id='word_1_182' title='bbox 1432 1512 1473 1549; x_wconf 91' lang='lat' dir='ltr'><strong>in</strong></span> <span class='ocrx_word' id='word_1_183' title='bbox 1499 1510 1661 1549; x_wconf 90' lang='lat' dir='ltr'><strong>homine</strong></span> <span class='ocrx_word' id='word_1_184' title='bbox 1688 1509 1805 1548; x_wconf 88' lang='lat' dir='ltr'><strong>nobi-</strong></span> 
     </span>
     <span class='ocr_line' id='line_1_22' title="bbox 411 1566 1806 1632; baseline -0.006 -10"><span class='ocrx_word' id='word_1_185' title='bbox 411 1583 566 1628; x_wconf 81' lang='lat' dir='ltr'><strong>liffimo,</strong></span> <span class='ocrx_word' id='word_1_186' title='bbox 599 1583 661 1621; x_wconf 89' lang='lat' dir='ltr'><strong>M.</strong></span> <span class='ocrx_word' id='word_1_187' title='bbox 694 1581 872 1620; x_wconf 88' lang='lat' dir='ltr'>AEmilio.</span> <span class='ocrx_word' id='word_1_188' title='bbox 905 1580 1063 1618; x_wconf 84' lang='lat' dir='ltr'><strong>Etenim</strong></span> <span class='ocrx_word' id='word_1_189' title='bbox 1092 1578 1260 1632; x_wconf 88' lang='lat' dir='ltr'><strong>ejusdem</strong></span> <span class='ocrx_word' id='word_1_190' title='bbox 1287 1577 1407 1616; x_wconf 83' lang='lat' dir='ltr'><strong>animi</strong></span> <span class='ocrx_word' id='word_1_191' title='bbox 1434 1566 1549 1629; x_wconf 64' lang='lat' dir='ltr'><strong>atque</strong></span> <span class='ocrx_word' id='word_1_192' title='bbox 1575 1575 1721 1629; x_wconf 86' lang='lat' dir='ltr'><strong>ingenii</strong></span> <span class='ocrx_word' id='word_1_193' title='bbox 1740 1575 1806 1621; x_wconf 91' lang='lat' dir='ltr'><strong>est,</strong></span> 
     </span>
     <span class='ocr_line' id='line_1_23' title="bbox 412 1642 1806 1704; baseline -0.006 -16"><span class='ocrx_word' id='word_1_194' title='bbox 412 1649 569 1704; x_wconf 85' lang='lat' dir='ltr'><strong>posteris</strong></span> <span class='ocrx_word' id='word_1_195' title='bbox 608 1649 696 1694; x_wconf 90' lang='lat' dir='ltr'><strong>suis,</strong></span> <span class='ocrx_word' id='word_1_196' title='bbox 736 1648 842 1701; x_wconf 90' lang='lat' dir='ltr'>quod</span> <span class='ocrx_word' id='word_1_197' title='bbox 881 1647 1089 1699; x_wconf 88' lang='lat' dir='ltr'><strong>Pompeius</strong></span> <span class='ocrx_word' id='word_1_198' title='bbox 1128 1644 1237 1691; x_wconf 88' lang='lat' dir='ltr'><strong>fecit,</strong></span> <span class='ocrx_word' id='word_1_199' title='bbox 1277 1643 1578 1697; x_wconf 82' lang='lat' dir='ltr'><strong>amplitudinem</strong></span> <span class='ocrx_word' id='word_1_200' title='bbox 1619 1642 1806 1688; x_wconf 89' lang='lat' dir='ltr'><strong>nominis,</strong></span> 
     </span>
     <span class='ocr_line' id='line_1_24' title="bbox 413 1710 1810 1768; baseline -0.007 -13"><span class='ocrx_word' id='word_1_201' title='bbox 413 1729 532 1768; x_wconf 88' lang='lat' dir='ltr'><strong>quam</strong></span> <span class='ocrx_word' id='word_1_202' title='bbox 552 1729 629 1754; x_wconf 93' lang='lat' dir='ltr'><strong>non</strong></span> <span class='ocrx_word' id='word_1_203' title='bbox 651 1714 853 1767; x_wconf 89' lang='lat' dir='ltr'><strong>acceperit,</strong></span> <span class='ocrx_word' id='word_1_204' title='bbox 885 1712 1055 1756; x_wconf 83' lang='lat' dir='ltr'><strong>tradere;</strong></span> <span class='ocrx_word' id='word_1_205' title='bbox 1085 1720 1138 1756; x_wconf 88' lang='lat' dir='ltr'><strong>et,</strong></span> <span class='ocrx_word' id='word_1_206' title='bbox 1170 1719 1214 1749; x_wconf 88' lang='lat' dir='ltr'><strong>ut</strong></span> <span class='ocrx_word' id='word_1_207' title='bbox 1235 1712 1409 1754; x_wconf 85' lang='lat' dir='ltr'>Scaurus,</span> <span class='ocrx_word' id='word_1_208' title='bbox 1441 1710 1671 1747; x_wconf 85' lang='lat' dir='ltr'><strong>memoriam</strong></span> <span class='ocrx_word' id='word_1_209' title='bbox 1690 1720 1810 1761; x_wconf 87' lang='lat' dir='ltr'><strong>prope</strong></span> 
     </span>
     <span class='ocr_line' id='line_1_25' title="bbox 412 1778 1325 1833; baseline -0.008 -12"><span class='ocrx_word' id='word_1_210' title='bbox 412 1783 711 1820; x_wconf 84' lang='lat' dir='ltr'><strong>intermortuam</strong></span> <span class='ocrx_word' id='word_1_211' title='bbox 731 1779 878 1833; x_wconf 89' lang='lat' dir='ltr'><strong>generis</strong></span> <span class='ocrx_word' id='word_1_212' title='bbox 899 1778 956 1817; x_wconf 92' lang='lat' dir='ltr'>sui</span> <span class='ocrx_word' id='word_1_213' title='bbox 974 1778 1116 1816; x_wconf 85' lang='lat' dir='ltr'><strong>virtute</strong></span> <span class='ocrx_word' id='word_1_214' title='bbox 1136 1789 1325 1815; x_wconf 89' lang='lat' dir='ltr'><strong>renovare.</strong></span> 
     </span>
    </p>

    <p class='ocr_par' dir='ltr' id='par_1_4' title="bbox 415 1840 1812 2493">
     <span class='ocr_line' id='line_1_26' title="bbox 470 1840 1808 1899; baseline -0.005 -13"><span class='ocrx_word' id='word_1_215' title='bbox 470 1849 587 1886; x_wconf 91' lang='lat' dir='ltr'>VIII.·</span> <span class='ocrx_word' id='word_1_216' title='bbox 619 1849 853 1899; x_wconf 85' lang='lat' dir='ltr'><strong>Qanquam</strong></span> <span class='ocrx_word' id='word_1_217' title='bbox 882 1858 955 1897; x_wconf 87' lang='lat' dir='ltr'><strong>ego</strong></span> <span class='ocrx_word' id='word_1_218' title='bbox 980 1844 1179 1897; x_wconf 89' lang='lat' dir='ltr'><strong>putabam,</strong></span> <span class='ocrx_word' id='word_1_219' title='bbox 1211 1842 1382 1894; x_wconf 86' lang='lat' dir='ltr'><strong>Judices,</strong></span> <span class='ocrx_word' id='word_1_220' title='bbox 1414 1841 1548 1880; x_wconf 90' lang='lat' dir='ltr'><strong>multis</strong></span> <span class='ocrx_word' id='word_1_221' title='bbox 1576 1841 1665 1879; x_wconf 83' lang='lat' dir='ltr'>viris</span> <span class='ocrx_word' id='word_1_222' title='bbox 1693 1840 1808 1880; x_wconf 86' lang='lat' dir='ltr'><strong>forti-</strong></span> 
     </span>
     <span class='ocr_line' id='line_1_27' title="bbox 416 1906 1808 1967; baseline -0.006 -14"><span class='ocrx_word' id='word_1_223' title='bbox 416 1915 488 1952; x_wconf 87' lang='lat' dir='ltr'><strong>bus</strong></span> <span class='ocrx_word' id='word_1_224' title='bbox 519 1927 568 1952; x_wconf 90' lang='lat' dir='ltr'><strong>ne</strong></span> <span class='ocrx_word' id='word_1_225' title='bbox 594 1911 1070 1967; x_wconf 27' lang='lat' dir='ltr'><strong>ignobilitas-objiceretur</strong></span> <span class='ocrx_word' id='word_1_226' title='bbox 1096 1909 1258 1963; x_wconf 76' lang='lat' dir='ltr'><strong>generiS,</strong></span> <span class='ocrx_word' id='word_1_227' title='bbox 1290 1921 1378 1946; x_wconf 89' lang='lat' dir='ltr'><strong>meo</strong></span> <span class='ocrx_word' id='word_1_228' title='bbox 1404 1908 1532 1946; x_wconf 92' lang='lat' dir='ltr'><strong>labore</strong></span> <span class='ocrx_word' id='word_1_229' title='bbox 1558 1906 1629 1944; x_wconf 85' lang='lat' dir='ltr'><strong>effe</strong></span> <span class='ocrx_word' id='word_1_230' title='bbox 1659 1906 1808 1960; x_wconf 89' lang='lat' dir='ltr'><strong>perfec-</strong></span> 
     </span>
     <span class='ocr_line' id='line_1_28' title="bbox 417 1972 1809 2032; baseline -0.006 -14"><span class='ocrx_word' id='word_1_231' title='bbox 417 1989 531 2024; x_wconf 65' lang='grc' dir='ltr'><strong>ωιτη</strong></span> <span class='ocrx_word' id='word_1_232' title='bbox 572 1980 640 2032; x_wconf 91' lang='lat' dir='ltr'><strong>qui</strong></span> <span class='ocrx_word' id='word_1_233' title='bbox 673 1992 751 2017; x_wconf 92' lang='lat' dir='ltr'><strong>non</strong></span> <span class='ocrx_word' id='word_1_234' title='bbox 785 1977 902 2015; x_wconf 89' lang='lat' dir='ltr'><strong>modo</strong></span> <span class='ocrx_word' id='word_1_235' title='bbox 939 1976 1082 2021; x_wconf 89' lang='lat' dir='ltr'>Curiis,</span> <span class='ocrx_word' id='word_1_236' title='bbox 1119 1974 1348 2018; x_wconf 86' lang='lat' dir='ltr'>Catonibus,</span> <span class='ocrx_word' id='word_1_237' title='bbox 1390 1973 1601 2026; x_wconf 88' lang='lat' dir='ltr'><strong>Pompeiis,</strong></span> <span class='ocrx_word' id='word_1_238' title='bbox 1641 1972 1809 2025; x_wconf 86' lang='lat' dir='ltr'>antiquis</span> 
     </span>
     <span class='ocr_line' id='line_1_29' title="bbox 415 2040 1809 2092; baseline -0.006 -7"><span class='ocrx_word' id='word_1_239' title='bbox 415 2047 508 2092; x_wconf 86' lang='lat' dir='ltr'><strong>illis,</strong></span> <span class='ocrx_word' id='word_1_240' title='bbox 547 2045 758 2085; x_wconf 86' lang='lat' dir='ltr'><strong>fortiffimis</strong></span> <span class='ocrx_word' id='word_1_241' title='bbox 798 2044 901 2089; x_wconf 88' lang='lat' dir='ltr'>viris,</span> <span class='ocrx_word' id='word_1_242' title='bbox 948 2043 1058 2082; x_wconf 88' lang='lat' dir='ltr'><strong>novis</strong></span> <span class='ocrx_word' id='word_1_243' title='bbox 1096 2041 1337 2087; x_wconf 90' lang='lat' dir='ltr'><strong>hominibus,</strong></span> <span class='ocrx_word' id='word_1_244' title='bbox 1376 2040 1439 2078; x_wconf 89' lang='lat' dir='ltr'><strong>sed</strong></span> <span class='ocrx_word' id='word_1_245' title='bbox 1476 2040 1537 2078; x_wconf 91' lang='lat' dir='ltr'><strong>his</strong></span> <span class='ocrx_word' id='word_1_246' title='bbox 1577 2040 1809 2085; x_wconf 88' lang='lat' dir='ltr'><strong>recentibus,</strong></span> 
     </span>
     <span class='ocr_line' id='line_1_30' title="bbox 416 2107 1811 2159; baseline -0.006 -8"><span class='ocrx_word' id='word_1_247' title='bbox 416 2113 572 2158; x_wconf 88' lang='lat' dir='ltr'><strong>Mariis,</strong></span> <span class='ocrx_word' id='word_1_248' title='bbox 602 2122 640 2151; x_wconf 90' lang='lat' dir='ltr'><strong>et</strong></span> <span class='ocrx_word' id='word_1_249' title='bbox 669 2112 813 2156; x_wconf 87' lang='lat' dir='ltr'>Didiis,</span> <span class='ocrx_word' id='word_1_250' title='bbox 844 2120 882 2148; x_wconf 91' lang='lat' dir='ltr'><strong>et</strong></span> <span class='ocrx_word' id='word_1_251' title='bbox 917 2109 1060 2155; x_wconf 80' lang='lat' dir='ltr'>Caeliis,</span> <span class='ocrx_word' id='word_1_252' title='bbox 1096 2107 1446 2148; x_wconf 86' lang='lat' dir='ltr'><strong>commemorandis</strong></span> <span class='ocrx_word' id='word_1_253' title='bbox 1477 2107 1672 2159; x_wconf 81' lang='lat' dir='ltr'><strong>jacebant.</strong></span> <span class='ocrx_word' id='word_1_254' title='bbox 1705 2107 1811 2145; x_wconf 90' lang='lat' dir='ltr'><strong>Cum</strong></span> 
     </span>
     <span class='ocr_line' id='line_1_31' title="bbox 417 2172 1812 2233; baseline -0.006 -15"><span class='ocrx_word' id='word_1_255' title='bbox 417 2193 489 2233; x_wconf 86' lang='lat' dir='ltr'><strong>ego</strong></span> <span class='ocrx_word' id='word_1_256' title='bbox 515 2193 604 2217; x_wconf 90' lang='lat' dir='ltr'><strong>vero</strong></span> <span class='ocrx_word' id='word_1_257' title='bbox 630 2187 736 2217; x_wconf 89' lang='lat' dir='ltr'><strong>tanto</strong></span> <span class='ocrx_word' id='word_1_258' title='bbox 760 2176 961 2216; x_wconf 84' lang='lat' dir='ltr'><strong>intervallo</strong></span> <span class='ocrx_word' id='word_1_259' title='bbox 986 2175 1146 2214; x_wconf 86' lang='lat' dir='ltr'><strong>claustra</strong></span> <span class='ocrx_word' id='word_1_260' title='bbox 1162 2175 1230 2213; x_wconf 85' lang='lat' dir='ltr'><strong>ista</strong></span> <span class='ocrx_word' id='word_1_261' title='bbox 1250 2174 1462 2213; x_wconf 90' lang='lat' dir='ltr'><strong>nobilitatis</strong></span> <span class='ocrx_word' id='word_1_262' title='bbox 1487 2172 1736 2226; x_wconf 73' lang='lat' dir='ltr'><strong>refregiffem‚</strong></span> <span class='ocrx_word' id='word_1_263' title='bbox 1768 2182 1812 2210; x_wconf 91' lang='lat' dir='ltr'><strong>ut</strong></span> 
     </span>
     <span class='ocr_line' id='line_1_32' title="bbox 417 2233 1810 2296; baseline -0.006 -12"><span class='ocrx_word' id='word_1_264' title='bbox 417 2233 542 2284; x_wconf 84' lang='lat' dir='ltr'><strong>aditus</strong></span> <span class='ocrx_word' id='word_1_265' title='bbox 569 2245 615 2283; x_wconf 89' lang='lat' dir='ltr'><strong>ad</strong></span> <span class='ocrx_word' id='word_1_266' title='bbox 642 2244 883 2283; x_wconf 89' lang='lat' dir='ltr'><strong>consulatum</strong></span> <span class='ocrx_word' id='word_1_267' title='bbox 911 2241 1081 2296; x_wconf 88' lang='lat' dir='ltr'>posthac,</span> <span class='ocrx_word' id='word_1_268' title='bbox 1113 2242 1210 2280; x_wconf 90' lang='lat' dir='ltr'><strong>ficut</strong></span> <span class='ocrx_word' id='word_1_269' title='bbox 1236 2240 1336 2294; x_wconf 90' lang='lat' dir='ltr'><strong>apud</strong></span> <span class='ocrx_word' id='word_1_270' title='bbox 1365 2240 1526 2292; x_wconf 85' lang='lat' dir='ltr'><strong>majores</strong></span> <span class='ocrx_word' id='word_1_271' title='bbox 1554 2238 1698 2277; x_wconf 91' lang='lat' dir='ltr'><strong>nostros</strong></span> <span class='ocrx_word' id='word_1_272' title='bbox 1718 2237 1810 2283; x_wconf 87' lang='lat' dir='ltr'><strong>fuit,</strong></span> 
     </span>
     <span class='ocr_line' id='line_1_33' title="bbox 417 2305 1808 2364; baseline -0.007 -13"><span class='ocrx_word' id='word_1_273' title='bbox 417 2327 496 2351; x_wconf 90' lang='lat' dir='ltr'><strong>non</strong></span> <span class='ocrx_word' id='word_1_274' title='bbox 527 2312 650 2364; x_wconf 87' lang='lat' dir='ltr'><strong>magis</strong></span> <span class='ocrx_word' id='word_1_275' title='bbox 684 2309 893 2354; x_wconf 87' lang='lat' dir='ltr'><strong>nobilitati,</strong></span> <span class='ocrx_word' id='word_1_276' title='bbox 930 2322 1050 2361; x_wconf 90' lang='lat' dir='ltr'><strong>quam</strong></span> <span class='ocrx_word' id='word_1_277' title='bbox 1083 2307 1231 2353; x_wconf 89' lang='lat' dir='ltr'><strong>virtuti,</strong></span> <span class='ocrx_word' id='word_1_278' title='bbox 1267 2315 1437 2359; x_wconf 84' lang='lat' dir='ltr'><strong>pateret;</strong></span> <span class='ocrx_word' id='word_1_279' title='bbox 1476 2319 1554 2343; x_wconf 91' lang='lat' dir='ltr'><strong>non</strong></span> <span class='ocrx_word' id='word_1_280' title='bbox 1588 2305 1808 2349; x_wconf 88' lang='lat' dir='ltr'><strong>arbitrabar,</strong></span> 
     </span>
     <span class='ocr_line' id='line_1_34' title="bbox 420 2370 1809 2425; baseline -0.006 -9"><span class='ocrx_word' id='word_1_281' title='bbox 420 2392 511 2416; x_wconf 90' lang='lat' dir='ltr'><strong>cum</strong></span> <span class='ocrx_word' id='word_1_282' title='bbox 532 2391 578 2416; x_wconf 82' lang='lat' dir='ltr'><strong>ex</strong></span> <span class='ocrx_word' id='word_1_283' title='bbox 598 2376 747 2415; x_wconf 84' lang='lat' dir='ltr'><strong>familia</strong></span> <span class='ocrx_word' id='word_1_284' title='bbox 766 2385 891 2414; x_wconf 89' lang='lat' dir='ltr'><strong>vetere</strong></span> <span class='ocrx_word' id='word_1_285' title='bbox 910 2383 948 2412; x_wconf 90' lang='lat' dir='ltr'><strong>et</strong></span> <span class='ocrx_word' id='word_1_286' title='bbox 968 2373 1106 2413; x_wconf 89' lang='lat' dir='ltr'><strong>illustri</strong></span> <span class='ocrx_word' id='word_1_287' title='bbox 1127 2372 1259 2412; x_wconf 87' lang='lat' dir='ltr'><strong>consul</strong></span> <span class='ocrx_word' id='word_1_288' title='bbox 1275 2372 1486 2425; x_wconf 83' lang='lat' dir='ltr'><strong>designatus</strong></span> <span class='ocrx_word' id='word_1_289' title='bbox 1505 2371 1551 2409; x_wconf 89' lang='lat' dir='ltr'><strong>ab</strong></span> <span class='ocrx_word' id='word_1_290' title='bbox 1568 2370 1708 2423; x_wconf 84' lang='lat' dir='ltr'><strong>equitis</strong></span> <span class='ocrx_word' id='word_1_291' title='bbox 1725 2371 1809 2408; x_wconf 90' lang='lat' dir='ltr'><strong>Ro-</strong></span> 
     </span>
     <span class='ocr_line' id='line_1_35' title="bbox 417 2436 1811 2493; baseline -0.006 -10"><span class='ocrx_word' id='word_1_292' title='bbox 417 2444 524 2482; x_wconf 77' lang='lat' dir='ltr'><strong>mani</strong></span> <span class='ocrx_word' id='word_1_293' title='bbox 545 2443 640 2490; x_wconf 90' lang='lat' dir='ltr'>filio,</span> <span class='ocrx_word' id='word_1_294' title='bbox 668 2442 835 2489; x_wconf 89' lang='lat' dir='ltr'><strong>consule,</strong></span> <span class='ocrx_word' id='word_1_295' title='bbox 857 2439 1137 2488; x_wconf 88' lang='lat' dir='ltr'><strong>defenderetur,</strong></span> <span class='ocrx_word' id='word_1_296' title='bbox 1159 2439 1206 2479; x_wconf 90' lang='lat' dir='ltr'><strong>de</strong></span> <span class='ocrx_word' id='word_1_297' title='bbox 1225 2440 1373 2493; x_wconf 86' lang='lat' dir='ltr'><strong>generis</strong></span> <span class='ocrx_word' id='word_1_298' title='bbox 1394 2438 1561 2478; x_wconf 88' lang='lat' dir='ltr'><strong>novitate</strong></span> <span class='ocrx_word' id='word_1_299' title='bbox 1581 2436 1811 2476; x_wconf 81' lang='lat' dir='ltr'><strong>accusatores</strong></span> 
     </span>
    </p>
   </div>
  </div>
 </body>
</html>
