2212 2835
702 126 840 166 PRO
898 121 1116 163 DOMO
1176 119 1322 157 SUA.
1634 113 1707 165 369

320 228 378 266 Ita
397 226 500 265 enim
521 224 628 270 fecit,
658 223 724 262 ets1
745 222 827 260 aliis
849 220 973 258 verbis
995 218 1098 256 tulit.
1133 217 1223 254 Hoc
1245 211 1491 267 plebiscitum
1512 209 1563 248 est
1584 209 1595 245 ?
1627 206 1708 245 haec

321 294 410 331 lex?
442 291 523 330 haze
544 291 691 344 rogatio
710 289 789 327 est?
821 286 896 325 hoc
916 297 982 323 vos
1010 283 1087 337 pati
1114 281 1297 334 potestis?
1329 278 1403 317 hoc
1431 276 1527 316 ferre
1561 274 1709 318 civitas,

323 369 366 398 ut
386 360 524 412 singuli
545 360 644 396 cives
665 355 822 408 singulis
842 351 1033 391 versiculis
1054 363 1074 387 e
1095 348 1249 386 civitate
1269 344 1479 384 tollantur?
1515 341 1711 395 Equidem

317 427 401 478 jam
433 424 656 477 perfunctus
684 423 794 460 sum:
831 418 980 456 nullam
1000 416 1095 459 vim,
1126 413 1281 451 nullum
1314 412 1522 462 impetum,
1554 416 1710 446 metuo:

325 491 476 544 explevi
496 490 644 528 animos
665 487 910 525 invidorum:
943 480 1088 534 placavi
1112 478 1199 517 odia
1228 476 1524 529 improborum:
1557 472 1715 511 saturavi

325 559 441 596 etiam
470 555 669 609 perfidiam
696 562 733 591 et
761 551 879 590 scelus
907 547 1178 602 proditorum:
1211 543 1377 594 denique
1404 541 1450 579 de
1482 553 1566 579 mea
1592 539 1714 583 causa,

325 637 409 675 quse
435 622 634 660 videbatur
658 617 816 672 perditis
845 614 994 653 civibus
1026 613 1071 651 ad
1102 609 1288 649 invidiam
1313 607 1383 646 effe
1409 606 1610 660 propofita,
1636 606 1719 658 jam

327 701 462 727 omnes
484 688 615 732 urbes,
647 697 782 725 omnes
802 682 974 726 ordines,
1006 690 1140 718 omnes
1162 676 1231 716 Dii
1251 683 1365 728 atque
1385 672 1584 717 homines,
1609 671 1720 724 judi-

327 762 521 793 caverunt.
1146 778 1149 781 »

384 818 676 871 Vobismetipfis
691 847 702 863 ,
734 814 940 855 Pontifices
955 842 966 859 ,
996 821 1034 850 et
1054 809 1181 850 vestris
1201 807 1354 852 liberis,
1384 804 1605 858 caeterisque
1625 804 1723 844 civi-

331 888 404 925 bus
419 914 430 932 ,
461 899 531 939 pro
550 884 668 923 vestra
687 881 907 921 aucitoritate
927 888 965 917 et
986 876 1168 931 sapientia
1186 873 1381 914 consulere
1401 871 1562 911 debetis.
1594 870 1700 909 Nam
1713 900 1724 915 ,

333 966 425 992 cum
453 961 531 990 tam
558 950 751 989 moderata
771 947 919 1001 judicia
944 943 1079 999 populi
1106 943 1179 982 fint
1205 955 1226 979 a
1251 939 1460 993 majoribus
1491 937 1724 976 constituta:

333 1020 522 1073 primum,
556 1026 599 1055 ut
625 1030 672 1054 ne
698 1029 812 1069 poena
836 1013 972 1066 capitis
999 1024 1091 1049 cum
1119 1007 1282 1062 pecunia
1301 1006 1584 1058 conjungatur:
1617 1002 1727 1041 dein-

334 1086 402 1132 de,
434 1099 500 1130 ne,
533 1083 600 1122 nifi
621 1082 793 1136 prodi&a
812 1081 892 1124 die,
924 1078 1011 1130 quis
1032 1075 1255 1115 accusetur:
1287 1081 1331 1111 ut
1350 1080 1406 1110 ter
1426 1080 1512 1126 ante
1532 1069 1729 1123 magistra-

336 1161 398 1191 tus
420 1150 581 1194 accuset,
612 1146 820 1186 intermissa
840 1146 915 1190 die,
947 1156 1064 1197 quam
1092 1141 1259 1181 multam
1286 1139 1441 1191 irroget,
1473 1145 1538 1176 aut
1551 1137 1728 1189 judicet:

338 1227 471 1272 quarta
491 1218 535 1256 s1t
555 1215 742 1254 accusatio
762 1214 907 1253 trinum
931 1210 1168 1253 nundinum,
1199 1205 1370 1259 prodicta
1389 1204 1465 1249 die,
1493 1216 1569 1256 qua
1589 1203 1649 1241 die
1664 1203 1731 1255 ju-

337 1285 486 1323 dicium
507 1283 551 1321 fit
571 1281 748 1321 futurum
768 1295 778 1319 ε
811 1288 897 1317 tum
919 1277 1043 1316 multa
1062 1275 1177 1313 etlam
1200 1273 1246 1311 ad
1267 1271 1497 1325 placandum
1513 1299 1523 1315 ,
1554 1278 1668 1322 atque
1688 1269 1734 1306 ad

340 1351 664 1394 misericordiam,
696 1348 768 1386 reis
799 1344 970 1385 concessa
1000 1344 1115 1382 sunt:
1147 1339 1285 1380 deinde
1316 1337 1519 1377 exorabilis
1541 1335 1733 1390 populus,

340 1417 465 1456 facilis
496 1415 712 1468 suffragatio
742 1427 810 1467 pro
842 1412 985 1451 salute:
1019 1409 1186 1460 denique
1216 1405 1349 1450 etiarn,
1379 1404 1406 1442 fi
1432 1417 1507 1457 qua
1533 1416 1590 1442 res
1621 1402 1737 1441 illum

343 1485 447 1522 diem
467 1492 532 1521 aut
551 1481 726 1534 auspiciis
748 1489 812 1518 aut
831 1475 1073 1515 excusatione
1094 1472 1268 1517 sustulit,
1300 1479 1381 1510 tota
1400 1470 1507 1509 causa
1520 1469 1736 1523 judicium-

344 1563 420 1602 que
440 1549 633 1587 sublatum
653 1547 719 1585 est.

349 1650 352 1652 ,
401 1615 555 1654 XVIII.
588 1614 686 1652 Haec
706 1625 797 1650 cum
814 1611 866 1648 ita
882 1610 953 1647 fint
974 1608 1013 1647 in
1035 1620 1086 1652 re,
1106 1605 1174 1645 ubi
1193 1604 1340 1643 crimen
1360 1602 1426 1649 est,
1444 1602 1513 1641 ubi
1533 1600 1738 1645 accusator,

346 1683 416 1722 ubi
437 1681 544 1720 testes
564 1680 576 1717 ?
609 1679 717 1731 Qid
737 1677 932 1730 indignius
948 1705 958 1721 ‚
991 1687 1108 1727 quam
1122 1702 1134 1718 ,
1165 1671 1234 1725 qui
1254 1683 1378 1723 neque
1397 1668 1517 1708 adesse
1537 1667 1715 1720 fitjuffus
1730 1696 1740 1713 ‚

347 1761 474 1802 neque
505 1747 669 1791 citatus,
701 1758 826 1797 neque
857 1741 1076 1785 accusatus,
1107 1739 1154 1778 de
1183 1739 1266 1791 ejus
1292 1736 1442 1791 capite,
1471 1735 1628 1780 liberis,
1659 1733 1741 1772 for-

348 1815 455 1855 tunis
475 1813 673 1858 omnibus,
702 1810 911 1850 conduffilos
932 1808 1079 1846 ficarios
1100 1813 1251 1859 egentes
1271 1812 1310 1844 et
1331 1802 1498 1856 perditos
1519 1800 1744 1854 suffragium

351 1882 450 1923 ferre
466 1911 477 1927 ,
508 1890 546 1920 et
572 1893 656 1918 eam
684 1879 809 1931 legem
830 1875 994 1930 putare?
1026 1876 1095 1919 At,
1126 1873 1153 1912 fi
1173 1871 1248 1911 hoc
1277 1870 1323 1909 de
1349 1883 1413 1909 me
1439 1868 1596 1923 potuit,
1627 1880 1746 1920 quem

352 1948 492 1993 honos,
522 1960 641 2000 quem
663 1945 843 1998 dignitas,
874 1956 992 1996 quem
1013 1940 1133 1985 causa,
1163 1951 1282 1991 quem
1302 1936 1530 1990 respublica,
1551 1934 1745 1979 tuebatur,

353 2016 461 2067 cujus
483 2013 647 2066 denique
666 2011 828 2065 pecunia
847 2023 924 2048 non
944 2007 1196 2061 expetebatur
1212 2034 1223 2051 ,
1255 2005 1319 2043 cui
1343 2002 1442 2042 nihil
1462 2003 1594 2041 oberat
1613 2008 1747 2054 praeter

356 2081 640 2120 converfionem
661 2078 794 2120 status,
825 2085 862 2114 et
884 2074 1176 2114 inclinationem
1197 2069 1472 2109 communium
1494 2078 1714 2120 temporum
1731 2083 1743 2110 ς

358 2147 452 2201 quid
483 2146 637 2184 tandem
668 2143 845 2181 futurum
877 2141 930 2180 est
959 2141 1020 2185 iis,
1051 2151 1219 2192 quorum
1249 2137 1326 2175 vita
1357 2144 1502 2174 remota
1528 2134 1575 2172 ab
1600 2132 1747 2170 honore

359 2211 533 2266 populari
555 2219 592 2248 et
612 2210 658 2247 ab
680 2208 750 2249 hac
771 2207 908 2246 illustri
931 2206 1050 2259 gratia
1069 2205 1135 2249 est,
1172 2202 1342 2256 pecuniae
1363 2209 1490 2239 autem
1513 2206 1624 2239 tantae
1644 2196 1745 2241 sunt,

363 2288 404 2317 ut
435 2291 493 2316 eas
527 2276 695 2314 nimium
731 2274 862 2318 multi,
893 2282 1060 2325 egentes,
1093 2268 1316 2322 sumptuosi,
1349 2266 1511 2308 nobiles,
1542 2261 1746 2314 concupis-

361 2353 449 2384 cant
471 2344 482 2380 ?
515 2343 615 2380 Date
636 2340 732 2378 hanc
754 2339 910 2378 tribuno
931 2338 1052 2391 plebis
1072 2335 1267 2375 licentiam
1282 2362 1293 2378 ‚
1324 2342 1361 2370 et
1382 2328 1589 2369 intuemini
1607 2327 1749 2380 paulis-

363 2425 428 2465 per
462 2408 600 2447 animis
629 2407 905 2458 juventutem,
936 2413 973 2442 et
1007 2416 1069 2441 eos
1103 2401 1299 2443 maxime,
1331 2397 1398 2449 qui
1433 2395 1638 2434 imminere
1667 2395 1750 2446 jam

445 2476 512 2513 To
526 2487 576 2512 M.
599 2472 650 2511 V.
1314 2464 1348 2500 A
1380 2476 1400 2500 a
1428 2475 1448 2499 a
