2212 2835
636 147 778 187 PRo
838 145 946 185 CN.
1006 143 1360 184 PLANcm.
1619 148 1696 196 46„

301 251 377 304 egi.
414 249 616 289 Recitetur
635 249 756 288 oratio
771 277 783 294 ,
815 262 900 301 quae
920 256 1076 301 propter
1096 247 1176 299 ejus
1197 246 1508 300 magnitudinem
1536 246 1634 285 dieta
1655 247 1702 285 de

302 317 443 370 scripto
462 317 542 360 est3
575 316 615 353 in
636 328 712 368 qua
731 329 804 368 ego
824 314 945 354 homo
965 314 1108 352 astutus
1129 315 1164 351 ei
1186 327 1249 352 me
1271 314 1457 352 dedebam
1476 343 1487 359 ,
1518 314 1581 351 cui
1602 313 1702 351 nihil

303 396 538 436 magnopere
558 382 737 420 deberem
755 411 766 427 ,
798 391 836 421 et
860 381 977 432 hujus
1006 381 1102 418 tanti
1128 380 1250 418 officii
1276 380 1495 418 servitutem
1517 380 1701 433 astringe-

302 449 393 488 bam
425 449 646 488 testimonio
677 448 923 501 sempiterno.
956 446 1065 485 Nolo
1091 454 1236 491 caetera,
1267 459 1352 498 quae
1384 460 1404 483 a
1435 460 1497 484 me
1526 448 1704 485 mandata

302 515 389 554 sunt
408 516 544 560 literis,
575 515 732 553 recitare
751 530 759 553 :
791 513 1044 567 praetermitto
1063 513 1144 557 illa,
1167 525 1216 550 ne
1236 522 1301 550 aut
1322 511 1490 565 proferre
1511 513 1638 551 videar
1658 513 1704 550 ad

302 590 457 635 tempus
474 610 487 626 ,
518 590 583 619 aut
603 594 647 618 eo
667 594 804 633 genere
825 580 882 617 uti
902 579 1100 617 literarum
1115 607 1126 623 ,
1158 578 1263 631 quod
1283 578 1379 616 meis
1399 578 1532 616 studiis
1553 579 1677 631 aptius
1691 607 1702 622 ,

300 661 420 701 quam
441 647 710 685 consuetudini
726 646 981 699 judiciorum,
1012 645 1083 683 efl'e
1103 645 1289 683 videatur.

356 712 512 752 XXXI.
544 714 677 765 Atque
697 714 812 751 etiam
834 713 1022 757 clamitas,
1045 712 1280 750 Laterenfis:
1303 713 1487 765 Qmffque
1506 712 1569 766 ista
1588 710 1704 750 dici&

249 784 254 788 '
299 779 396 818 nihil
409 779 446 818 in
466 779 581 832 Cffpio
593 778 803 832 profecgsti:
833 777 1003 831 absoluta>
1011 778 1091 829 jam
1098 779 1194 831 fimt
1207 786 1331 830 preces
1358 787 1445 816 tzrae.
1478 778 1540 815 De
1570 778 1705 829 Cispio

301 845 453 885 mihine
484 855 529 883 tu
559 845 744 897 objicies,
776 859 895 898 quem
927 859 998 897 ego
1029 845 1076 883 de
1107 858 1171 882 me
1203 845 1299 882 bene
1332 845 1517 883 meritum
1550 845 1639 897 quia
1667 854 1704 882 te

301 913 394 952 teste
431 924 688 964 cognoveram
706 940 717 957 ‚
755 920 793 950 te
813 911 968 950 eodem
1007 913 1159 950 auctore
1195 910 1348 949 defendi
1368 911 1380 947 ?
1421 921 1459 949 et
1496 911 1531 949 ei
1571 912 1673 949 dices
1691 940 1703 955 ,

302 980 512 1032 Qozgfque,
543 991 662 1031 quem
693 991 806 1031 negas
825 1008 835 1023 ,
867 978 972 1031 quod
1003 992 1073 1031 pro
1108 977 1239 1030 Cispio
1273 978 1542 1023 contenderit,
1574 978 1702 1030 impe-

303 1055 400 1084 trare
420 1043 582 1098 potuisse
601 1044 613 1081 ?
646 1044 752 1083 Nam
774 1044 880 1082 istius
901 1045 1021 1090 verbi,
1052 1045 1249 1098 Qtozgsqzze,
1280 1043 1362 1082 haec
1383 1053 1530 1096 poterat
1550 1043 1620 1082 effe
1641 1045 1703 1081 in-

302 1112 433 1151 vidia:
467 1113 592 1150 Datus
625 1111 677 1149 est
708 1111 781 1149 tibi
813 1111 892 1156 ille,
924 1111 1163 1149 condonatus
1195 1111 1292 1148 ille:
1326 1124 1402 1148 non
1434 1109 1526 1148 facis
1556 1110 1702 1148 finem:

302 1178 400 1216 ferre
421 1191 499 1216 non
518 1176 730 1230 possumus.
755 1178 805 1215 Ei
826 1177 999 1230 quidem,
1022 1177 1090 1230 qui
1110 1191 1178 1230 pro
1199 1190 1278 1214 uno
1298 1176 1490 1222 laborarit,
1519 1186 1555 1214 et
1577 1176 1704 1229 ipsum

304 1245 345 1283 id
378 1259 457 1284 non
491 1244 718 1288 obtinuerit,
751 1244 842 1289 dici,
874 1246 1070 1298 Qtousque,
1102 1243 1294 1282 irridentis
1330 1244 1452 1296 magis
1489 1243 1554 1287 est,
1587 1257 1705 1295 quam

303 1309 629 1363 reprehendentis.
666 1310 752 1347 Nifi
779 1309 878 1347 forte
899 1323 970 1363 ego
993 1323 1091 1347 unus
1112 1311 1165 1346 ita
1185 1324 1248 1347 me
1268 1310 1356 1362 geffi
1379 1310 1417 1347 in
1433 1309 1622 1361 judiciis;
1655 1310 1707 1347 ita

304 1386 343 1414 et
365 1390 458 1415 cum
478 1375 539 1414 his
561 1385 598 1413 et
618 1375 718 1413 inter
738 1375 808 1413 hos
831 1375 934 1421 vixi3
966 1376 997 1413 is
1018 1376 1059 1413 in
1080 1375 1196 1413 causis
1217 1385 1415 1428 patronus,
1446 1375 1476 1412 is
1499 1375 1539 1412 in
1562 1375 1704 1427 repub-

303 1443 379 1481 lica
398 1443 493 1482 civis
513 1452 550 1481 et
571 1442 669 1487 sum,
701 1451 739 1480 et
758 1442 907 1494 semper
926 1441 998 1486 fui,
1030 1441 1130 1479 solus
1152 1451 1195 1479 ut
1215 1455 1235 1478 a
1254 1451 1291 1480 te
1311 1442 1532 1487 constituar,
1553 1442 1623 1494 qui
1643 1443 1706 1479 ni-

304 1509 363 1548 hil
383 1509 619 1562 ajudicibus
640 1508 802 1546 debeam
823 1521 996 1560 unquam
1019 1508 1238 1560 impetrare.

360 1577 414 1614 Et
452 1574 555 1614 mihi
593 1574 847 1626 lacrymulam
887 1574 1059 1627 Cispiani
1092 1574 1233 1625 judicii
1270 1574 1450 1627 objectas.
1501 1574 1562 1612 Sic
1600 1574 1708 1613 enim

305 1643 435 1681 dixisti
453 1658 461 1681 :
487 1641 571 1681 Vidi
586 1656 646 1695 ego
666 1652 766 1681 tuam
785 1643 1029 1695 lacrymulam.
1052 1641 1168 1686 Vide,
1191 1655 1310 1694 quam
1330 1655 1394 1680 me
1413 1642 1521 1680 verbi
1542 1642 1599 1680 tui
1619 1655 1705 1695 poe-

305 1710 455 1748 niteat:
488 1723 567 1747 non
604 1708 722 1747 modo
757 1709 1026 1761 lacrymulam,
1059 1708 1121 1746 sed
1154 1708 1297 1747 multas
1334 1708 1535 1760 lacrymas,
1565 1717 1604 1746 et
1635 1708 1706 1746 fie-

306 1784 394 1814 tum
415 1789 508 1814 cum
529 1775 714 1828 singultu,
744 1775 873 1814 videre
893 1775 1066 1829 potuisti.
1097 1776 1163 1812 An
1183 1788 1267 1828 ego,
1293 1775 1363 1828 qui
1383 1788 1561 1813 meorum
1581 1775 1706 1826 lacry-

309 1843 400 1887 mis,
435 1855 499 1887 me
533 1842 698 1886 absente,
735 1851 972 1887 commotus,
1008 1841 1232 1886 simultates,
1268 1854 1361 1894 quas
1394 1855 1552 1879 mecum
1585 1840 1707 1879 habe-

308 1909 387 1953 bat,
423 1908 661 1961 deposuisset,
700 1922 872 1961 meaeque
907 1909 1036 1947 salutis
1072 1922 1149 1946 non
1187 1908 1305 1947 modo
1339 1922 1418 1947 non
1449 1918 1706 1961 oppugnator,

307 1984 351 2012 ut
371 1974 524 2013 inimici
544 1975 622 2012 mei
643 1984 820 2028 putarant
835 2004 846 2020 ,
878 1975 940 2014 sed
966 1975 1082 2014 etiam
1112 1973 1286 2012 defensor
1301 2004 1312 2020 ,
1343 1974 1498 2021 fuiffet3
1530 1974 1645 2027 hujus
1667 1976 1708 2012 in

309 2041 482 2094 periculo
517 2055 594 2080 non
630 2042 804 2080 dolorem
835 2055 970 2080 meum
1000 2041 1285 2095 significarem?
1318 2043 1385 2080 Tu
1414 2051 1558 2086 autern,
1590 2043 1706 2079 Late-

311 2107 440 2152 rensis,
472 2107 541 2159 qui
563 2117 647 2145 tum
668 2108 854 2159 lacrymas
876 2122 978 2146 meas
998 2117 1121 2161 gratas
1141 2107 1213 2146 effe
1233 2108 1402 2153 dicebas,
1433 2122 1538 2145 nunc
1559 2107 1707 2145 easdem

311 2174 366 2211 vis
387 2173 590 2211 invidiosas
614 2173 748 2212 videri.

367 2240 541 2277 XXXII.
575 2239 704 2292 Negas
732 2240 974 2278 tribunatum
1002 2240 1151 2278 Plancii
1179 2239 1392 2292 quidquam
1413 2237 1575 2277 attulisse
1595 2238 1707 2289 adju-

311 2307 435 2345 menti
469 2306 649 2358 dignitati
684 2320 791 2345 meae.
828 2309 960 2360 Atque
992 2306 1069 2345 hoc
1101 2307 1201 2351 loco,
1234 2307 1338 2359 quod
1369 2305 1555 2343 veriffime
1583 2303 1708 2342 facere

313 2383 435 2426 potes,
468 2373 515 2410 L.
537 2373 694 2417 Racilii,
725 2372 919 2411 fortiffimi
940 2383 978 2412 et
998 2373 1288 2412 constantissimi
1314 2373 1399 2416 viri,
1436 2371 1564 2409 divina
1584 2372 1622 2408 in
1644 2385 1707 2408 me

314 2441 451 2478 merita
470 2453 770 2479 commemoras:
789 2441 853 2478 cui
871 2440 1029 2493 quidem
1047 2454 1131 2492 ego,
1149 2440 1243 2477 sicut
1264 2439 1304 2477 in
1322 2439 1492 2483 Plancio,
1508 2451 1708 2490 uunquam
