2212 2835
500 172 588 211 DE
646 174 1120 220 HARUSPICUM
1178 182 1576 230 RESPONSIS.
1669 208 1747 249 415

344 270 458 311 minus
477 273 797 329 diligenterfhc‘ios
809 279 1039 334 pollutosque.
1072 283 1183 336 Qos
1201 285 1311 325 ludos
1334 289 1346 325 ?
1368 290 1429 327 Te
1450 292 1614 344 appello,
1638 295 1744 334 Len-

344 338 423 376 tule
443 354 451 377 :
485 341 542 378 tui
563 341 760 381 sacerdotii
782 344 868 383 sunt
889 347 1014 392 tensae,
1045 351 1248 397 curricula,
1280 358 1500 405 praecentio,
1523 359 1619 405 ludi,
1643 361 1741 401 liba—

342 405 480 451 tiones,
512 408 711 461 epulaeque
732 410 913 451 ludorum
940 414 1219 466 publicorum:
1252 420 1407 472 vosque,
1439 425 1662 473 Pontifices,
1695 430 1740 467 ad

341 484 438 523 quos
458 474 640 525 epulones
662 477 769 526 Jovis
793 478 950 530 Optimi
971 480 1170 527 Maximi,
1202 484 1228 521 fi
1255 487 1351 536 quid
1372 488 1424 526 est
1443 495 1736 541 praetermifl'um

338 545 404 574 aut
424 539 686 586 commissum,
709 541 893 589 afferunt;
916 558 1085 596 quorum
1108 547 1155 585 de
1176 548 1363 589 sententia
1382 553 1448 591 illa
1468 556 1599 596 eadem
1622 573 1732 598 reno-

337 611 420 640 vata
439 612 552 655 atque
572 605 774 645 instaurata
792 608 1056 650 celebrantur:
1080 614 1149 665 qui
1170 613 1255 653 sunt
1277 616 1360 655 ludi
1382 620 1510 659 minus
1532 623 1737 676 diligenter

333 666 453 706 fasti?
485 680 644 722 quanto,
675 682 740 712 aut
759 688 853 726 quo,
883 676 1020 716 scelere
1042 679 1182 731 polluti
1201 681 1214 718 ?
1245 683 1511 736 Respondebis
1532 699 1570 728 et
1589 705 1659 744 pro
1681 702 1731 739 te,

333 742 370 772 et
390 748 460 787 pro
479 736 638 790 collegis
660 740 751 785 tuis,
783 751 820 779 et
839 755 909 794 pro
928 744 1163 796 pontificum
1184 748 1362 802 collegio,
1385 752 1484 791 nihil
1505 757 1733 810 cujusquam

333 809 399 838 aut
420 802 654 854 negligentia
673 814 947 860 contemptum
966 837 977 853 ,
1009 819 1074 848 aut
1094 811 1230 851 scelere
1251 814 1322 852 effe
1342 818 1538 869 pollutum
1556 840 1567 866 ς
1600 826 1733 864 omnia

333 864 531 906 sollemnia
551 881 592 906 ac
606 869 707 920 justa
727 871 909 912 ludorum
926 904 938 920 ,
969 877 1152 917 omnibus
1179 880 1290 918 rebus
1312 882 1517 924 observatis
1537 916 1547 931 ,
1580 889 1731 930 summa

331 944 423 970 cum
445 935 671 973 caeremonia
689 932 759 975 effe
780 938 934 979 servata.

384 998 458 1037 XI.
492 1000 602 1051 Qos
623 1001 741 1054 igitur
760 1003 977 1059 haruspices
999 1008 1109 1048 ludos
1130 1012 1260 1050 minus
1282 1014 1488 1068 diligenter
1505 1018 1623 1059 factos
1639 1023 1728 1076 pol-

329 1063 505 1117 lutosque
524 1067 594 1105 effe
615 1068 774 1107 dicunt?
794 1085 872 1117 eos,
890 1086 1058 1125 quorum
1077 1077 1148 1129 ipsi
1164 1079 1232 1116 Dii
1252 1080 1504 1130 immortales,
1527 1096 1640 1139 atque
1660 1090 1727 1128 illa

329 1130 458 1169 Mater
478 1132 562 1171 Dea
577 1162 589 1178 ,
621 1142 658 1172 te
674 1164 686 1179 ,
718 1144 755 1173 te
770 1166 783 1182 ,
814 1139 889 1177 Cn.
913 1140 1080 1180 Lentule
1097 1170 1109 1188 ‚
1140 1145 1249 1196 cujus
1271 1147 1316 1184 ab
1337 1149 1417 1187 avia
1438 1153 1616 1192 manibus
1637 1155 1726 1194 ess'et

326 1206 508 1250 accepta,
539 1199 788 1252 spectatorem
822 1204 895 1242 effe
927 1207 1063 1246 voluit.
1108 1209 1226 1261 Qod
1261 1212 1302 1250 ni
1338 1222 1380 1251 tu
1414 1216 1621 1270 Megalesia
1655 1222 1725 1261 illo

326 1263 388 1300 die
407 1264 571 1316 spectare
592 1266 792 1314 voluiffe83
824 1269 928 1309 haud
954 1273 1032 1311 scio
1057 1288 1105 1312 an
1129 1276 1255 1314 vivere
1276 1280 1387 1319 nobis
1405 1311 1415 1326 ‚
1447 1292 1561 1336 atque
1588 1285 1648 1326 his
1678 1289 1724 1327 de

324 1329 438 1368 rebus
452 1331 534 1382 jam
556 1333 665 1384 queri
682 1363 694 1379 ‚
725 1334 867 1375 liceret.
903 1338 974 1376 Vis
1006 1340 1113 1379 enim
1139 1341 1432 1386 innumerabilis
1460 1349 1644 1399 incitata,
1676 1368 1723 1393 ex

323 1397 508 1435 omnibus
530 1398 624 1437 vicis
645 1399 805 1440 collecta
820 1432 832 1448 ,
863 1403 1056 1444 servorum
1077 1407 1124 1457 ab
1144 1407 1221 1446 hoc
1241 1411 1341 1449 aedili
1369 1415 1546 1467 religioso
1568 1431 1722 1472 repente

323 1459 552 1510 fornicibus,
583 1465 762 1519 ostiisque
789 1470 988 1515 omnibus,
1018 1472 1060 1509 in
1087 1473 1253 1520 scenam,
1285 1477 1391 1530 figno
1421 1481 1523 1528 dato,
1555 1485 1722 1526 immissa

321 1527 473 1581 irrupit.
506 1532 596 1568 Tua
616 1540 700 1570 tum
718 1562 730 1577 ‚
762 1542 828 1572 tua
842 1563 854 1580 ‚
887 1537 962 1575 Cn.
985 1538 1176 1585 Lentule,
1207 1542 1342 1581 eadem
1362 1545 1482 1586 virtus
1500 1548 1601 1596 fuit,
1634 1567 1720 1604 quae

320 1592 360 1631 in
381 1594 530 1646 privato
548 1597 744 1648 quondam
767 1608 834 1639 tuo
853 1615 1020 1654 proavo:
1054 1614 1104 1650 te,
1129 1619 1287 1653 nomen,
1318 1609 1543 1663 imperium,
1566 1631 1717 1665 vocem,

320 1659 512 1712 aspectum
527 1691 538 1707 ,
570 1663 765 1716 impetum
786 1676 899 1706 tuum
913 1697 926 1713 ,
956 1669 1053 1709 stans
1073 1671 1221 1711 senatus
1236 1704 1247 1719 ,
1278 1677 1500 1731 equitesque
1521 1683 1689 1723 Romani
1703 1715 1716 1732 ,

320 1734 358 1763 et
387 1740 522 1766 omnes
559 1728 665 1775 boni,
696 1731 965 1784 sequebantur,
996 1749 1089 1775 cum
1123 1739 1190 1776 ille
1223 1740 1417 1782 servorum
1451 1756 1489 1784 et
1519 1748 1716 1790 ludiorum

318 1791 565 1831 multitudini
605 1795 777 1835 senatum
813 1801 1084 1854 populumque
1123 1804 1349 1846 Romanum
1368 1839 1379 1853 ,
1420 1811 1595 1852 vinctum
1636 1816 1715 1870 ipso

319 1858 485 1897 consefl‘u
500 1888 511 1904 ,
542 1869 580 1899 et
600 1863 850 1904 constrictum
871 1867 1092 1920 spectaculis
1110 1898 1122 1915 ‚
1153 1880 1269 1925 atque
1290 1874 1526 1928 impeditum
1547 1882 1656 1920 turba
1677 1892 1715 1922 et

317 1925 514 1976 angustiis,
546 1928 767 1969 tradidiffet.

371 1990 450 2033 An,
483 1990 506 2028 fi
528 1991 654 2031 ludius
675 1996 860 2042 constitit,
883 2007 947 2037 aut
968 2000 1113 2040 tibicen
1133 2013 1289 2056 repente
1308 2009 1511 2055 conticuit,
1534 2022 1598 2051 aut
1618 2028 1714 2066 puer

315 2053 381 2091 ille
403 2057 588 2106 patrimus
609 2070 647 2097 et
667 2062 868 2101 matrimus
890 2064 916 2101 fi
939 2074 1077 2106 terram
1099 2082 1176 2107 non
1202 2073 1341 2118 tenuit,
1373 2084 1437 2113 aut
1459 2077 1616 2123 tensam,
1646 2090 1710 2118 aut

316 2118 444 2157 lorum
479 2123 620 2168 omifit‚
652 2135 716 2163 aut
751 2127 774 2164 s1
809 2128 926 2167 aedilis
960 2133 1076 2170 verbo
1106 2144 1171 2172 aut
1201 2136 1368 2189 simpulo
1397 2140 1594 2188 aberravit,
1626 2144 1709 2181 ludi

315 2185 402 2223 sunt
423 2200 499 2224 non
521 2189 591 2226 rite
612 2189 699 2228 faeci
717 2221 728 2236 ,
759 2206 878 2246 eaque
897 2206 1015 2235 errata
1033 2200 1236 2252 expiantur
1252 2231 1263 2246 ,
1295 2213 1333 2241 et
1357 2216 1504 2244 mentes
1533 2209 1713 2247 Deorum

316 2251 598 2293 immortalium
619 2256 801 2296 ludorum
821 2260 1089 2302 instauratione
1114 2266 1339 2318 placantur:
1372 2271 1397 2308 si
1425 2272 1507 2309 ludi
1534 2273 1580 2310 ab
1606 2274 1705 2312 laeti-

316 2318 367 2354 tia
402 2318 447 2355 ad
483 2330 634 2359 metum
669 2324 831 2363 traduffi
865 2326 964 2373 sunt,
997 2329 1022 2366 s1
1058 2344 1135 2368 non
1170 2332 1383 2380 intermiffi,
1419 2336 1479 2373 sed
1513 2341 1703 2392 perempti

314 2391 427 2435 atque
461 2385 596 2424 sublati
629 2386 728 2433 sunt,
760 2389 785 2426 sl
817 2392 964 2431 civitati
994 2396 1172 2434 universae
1202 2397 1336 2436 scelere
1368 2401 1462 2451 ejus,
1494 2404 1560 2454 qui
1592 2404 1702 2443 ludos

313 2448 358 2486 ad
378 2449 528 2489 luctum
550 2451 721 2491 conferre
743 2455 876 2502 voluit,
909 2459 1119 2498 extiterunt
1139 2461 1216 2499 dies
1238 2462 1296 2500 illi
1316 2462 1398 2502 festi
1419 2479 1514 2518 pene
1535 2467 1700 2516 funesti3
