<?xml version="1.0" encoding="UTF-8"?>
<!DOCTYPE html PUBLIC "-//W3C//DTD XHTML 1.0 Transitional//EN"
    "http://www.w3.org/TR/xhtml1/DTD/xhtml1-transitional.dtd">
<html xmlns="http://www.w3.org/1999/xhtml" xml:lang="en" lang="en">
 <head>
  <title>
</title>
<meta http-equiv="Content-Type" content="text/html;charset=utf-8" />
  <meta name='ocr-system' content='tesseract 3.04.00' />
  <meta name='ocr-capabilities' content='ocr_page ocr_carea ocr_par ocr_line ocrx_word'/>
</head>
<body>
  <div class='ocr_page' id='page_1' title='image "./operacumindicibu05ciceuoft_0347.png"; bbox 0 0 2212 2835; ppageno 0'>
   <div class='ocr_carea' id='block_1_1' title="bbox 723 149 1731 202">
    <p class='ocr_par' dir='ltr' id='par_1_1' title="bbox 723 149 1731 202">
     <span class='ocr_line' id='line_1_1' title="bbox 723 149 1731 202; baseline -0.003 -12"><span class='ocrx_word' id='word_1_1' title='bbox 723 151 907 190; x_wconf 84' lang='lat' dir='ltr'>POST</span> <span class='ocrx_word' id='word_1_2' title='bbox 965 149 1338 188; x_wconf 82' lang='lat' dir='ltr'><strong>REDITUM.</strong></span> <span class='ocrx_word' id='word_1_3' title='bbox 1653 162 1731 202; x_wconf 72' lang='lat'>333</span> 
     </span>
    </p>
   </div>
   <div class='ocr_carea' id='block_1_2' title="bbox 329 248 1733 2490">
    <p class='ocr_par' dir='ltr' id='par_1_2' title="bbox 336 248 1733 504">
     <span class='ocr_line' id='line_1_2' title="bbox 338 248 1733 306; baseline -0.003 -15"><span class='ocrx_word' id='word_1_4' title='bbox 338 255 503 298; x_wconf 68' lang='lat' dir='ltr'>austore,</span> <span class='ocrx_word' id='word_1_5' title='bbox 525 261 561 291; x_wconf 92' lang='lat' dir='ltr'>et</span> <span class='ocrx_word' id='word_1_6' title='bbox 581 252 720 306; x_wconf 88' lang='lat' dir='ltr'>pariter</span> <span class='ocrx_word' id='word_1_7' title='bbox 739 251 924 291; x_wconf 84' lang='lat' dir='ltr'>referente</span> <span class='ocrx_word' id='word_1_8' title='bbox 943 251 1104 304; x_wconf 87' lang='lat' dir='ltr'>collega,</span> <span class='ocrx_word' id='word_1_9' title='bbox 1126 249 1452 303; x_wconf 81' lang='lat' dir='ltr'>frequentiffimus</span> <span class='ocrx_word' id='word_1_10' title='bbox 1470 248 1630 296; x_wconf 83' lang='lat' dir='ltr'>senatus,</span> <span class='ocrx_word' id='word_1_11' title='bbox 1653 264 1733 288; x_wconf 87' lang='lat' dir='ltr'>uno</span> 
     </span>
     <span class='ocr_line' id='line_1_3' title="bbox 337 315 1733 369; baseline -0.001 -13"><span class='ocrx_word' id='word_1_12' title='bbox 337 318 590 364; x_wconf 73' lang='lat' dir='ltr'>dissentiente,</span> <span class='ocrx_word' id='word_1_13' title='bbox 621 318 730 356; x_wconf 92' lang='lat' dir='ltr'>nullo</span> <span class='ocrx_word' id='word_1_14' title='bbox 747 317 1021 361; x_wconf 84' lang='lat' dir='ltr'>intercedente,</span> <span class='ocrx_word' id='word_1_15' title='bbox 1043 316 1272 369; x_wconf 86' lang='lat' dir='ltr'>dignitatern</span> <span class='ocrx_word' id='word_1_16' title='bbox 1294 329 1421 353; x_wconf 85' lang='lat' dir='ltr'>meam</span> <span class='ocrx_word' id='word_1_17' title='bbox 1443 315 1584 368; x_wconf 85' lang='lat' dir='ltr'>quibus</span> <span class='ocrx_word' id='word_1_18' title='bbox 1602 317 1733 369; x_wconf 89' lang='lat' dir='ltr'>potuit</span> 
     </span>
     <span class='ocr_line' id='line_1_4' title="bbox 336 382 1731 438; baseline -0.001 -15"><span class='ocrx_word' id='word_1_19' title='bbox 336 386 460 423; x_wconf 87' lang='lat' dir='ltr'>verbis</span> <span class='ocrx_word' id='word_1_20' title='bbox 489 385 729 438; x_wconf 85' lang='lat' dir='ltr'>ampliffimis</span> <span class='ocrx_word' id='word_1_21' title='bbox 750 384 923 428; x_wconf 87' lang='lat' dir='ltr'>ornavit;</span> <span class='ocrx_word' id='word_1_22' title='bbox 956 383 1116 421; x_wconf 88' lang='lat' dir='ltr'>salutem</span> <span class='ocrx_word' id='word_1_23' title='bbox 1144 382 1273 426; x_wconf 88' lang='lat' dir='ltr'>vobis,</span> <span class='ocrx_word' id='word_1_24' title='bbox 1306 382 1545 434; x_wconf 88' lang='lat' dir='ltr'>municipiis,</span> <span class='ocrx_word' id='word_1_25' title='bbox 1577 383 1731 422; x_wconf 88' lang='lat' dir='ltr'>coloni-</span> 
     </span>
     <span class='ocr_line' id='line_1_5' title="bbox 338 449 995 504; baseline -0.002 -16"><span class='ocrx_word' id='word_1_26' title='bbox 338 451 444 504; x_wconf 90' lang='lat' dir='ltr'>isque</span> <span class='ocrx_word' id='word_1_27' title='bbox 465 452 663 496; x_wconf 84' lang='lat' dir='ltr'>omnibus,</span> <span class='ocrx_word' id='word_1_28' title='bbox 694 449 995 489; x_wconf 86' lang='lat' dir='ltr'>commendavit.</span> 
     </span>
    </p>

    <p class='ocr_par' dir='ltr' id='par_1_3' title="bbox 333 513 1733 901">
     <span class='ocr_line' id='line_1_6' title="bbox 393 513 1731 569; baseline -0.001 -13"><span class='ocrx_word' id='word_1_29' title='bbox 393 519 450 556; x_wconf 82' lang='lat' dir='ltr'>Ita</span> <span class='ocrx_word' id='word_1_30' title='bbox 480 532 563 562; x_wconf 91' lang='lat' dir='ltr'>me,</span> <span class='ocrx_word' id='word_1_31' title='bbox 595 518 745 555; x_wconf 89' lang='lat' dir='ltr'>nudum</span> <span class='ocrx_word' id='word_1_32' title='bbox 777 530 797 554; x_wconf 89' lang='lat' dir='ltr'>a</span> <span class='ocrx_word' id='word_1_33' title='bbox 826 515 1078 569; x_wconf 82' lang='lat' dir='ltr'>propinquis,</span> <span class='ocrx_word' id='word_1_34' title='bbox 1109 513 1215 552; x_wconf 85' lang='lat' dir='ltr'>nulla</span> <span class='ocrx_word' id='word_1_35' title='bbox 1246 514 1477 566; x_wconf 80' lang='lat' dir='ltr'>cognatione</span> <span class='ocrx_word' id='word_1_36' title='bbox 1508 516 1731 562; x_wconf 88' lang='lat' dir='ltr'>munitum,</span> 
     </span>
     <span class='ocr_line' id='line_1_7' title="bbox 334 580 1733 636; baseline -0.001 -14"><span class='ocrx_word' id='word_1_37' title='bbox 334 583 523 629; x_wconf 86' lang='lat' dir='ltr'>consules,</span> <span class='ocrx_word' id='word_1_38' title='bbox 544 592 736 636; x_wconf 87' lang='lat' dir='ltr'>praetores,</span> <span class='ocrx_word' id='word_1_39' title='bbox 765 582 912 620; x_wconf 90' lang='lat' dir='ltr'>tribuni</span> <span class='ocrx_word' id='word_1_40' title='bbox 930 581 1071 634; x_wconf 87' lang='lat' dir='ltr'>plebis,</span> <span class='ocrx_word' id='word_1_41' title='bbox 1091 580 1252 625; x_wconf 84' lang='lat' dir='ltr'>senatus,</span> <span class='ocrx_word' id='word_1_42' title='bbox 1283 581 1392 619; x_wconf 87' lang='lat' dir='ltr'>Italia</span> <span class='ocrx_word' id='word_1_43' title='bbox 1411 583 1562 626; x_wconf 63' lang='lat' dir='ltr'>cuneta,</span> <span class='ocrx_word' id='word_1_44' title='bbox 1585 582 1733 635; x_wconf 85' lang='lat' dir='ltr'>semper</span> 
     </span>
     <span class='ocr_line' id='line_1_8' title="bbox 334 646 1732 701; baseline -0.001 -15"><span class='ocrx_word' id='word_1_45' title='bbox 334 662 354 686; x_wconf 90' lang='lat' dir='ltr'>a</span> <span class='ocrx_word' id='word_1_46' title='bbox 375 649 482 686; x_wconf 88' lang='lat' dir='ltr'>vobis</span> <span class='ocrx_word' id='word_1_47' title='bbox 503 648 701 701; x_wconf 89' lang='lat' dir='ltr'>deprecata</span> <span class='ocrx_word' id='word_1_48' title='bbox 720 647 795 686; x_wconf 88' lang='lat' dir='ltr'>est:</span> <span class='ocrx_word' id='word_1_49' title='bbox 829 647 995 699; x_wconf 87' lang='lat' dir='ltr'>denique</span> <span class='ocrx_word' id='word_1_50' title='bbox 1015 660 1166 692; x_wconf 86' lang='lat' dir='ltr'>omnes,</span> <span class='ocrx_word' id='word_1_51' title='bbox 1197 647 1265 699; x_wconf 90' lang='lat' dir='ltr'>qui</span> <span class='ocrx_word' id='word_1_52' title='bbox 1293 646 1421 685; x_wconf 88' lang='lat' dir='ltr'>vestris</span> <span class='ocrx_word' id='word_1_53' title='bbox 1448 647 1629 686; x_wconf 85' lang='lat' dir='ltr'>maximis</span> <span class='ocrx_word' id='word_1_54' title='bbox 1662 649 1732 686; x_wconf 88' lang='lat' dir='ltr'>be-</span> 
     </span>
     <span class='ocr_line' id='line_1_9' title="bbox 333 713 1732 767; baseline 0 -14"><span class='ocrx_word' id='word_1_55' title='bbox 333 714 482 753; x_wconf 88' lang='lat' dir='ltr'>neficiis</span> <span class='ocrx_word' id='word_1_56' title='bbox 503 713 790 767; x_wconf 82' lang='lat' dir='ltr'>honoribusque</span> <span class='ocrx_word' id='word_1_57' title='bbox 808 714 894 753; x_wconf 87' lang='lat' dir='ltr'>sunt</span> <span class='ocrx_word' id='word_1_58' title='bbox 914 714 1051 759; x_wconf 87' lang='lat' dir='ltr'>ornati,</span> <span class='ocrx_word' id='word_1_59' title='bbox 1069 713 1245 766; x_wconf 57' lang='lat' dir='ltr'>produCki</span> <span class='ocrx_word' id='word_1_60' title='bbox 1266 713 1311 751; x_wconf 83' lang='lat' dir='ltr'>ad</span> <span class='ocrx_word' id='word_1_61' title='bbox 1328 727 1394 751; x_wconf 87' lang='lat' dir='ltr'>vos</span> <span class='ocrx_word' id='word_1_62' title='bbox 1412 714 1459 752; x_wconf 87' lang='lat' dir='ltr'>ab</span> <span class='ocrx_word' id='word_1_63' title='bbox 1480 714 1630 759; x_wconf 88' lang='lat' dir='ltr'>eodem,</span> <span class='ocrx_word' id='word_1_64' title='bbox 1653 729 1732 753; x_wconf 90' lang='lat' dir='ltr'>non</span> 
     </span>
     <span class='ocr_line' id='line_1_10' title="bbox 334 779 1732 825; baseline 0.001 -5"><span class='ocrx_word' id='word_1_65' title='bbox 334 782 459 820; x_wconf 89' lang='lat' dir='ltr'>solum</span> <span class='ocrx_word' id='word_1_66' title='bbox 480 783 526 821; x_wconf 83' lang='lat' dir='ltr'>ad</span> <span class='ocrx_word' id='word_1_67' title='bbox 547 796 610 821; x_wconf 92' lang='lat' dir='ltr'>me</span> <span class='ocrx_word' id='word_1_68' title='bbox 631 782 931 820; x_wconf 89' lang='lat' dir='ltr'>conservandum</span> <span class='ocrx_word' id='word_1_69' title='bbox 953 794 1019 819; x_wconf 88' lang='lat' dir='ltr'>vos</span> <span class='ocrx_word' id='word_1_70' title='bbox 1040 779 1230 819; x_wconf 86' lang='lat' dir='ltr'>cohortati</span> <span class='ocrx_word' id='word_1_71' title='bbox 1252 780 1352 825; x_wconf 85' lang='lat' dir='ltr'>sunt,</span> <span class='ocrx_word' id='word_1_72' title='bbox 1383 780 1445 818; x_wconf 89' lang='lat' dir='ltr'>sed</span> <span class='ocrx_word' id='word_1_73' title='bbox 1465 781 1582 820; x_wconf 84' lang='lat' dir='ltr'>etiam</span> <span class='ocrx_word' id='word_1_74' title='bbox 1603 795 1732 821; x_wconf 88' lang='lat' dir='ltr'>rerum</span> 
     </span>
     <span class='ocr_line' id='line_1_11' title="bbox 334 845 1513 901; baseline -0.001 -14"><span class='ocrx_word' id='word_1_75' title='bbox 334 862 508 887; x_wconf 87' lang='lat' dir='ltr'>mearum</span> <span class='ocrx_word' id='word_1_76' title='bbox 529 849 718 901; x_wconf 85' lang='lat' dir='ltr'>gestarum</span> <span class='ocrx_word' id='word_1_77' title='bbox 740 849 922 892; x_wconf 65' lang='lat' dir='ltr'>auetores,</span> <span class='ocrx_word' id='word_1_78' title='bbox 951 847 1074 892; x_wconf 87' lang='lat' dir='ltr'>testes,</span> <span class='ocrx_word' id='word_1_79' title='bbox 1107 847 1318 885; x_wconf 84' lang='lat' dir='ltr'>laudatores</span> <span class='ocrx_word' id='word_1_80' title='bbox 1341 845 1513 886; x_wconf 88' lang='lat' dir='ltr'>fuerunt.</span> 
     </span>
    </p>

    <p class='ocr_par' dir='ltr' id='par_1_4' title="bbox 332 912 1731 1698">
     <span class='ocr_line' id='line_1_12' title="bbox 390 912 1729 967; baseline -0.001 -13"><span class='ocrx_word' id='word_1_81' title='bbox 390 916 483 954; x_wconf 90' lang='lat' dir='ltr'><strong>VII.</strong></span> <span class='ocrx_word' id='word_1_82' title='bbox 515 915 696 966; x_wconf 87' lang='lat' dir='ltr'>Qorum</span> <span class='ocrx_word' id='word_1_83' title='bbox 717 915 894 967; x_wconf 87' lang='lat' dir='ltr'>princeps</span> <span class='ocrx_word' id='word_1_84' title='bbox 924 914 971 952; x_wconf 89' lang='lat' dir='ltr'>ad</span> <span class='ocrx_word' id='word_1_85' title='bbox 998 912 1254 952; x_wconf 84' lang='lat' dir='ltr'>cohortandos</span> <span class='ocrx_word' id='word_1_86' title='bbox 1274 927 1354 959; x_wconf 83' lang='lat' dir='ltr'>vos,</span> <span class='ocrx_word' id='word_1_87' title='bbox 1385 923 1422 952; x_wconf 92' lang='lat' dir='ltr'>et</span> <span class='ocrx_word' id='word_1_88' title='bbox 1449 914 1495 952; x_wconf 84' lang='lat' dir='ltr'>ad</span> <span class='ocrx_word' id='word_1_89' title='bbox 1526 915 1729 967; x_wconf 87' lang='lat' dir='ltr'>rogandos,</span> 
     </span>
     <span class='ocr_line' id='line_1_13' title="bbox 334 979 1729 1035; baseline -0.001 -15"><span class='ocrx_word' id='word_1_90' title='bbox 334 980 410 1020; x_wconf 87' lang='lat' dir='ltr'>fuit</span> <span class='ocrx_word' id='word_1_91' title='bbox 431 983 506 1020; x_wconf 90' lang='lat' dir='ltr'>Cn.</span> <span class='ocrx_word' id='word_1_92' title='bbox 531 981 756 1035; x_wconf 86' lang='lat' dir='ltr'>Pompeius,</span> <span class='ocrx_word' id='word_1_93' title='bbox 780 981 836 1018; x_wconf 89' lang='lat' dir='ltr'>vir</span> <span class='ocrx_word' id='word_1_94' title='bbox 856 980 1051 1025; x_wconf 90' lang='lat' dir='ltr'>omnium,</span> <span class='ocrx_word' id='word_1_95' title='bbox 1080 980 1148 1032; x_wconf 91' lang='lat' dir='ltr'>qui</span> <span class='ocrx_word' id='word_1_96' title='bbox 1169 979 1269 1024; x_wconf 90' lang='lat' dir='ltr'>sunt,</span> <span class='ocrx_word' id='word_1_97' title='bbox 1300 980 1471 1025; x_wconf 88' lang='lat' dir='ltr'>fuerunt,</span> <span class='ocrx_word' id='word_1_98' title='bbox 1502 991 1627 1026; x_wconf 89' lang='lat' dir='ltr'>erunt,</span> <span class='ocrx_word' id='word_1_99' title='bbox 1651 982 1729 1019; x_wconf 88' lang='lat' dir='ltr'>vir-</span> 
     </span>
     <span class='ocr_line' id='line_1_14' title="bbox 335 1045 1729 1100; baseline 0 -14"><span class='ocrx_word' id='word_1_100' title='bbox 335 1057 431 1093; x_wconf 89' lang='lat' dir='ltr'>tute,</span> <span class='ocrx_word' id='word_1_101' title='bbox 462 1048 656 1100; x_wconf 85' lang='lat' dir='ltr'>sapientia,</span> <span class='ocrx_word' id='word_1_102' title='bbox 687 1060 729 1085; x_wconf 88' lang='lat' dir='ltr'>ac</span> <span class='ocrx_word' id='word_1_103' title='bbox 756 1047 878 1099; x_wconf 87' lang='lat' dir='ltr'>gloria</span> <span class='ocrx_word' id='word_1_104' title='bbox 906 1047 1108 1099; x_wconf 86' lang='lat' dir='ltr'>princeps:</span> <span class='ocrx_word' id='word_1_105' title='bbox 1141 1046 1210 1098; x_wconf 88' lang='lat' dir='ltr'>qui</span> <span class='ocrx_word' id='word_1_106' title='bbox 1237 1045 1336 1083; x_wconf 90' lang='lat' dir='ltr'>mihi</span> <span class='ocrx_word' id='word_1_107' title='bbox 1366 1060 1463 1084; x_wconf 88' lang='lat' dir='ltr'>unus</span> <span class='ocrx_word' id='word_1_108' title='bbox 1492 1047 1559 1084; x_wconf 90' lang='lat' dir='ltr'>uni</span> <span class='ocrx_word' id='word_1_109' title='bbox 1580 1048 1729 1100; x_wconf 84' lang='lat' dir='ltr'>privato</span> 
     </span>
     <span class='ocr_line' id='line_1_15' title="bbox 334 1112 1728 1165; baseline -0.001 -12"><span class='ocrx_word' id='word_1_110' title='bbox 334 1116 461 1154; x_wconf 85' lang='lat' dir='ltr'>amico</span> <span class='ocrx_word' id='word_1_111' title='bbox 492 1115 625 1152; x_wconf 88' lang='lat' dir='ltr'>eadem</span> <span class='ocrx_word' id='word_1_112' title='bbox 656 1114 787 1152; x_wconf 85' lang='lat' dir='ltr'>onmia</span> <span class='ocrx_word' id='word_1_113' title='bbox 817 1113 937 1158; x_wconf 90' lang='lat' dir='ltr'>dedit,</span> <span class='ocrx_word' id='word_1_114' title='bbox 970 1127 1054 1165; x_wconf 80' lang='lat' dir='ltr'>quae</span> <span class='ocrx_word' id='word_1_115' title='bbox 1081 1112 1260 1150; x_wconf 85' lang='lat' dir='ltr'>universae</span> <span class='ocrx_word' id='word_1_116' title='bbox 1286 1113 1521 1165; x_wconf 69' lang='lat' dir='ltr'>reipublicae,</span> <span class='ocrx_word' id='word_1_117' title='bbox 1553 1114 1728 1160; x_wconf 74' lang='lat' dir='ltr'>salutem,</span> 
     </span>
     <span class='ocr_line' id='line_1_16' title="bbox 333 1178 1727 1234; baseline -0.001 -13"><span class='ocrx_word' id='word_1_118' title='bbox 333 1183 473 1227; x_wconf 88' lang='lat' dir='ltr'>otium,</span> <span class='ocrx_word' id='word_1_119' title='bbox 506 1181 750 1234; x_wconf 88' lang='lat' dir='ltr'>dignitatern.</span> <span class='ocrx_word' id='word_1_120' title='bbox 787 1181 910 1232; x_wconf 88' lang='lat' dir='ltr'>Cujus</span> <span class='ocrx_word' id='word_1_121' title='bbox 939 1179 1061 1218; x_wconf 84' lang='lat' dir='ltr'>oratio</span> <span class='ocrx_word' id='word_1_122' title='bbox 1091 1178 1181 1224; x_wconf 85' lang='lat' dir='ltr'>fuit,</span> <span class='ocrx_word' id='word_1_123' title='bbox 1219 1180 1551 1231; x_wconf 87' lang='lat' dir='ltr'>quemadmodum</span> <span class='ocrx_word' id='word_1_124' title='bbox 1584 1182 1727 1234; x_wconf 89' lang='lat' dir='ltr'>accepi,</span> 
     </span>
     <span class='ocr_line' id='line_1_17' title="bbox 334 1245 1731 1301; baseline -0.001 -15"><span class='ocrx_word' id='word_1_125' title='bbox 334 1249 544 1301; x_wconf 87' lang='lat' dir='ltr'>tripartita:</span> <span class='ocrx_word' id='word_1_126' title='bbox 577 1248 750 1300; x_wconf 85' lang='lat' dir='ltr'>primum</span> <span class='ocrx_word' id='word_1_127' title='bbox 771 1260 836 1284; x_wconf 90' lang='lat' dir='ltr'>vos</span> <span class='ocrx_word' id='word_1_128' title='bbox 859 1247 1007 1291; x_wconf 86' lang='lat' dir='ltr'>docuit,</span> <span class='ocrx_word' id='word_1_129' title='bbox 1039 1247 1135 1284; x_wconf 87' lang='lat' dir='ltr'>meis</span> <span class='ocrx_word' id='word_1_130' title='bbox 1156 1245 1323 1284; x_wconf 70' lang='lat' dir='ltr'>consiliis</span> <span class='ocrx_word' id='word_1_131' title='bbox 1351 1246 1636 1298; x_wconf 88' lang='lat' dir='ltr'>rempublicam</span> <span class='ocrx_word' id='word_1_132' title='bbox 1659 1247 1731 1285; x_wconf 81' lang='lat' dir='ltr'>effe</span> 
     </span>
     <span class='ocr_line' id='line_1_18' title="bbox 332 1312 1727 1366; baseline -0.001 -13"><span class='ocrx_word' id='word_1_133' title='bbox 332 1315 529 1359; x_wconf 86' lang='lat' dir='ltr'>servatam,</span> <span class='ocrx_word' id='word_1_134' title='bbox 565 1314 794 1366; x_wconf 86' lang='lat' dir='ltr'>causamque</span> <span class='ocrx_word' id='word_1_135' title='bbox 826 1326 955 1350; x_wconf 89' lang='lat' dir='ltr'>meam</span> <span class='ocrx_word' id='word_1_136' title='bbox 989 1325 1082 1350; x_wconf 88' lang='lat' dir='ltr'>curn</span> <span class='ocrx_word' id='word_1_137' title='bbox 1111 1312 1316 1350; x_wconf 91' lang='lat' dir='ltr'>communi</span> <span class='ocrx_word' id='word_1_138' title='bbox 1349 1312 1467 1350; x_wconf 84' lang='lat' dir='ltr'>salute</span> <span class='ocrx_word' id='word_1_139' title='bbox 1499 1313 1727 1364; x_wconf 83' lang='lat' dir='ltr'>conjunxit;</span> 
     </span>
     <span class='ocr_line' id='line_1_19' title="bbox 332 1378 1728 1433; baseline -0.001 -14"><span class='ocrx_word' id='word_1_140' title='bbox 332 1380 580 1433; x_wconf 87' lang='lat' dir='ltr'>hortatusque</span> <span class='ocrx_word' id='word_1_141' title='bbox 608 1380 675 1425; x_wconf 89' lang='lat' dir='ltr'>est,</span> <span class='ocrx_word' id='word_1_142' title='bbox 707 1389 750 1418; x_wconf 91' lang='lat' dir='ltr'>ut</span> <span class='ocrx_word' id='word_1_143' title='bbox 775 1380 1040 1418; x_wconf 66' lang='lat' dir='ltr'>auctoritatem</span> <span class='ocrx_word' id='word_1_144' title='bbox 1067 1379 1230 1423; x_wconf 85' lang='lat' dir='ltr'>senatus,</span> <span class='ocrx_word' id='word_1_145' title='bbox 1267 1378 1407 1416; x_wconf 87' lang='lat' dir='ltr'>statum</span> <span class='ocrx_word' id='word_1_146' title='bbox 1429 1379 1610 1424; x_wconf 81' lang='lat' dir='ltr'>civitatis,</span> <span class='ocrx_word' id='word_1_147' title='bbox 1646 1379 1728 1418; x_wconf 90' lang='lat' dir='ltr'>sor-</span> 
     </span>
     <span class='ocr_line' id='line_1_20' title="bbox 334 1444 1726 1498; baseline -0.001 -13"><span class='ocrx_word' id='word_1_148' title='bbox 334 1456 444 1486; x_wconf 87' lang='lat' dir='ltr'>tunas</span> <span class='ocrx_word' id='word_1_149' title='bbox 465 1447 560 1485; x_wconf 85' lang='lat' dir='ltr'>civis</span> <span class='ocrx_word' id='word_1_150' title='bbox 582 1446 678 1485; x_wconf 91' lang='lat' dir='ltr'>bene</span> <span class='ocrx_word' id='word_1_151' title='bbox 698 1446 843 1490; x_wconf 87' lang='lat' dir='ltr'>meriti,</span> <span class='ocrx_word' id='word_1_152' title='bbox 875 1444 1152 1482; x_wconf 83' lang='lat' dir='ltr'>defenderetis:</span> <span class='ocrx_word' id='word_1_153' title='bbox 1186 1454 1272 1482; x_wconf 91' lang='lat' dir='ltr'>tum</span> <span class='ocrx_word' id='word_1_154' title='bbox 1293 1445 1333 1482; x_wconf 88' lang='lat' dir='ltr'>in</span> <span class='ocrx_word' id='word_1_155' title='bbox 1354 1445 1565 1497; x_wconf 84' lang='lat' dir='ltr'>perorando</span> <span class='ocrx_word' id='word_1_156' title='bbox 1585 1445 1726 1498; x_wconf 85' lang='lat' dir='ltr'>posuit,</span> 
     </span>
     <span class='ocr_line' id='line_1_21' title="bbox 333 1509 1729 1565; baseline -0.001 -14"><span class='ocrx_word' id='word_1_157' title='bbox 333 1526 398 1551; x_wconf 88' lang='lat' dir='ltr'>vos</span> <span class='ocrx_word' id='word_1_158' title='bbox 433 1514 557 1565; x_wconf 86' lang='lat' dir='ltr'>rogari</span> <span class='ocrx_word' id='word_1_159' title='bbox 590 1526 611 1550; x_wconf 86' lang='lat' dir='ltr'>a</span> <span class='ocrx_word' id='word_1_160' title='bbox 641 1512 786 1556; x_wconf 85' lang='lat' dir='ltr'>senatu,</span> <span class='ocrx_word' id='word_1_161' title='bbox 821 1510 945 1563; x_wconf 85' lang='lat' dir='ltr'>rogari</span> <span class='ocrx_word' id='word_1_162' title='bbox 979 1510 1026 1547; x_wconf 90' lang='lat' dir='ltr'>ab</span> <span class='ocrx_word' id='word_1_163' title='bbox 1057 1509 1253 1562; x_wconf 88' lang='lat' dir='ltr'>equitibus</span> <span class='ocrx_word' id='word_1_164' title='bbox 1286 1510 1490 1556; x_wconf 84' lang='lat' dir='ltr'>Romanis,</span> <span class='ocrx_word' id='word_1_165' title='bbox 1527 1512 1650 1564; x_wconf 85' lang='lat' dir='ltr'>rogari</span> <span class='ocrx_word' id='word_1_166' title='bbox 1680 1512 1729 1550; x_wconf 81' lang='lat' dir='ltr'>ab</span> 
     </span>
     <span class='ocr_line' id='line_1_22' title="bbox 333 1575 1728 1629; baseline -0.001 -13"><span class='ocrx_word' id='word_1_167' title='bbox 333 1578 442 1617; x_wconf 81' lang='lat' dir='ltr'>Italia</span> <span class='ocrx_word' id='word_1_168' title='bbox 460 1579 620 1616; x_wconf 65' lang='lat' dir='ltr'>cuneta:</span> <span class='ocrx_word' id='word_1_169' title='bbox 661 1577 827 1629; x_wconf 89' lang='lat' dir='ltr'>denique</span> <span class='ocrx_word' id='word_1_170' title='bbox 859 1575 936 1629; x_wconf 91' lang='lat' dir='ltr'>ipse</span> <span class='ocrx_word' id='word_1_171' title='bbox 967 1575 1011 1613; x_wconf 85' lang='lat' dir='ltr'>ad</span> <span class='ocrx_word' id='word_1_172' title='bbox 1042 1584 1263 1613; x_wconf 87' lang='lat' dir='ltr'>extremum</span> <span class='ocrx_word' id='word_1_173' title='bbox 1295 1589 1364 1629; x_wconf 89' lang='lat' dir='ltr'>pro</span> <span class='ocrx_word' id='word_1_174' title='bbox 1394 1589 1480 1614; x_wconf 88' lang='lat' dir='ltr'>mea</span> <span class='ocrx_word' id='word_1_175' title='bbox 1511 1590 1576 1615; x_wconf 89' lang='lat' dir='ltr'>vos</span> <span class='ocrx_word' id='word_1_176' title='bbox 1609 1577 1728 1615; x_wconf 84' lang='lat' dir='ltr'>salute</span> 
     </span>
     <span class='ocr_line' id='line_1_23' title="bbox 334 1642 1291 1698; baseline -0.004 -14"><span class='ocrx_word' id='word_1_177' title='bbox 334 1659 412 1684; x_wconf 91' lang='lat' dir='ltr'>non</span> <span class='ocrx_word' id='word_1_178' title='bbox 433 1645 580 1698; x_wconf 85' lang='lat' dir='ltr'>rogavit</span> <span class='ocrx_word' id='word_1_179' title='bbox 601 1644 739 1688; x_wconf 90' lang='lat' dir='ltr'>solum,</span> <span class='ocrx_word' id='word_1_180' title='bbox 772 1657 909 1683; x_wconf 89' lang='lat' dir='ltr'>verum</span> <span class='ocrx_word' id='word_1_181' title='bbox 931 1643 1048 1681; x_wconf 87' lang='lat' dir='ltr'>etiam</span> <span class='ocrx_word' id='word_1_182' title='bbox 1069 1642 1291 1680; x_wconf 82' lang='lat' dir='ltr'>obsecravit.</span> 
     </span>
    </p>

    <p class='ocr_par' dir='ltr' id='par_1_5' title="bbox 329 1709 1729 2490">
     <span class='ocr_line' id='line_1_24' title="bbox 387 1709 1727 1764; baseline -0.001 -14"><span class='ocrx_word' id='word_1_183' title='bbox 387 1713 495 1750; x_wconf 86' lang='lat' dir='ltr'>Huic</span> <span class='ocrx_word' id='word_1_184' title='bbox 516 1724 588 1764; x_wconf 88' lang='lat' dir='ltr'>ego</span> <span class='ocrx_word' id='word_1_185' title='bbox 607 1709 775 1754; x_wconf 80' lang='lat' dir='ltr'>homIni,</span> <span class='ocrx_word' id='word_1_186' title='bbox 812 1710 999 1760; x_wconf 88' lang='lat' dir='ltr'>Qirites‚</span> <span class='ocrx_word' id='word_1_187' title='bbox 1031 1718 1182 1747; x_wconf 90' lang='lat' dir='ltr'>tantum</span> <span class='ocrx_word' id='word_1_188' title='bbox 1204 1709 1338 1755; x_wconf 88' lang='lat' dir='ltr'>debeo,</span> <span class='ocrx_word' id='word_1_189' title='bbox 1370 1719 1561 1762; x_wconf 85' lang='lat' dir='ltr'>quantum</span> <span class='ocrx_word' id='word_1_190' title='bbox 1592 1709 1727 1748; x_wconf 87' lang='lat' dir='ltr'>homi-</span> 
     </span>
     <span class='ocr_line' id='line_1_25' title="bbox 330 1775 1726 1828; baseline -0.002 -10"><span class='ocrx_word' id='word_1_191' title='bbox 330 1793 420 1818; x_wconf 85' lang='lat' dir='ltr'>nem</span> <span class='ocrx_word' id='word_1_192' title='bbox 441 1777 596 1818; x_wconf 88' lang='lat' dir='ltr'>homini</span> <span class='ocrx_word' id='word_1_193' title='bbox 615 1777 751 1815; x_wconf 89' lang='lat' dir='ltr'>debere</span> <span class='ocrx_word' id='word_1_194' title='bbox 771 1777 835 1814; x_wconf 86' lang='lat' dir='ltr'>vix</span> <span class='ocrx_word' id='word_1_195' title='bbox 855 1775 910 1814; x_wconf 86' lang='lat' dir='ltr'>fas</span> <span class='ocrx_word' id='word_1_196' title='bbox 936 1776 1002 1815; x_wconf 85' lang='lat' dir='ltr'>est.</span> <span class='ocrx_word' id='word_1_197' title='bbox 1036 1777 1168 1828; x_wconf 88' lang='lat' dir='ltr'>Hujus</span> <span class='ocrx_word' id='word_1_198' title='bbox 1190 1776 1358 1822; x_wconf 76' lang='lat' dir='ltr'>confina,</span> <span class='ocrx_word' id='word_1_199' title='bbox 1391 1777 1435 1815; x_wconf 87' lang='lat' dir='ltr'>P.</span> <span class='ocrx_word' id='word_1_200' title='bbox 1459 1777 1618 1815; x_wconf 89' lang='lat' dir='ltr'>Lentuli</span> <span class='ocrx_word' id='word_1_201' title='bbox 1640 1779 1726 1816; x_wconf 89' lang='lat' dir='ltr'>sen-</span> 
     </span>
     <span class='ocr_line' id='line_1_26' title="bbox 329 1842 1729 1896; baseline -0.001 -12"><span class='ocrx_word' id='word_1_202' title='bbox 329 1846 506 1890; x_wconf 86' lang='lat' dir='ltr'>tentiam,</span> <span class='ocrx_word' id='word_1_203' title='bbox 537 1844 684 1882; x_wconf 85' lang='lat' dir='ltr'>senatus</span> <span class='ocrx_word' id='word_1_204' title='bbox 704 1843 983 1888; x_wconf 64' lang='lat' dir='ltr'>auctoritatem,</span> <span class='ocrx_word' id='word_1_205' title='bbox 1005 1856 1072 1880; x_wconf 87' lang='lat' dir='ltr'>vos</span> <span class='ocrx_word' id='word_1_206' title='bbox 1093 1842 1226 1887; x_wconf 86' lang='lat' dir='ltr'>secuti,</span> <span class='ocrx_word' id='word_1_207' title='bbox 1249 1842 1289 1880; x_wconf 92' lang='lat' dir='ltr'>in</span> <span class='ocrx_word' id='word_1_208' title='bbox 1311 1855 1356 1880; x_wconf 85' lang='lat' dir='ltr'>eo</span> <span class='ocrx_word' id='word_1_209' title='bbox 1376 1856 1439 1880; x_wconf 88' lang='lat' dir='ltr'>me</span> <span class='ocrx_word' id='word_1_210' title='bbox 1460 1843 1559 1888; x_wconf 90' lang='lat' dir='ltr'>loco,</span> <span class='ocrx_word' id='word_1_211' title='bbox 1585 1843 1625 1881; x_wconf 91' lang='lat' dir='ltr'>in</span> <span class='ocrx_word' id='word_1_212' title='bbox 1647 1857 1729 1896; x_wconf 87' lang='lat' dir='ltr'>quo</span> 
     </span>
     <span class='ocr_line' id='line_1_27' title="bbox 331 1909 1724 1961; baseline -0.001 -11"><span class='ocrx_word' id='word_1_213' title='bbox 331 1912 459 1951; x_wconf 90' lang='lat' dir='ltr'>vestris</span> <span class='ocrx_word' id='word_1_214' title='bbox 487 1910 685 1949; x_wconf 86' lang='lat' dir='ltr'>beneficiis</span> <span class='ocrx_word' id='word_1_215' title='bbox 712 1909 873 1954; x_wconf 78' lang='lat' dir='ltr'>fueram,</span> <span class='ocrx_word' id='word_1_216' title='bbox 904 1909 1039 1948; x_wconf 89' lang='lat' dir='ltr'>iisdem</span> <span class='ocrx_word' id='word_1_217' title='bbox 1068 1909 1266 1954; x_wconf 81' lang='lat' dir='ltr'>centuriis,</span> <span class='ocrx_word' id='word_1_218' title='bbox 1297 1910 1440 1961; x_wconf 86' lang='lat' dir='ltr'>quibus</span> <span class='ocrx_word' id='word_1_219' title='bbox 1471 1910 1724 1955; x_wconf 87' lang='lat' dir='ltr'>collocaratis,</span> 
     </span>
     <span class='ocr_line' id='line_1_28' title="bbox 332 1975 1725 2030; baseline -0.001 -15"><span class='ocrx_word' id='word_1_220' title='bbox 332 1976 559 2030; x_wconf 86' lang='lat' dir='ltr'>reposuistis.</span> <span class='ocrx_word' id='word_1_221' title='bbox 593 1976 744 2014; x_wconf 89' lang='lat' dir='ltr'>Eodem</span> <span class='ocrx_word' id='word_1_222' title='bbox 766 1985 938 2028; x_wconf 87' lang='lat' dir='ltr'>tempore</span> <span class='ocrx_word' id='word_1_223' title='bbox 965 1975 1117 2013; x_wconf 84' lang='lat' dir='ltr'>audistis</span> <span class='ocrx_word' id='word_1_224' title='bbox 1138 1975 1274 2013; x_wconf 87' lang='lat' dir='ltr'>eodem</span> <span class='ocrx_word' id='word_1_225' title='bbox 1296 1989 1343 2013; x_wconf 83' lang='lat' dir='ltr'>ex</span> <span class='ocrx_word' id='word_1_226' title='bbox 1363 1976 1450 2014; x_wconf 87' lang='lat' dir='ltr'>loco</span> <span class='ocrx_word' id='word_1_227' title='bbox 1471 1976 1643 2014; x_wconf 88' lang='lat' dir='ltr'>summos</span> <span class='ocrx_word' id='word_1_228' title='bbox 1664 1977 1725 2014; x_wconf 87' lang='lat' dir='ltr'>vi-</span> 
     </span>
     <span class='ocr_line' id='line_1_29' title="bbox 331 2041 1723 2095; baseline -0.001 -14"><span class='ocrx_word' id='word_1_229' title='bbox 331 2057 405 2088; x_wconf 82' lang='lat' dir='ltr'>ros,</span> <span class='ocrx_word' id='word_1_230' title='bbox 427 2042 678 2081; x_wconf 77' lang='lat' dir='ltr'>ornatiffimos</span> <span class='ocrx_word' id='word_1_231' title='bbox 700 2052 814 2094; x_wconf 85' lang='lat' dir='ltr'>atque</span> <span class='ocrx_word' id='word_1_232' title='bbox 835 2042 1086 2094; x_wconf 81' lang='lat' dir='ltr'>ampliffimos</span> <span class='ocrx_word' id='word_1_233' title='bbox 1107 2041 1300 2087; x_wconf 89' lang='lat' dir='ltr'>homines,</span> <span class='ocrx_word' id='word_1_234' title='bbox 1330 2042 1522 2095; x_wconf 85' lang='lat' dir='ltr'>principes</span> <span class='ocrx_word' id='word_1_235' title='bbox 1543 2043 1723 2086; x_wconf 83' lang='lat' dir='ltr'>civitatis,</span> 
     </span>
     <span class='ocr_line' id='line_1_30' title="bbox 332 2108 1724 2160; baseline -0.001 -14"><span class='ocrx_word' id='word_1_236' title='bbox 332 2122 466 2147; x_wconf 88' lang='lat' dir='ltr'>omnes</span> <span class='ocrx_word' id='word_1_237' title='bbox 493 2109 718 2152; x_wconf 85' lang='lat' dir='ltr'>consulares,</span> <span class='ocrx_word' id='word_1_238' title='bbox 751 2122 885 2146; x_wconf 83' lang='lat' dir='ltr'>omnes</span> <span class='ocrx_word' id='word_1_239' title='bbox 915 2109 1123 2160; x_wconf 79' lang='lat' dir='ltr'>praetorios,</span> <span class='ocrx_word' id='word_1_240' title='bbox 1154 2108 1286 2145; x_wconf 81' lang='lat' dir='ltr'>eadem</span> <span class='ocrx_word' id='word_1_241' title='bbox 1308 2109 1448 2152; x_wconf 87' lang='lat' dir='ltr'>dicere,</span> <span class='ocrx_word' id='word_1_242' title='bbox 1480 2117 1523 2145; x_wconf 90' lang='lat' dir='ltr'>ut</span> <span class='ocrx_word' id='word_1_243' title='bbox 1543 2108 1724 2145; x_wconf 84' lang='lat' dir='ltr'>omnium</span> 
     </span>
     <span class='ocr_line' id='line_1_31' title="bbox 332 2173 1722 2226; baseline -0.004 -12"><span class='ocrx_word' id='word_1_244' title='bbox 332 2175 551 2214; x_wconf 88' lang='lat' dir='ltr'>testimonio</span> <span class='ocrx_word' id='word_1_245' title='bbox 572 2188 637 2226; x_wconf 86' lang='lat' dir='ltr'>per</span> <span class='ocrx_word' id='word_1_246' title='bbox 657 2187 720 2211; x_wconf 89' lang='lat' dir='ltr'>me</span> <span class='ocrx_word' id='word_1_247' title='bbox 742 2188 863 2212; x_wconf 88' lang='lat' dir='ltr'>unum</span> <span class='ocrx_word' id='word_1_248' title='bbox 887 2174 1169 2226; x_wconf 84' lang='lat' dir='ltr'>rempublicam</span> <span class='ocrx_word' id='word_1_249' title='bbox 1191 2173 1448 2211; x_wconf 87' lang='lat' dir='ltr'>conservatam</span> <span class='ocrx_word' id='word_1_250' title='bbox 1476 2173 1547 2210; x_wconf 82' lang='lat' dir='ltr'>effe</span> <span class='ocrx_word' id='word_1_251' title='bbox 1573 2173 1722 2210; x_wconf 86' lang='lat' dir='ltr'>consta-</span> 
     </span>
     <span class='ocr_line' id='line_1_32' title="bbox 332 2237 1721 2291; baseline -0.004 -12"><span class='ocrx_word' id='word_1_252' title='bbox 332 2251 400 2279; x_wconf 89' lang='lat' dir='ltr'>ret.</span> <span class='ocrx_word' id='word_1_253' title='bbox 440 2241 586 2291; x_wconf 83' lang='lat' dir='ltr'>Itaque,</span> <span class='ocrx_word' id='word_1_254' title='bbox 617 2253 708 2277; x_wconf 87' lang='lat' dir='ltr'>cum</span> <span class='ocrx_word' id='word_1_255' title='bbox 738 2241 780 2278; x_wconf 89' lang='lat' dir='ltr'>P.</span> <span class='ocrx_word' id='word_1_256' title='bbox 805 2240 998 2283; x_wconf 81' lang='lat' dir='ltr'>Servilius,</span> <span class='ocrx_word' id='word_1_257' title='bbox 1030 2239 1266 2291; x_wconf 83' lang='lat' dir='ltr'>graviffimus</span> <span class='ocrx_word' id='word_1_258' title='bbox 1296 2240 1365 2283; x_wconf 88' lang='lat' dir='ltr'>vir,</span> <span class='ocrx_word' id='word_1_259' title='bbox 1397 2248 1435 2276; x_wconf 91' lang='lat' dir='ltr'>et</span> <span class='ocrx_word' id='word_1_260' title='bbox 1465 2237 1721 2275; x_wconf 78' lang='lat' dir='ltr'>ornatiffimus</span> 
     </span>
     <span class='ocr_line' id='line_1_33' title="bbox 331 2303 1721 2359; baseline -0.002 -14"><span class='ocrx_word' id='word_1_261' title='bbox 331 2308 440 2351; x_wconf 82' lang='lat' dir='ltr'>civis,</span> <span class='ocrx_word' id='word_1_262' title='bbox 459 2305 621 2349; x_wconf 67' lang='lat' dir='ltr'>dixisset,</span> <span class='ocrx_word' id='word_1_263' title='bbox 640 2319 750 2357; x_wconf 83' lang='lat' dir='ltr'>opera</span> <span class='ocrx_word' id='word_1_264' title='bbox 773 2319 856 2343; x_wconf 88' lang='lat' dir='ltr'>mea</span> <span class='ocrx_word' id='word_1_265' title='bbox 878 2306 1157 2359; x_wconf 84' lang='lat' dir='ltr'>rempublicam</span> <span class='ocrx_word' id='word_1_266' title='bbox 1179 2305 1418 2343; x_wconf 86' lang='lat' dir='ltr'>incolumem</span> <span class='ocrx_word' id='word_1_267' title='bbox 1441 2303 1721 2354; x_wconf 81' lang='lat' dir='ltr'>magistratibus</span> 
     </span>
     <span class='ocr_line' id='line_1_34' title="bbox 331 2370 1723 2425; baseline -0.003 -13"><span class='ocrx_word' id='word_1_268' title='bbox 331 2375 510 2425; x_wconf 81' lang='lat' dir='ltr'>deinceps</span> <span class='ocrx_word' id='word_1_269' title='bbox 533 2373 734 2416; x_wconf 66' lang='lat' dir='ltr'>traditam,</span> <span class='ocrx_word' id='word_1_270' title='bbox 767 2372 945 2410; x_wconf 87' lang='lat' dir='ltr'>dixerunt</span> <span class='ocrx_word' id='word_1_271' title='bbox 973 2374 1011 2409; x_wconf 89' lang='lat' dir='ltr'>in</span> <span class='ocrx_word' id='word_1_272' title='bbox 1041 2373 1199 2409; x_wconf 88' lang='lat' dir='ltr'>eandem</span> <span class='ocrx_word' id='word_1_273' title='bbox 1227 2370 1451 2409; x_wconf 74' lang='lat' dir='ltr'>sententiam</span> <span class='ocrx_word' id='word_1_274' title='bbox 1479 2370 1616 2407; x_wconf 66' lang='lat' dir='ltr'>caeteri.</span> <span class='ocrx_word' id='word_1_275' title='bbox 1651 2371 1723 2408; x_wconf 88' lang='lat' dir='ltr'>Sed</span> 
     </span>
     <span class='ocr_line' id='line_1_35' title="bbox 330 2435 1727 2490; baseline -0.003 -11"><span class='ocrx_word' id='word_1_276' title='bbox 330 2439 483 2480; x_wconf 69' lang='lat' dir='ltr'>audistis</span> <span class='ocrx_word' id='word_1_277' title='bbox 514 2451 558 2477; x_wconf 83' lang='lat' dir='ltr'>eo</span> <span class='ocrx_word' id='word_1_278' title='bbox 586 2448 757 2490; x_wconf 83' lang='lat' dir='ltr'>tempore</span> <span class='ocrx_word' id='word_1_279' title='bbox 788 2437 979 2475; x_wconf 70' lang='lat' dir='ltr'>clarissimi</span> <span class='ocrx_word' id='word_1_280' title='bbox 1009 2437 1079 2474; x_wconf 80' lang='lat' dir='ltr'>viri</span> <span class='ocrx_word' id='word_1_281' title='bbox 1108 2450 1184 2474; x_wconf 88' lang='lat' dir='ltr'>non</span> <span class='ocrx_word' id='word_1_282' title='bbox 1207 2435 1329 2473; x_wconf 85' lang='lat' dir='ltr'>solum</span> <span class='ocrx_word' id='word_1_283' title='bbox 1352 2435 1636 2481; x_wconf 55' lang='lat' dir='ltr'>auctoritatem,</span> <span class='ocrx_word' id='word_1_284' title='bbox 1661 2436 1727 2475; x_wconf 85' lang='lat' dir='ltr'>sed·</span> 
     </span>
    </p>
   </div>
  </div>
 </body>
</html>
