2212 2835
361 175 435 212 114
858 155 1259 195 ORATlo

354 262 501 313 semper
534 258 628 302 fuit,
664 257 768 309 quod
801 269 917 294 nemo
952 254 1175 300 imminuit,
1211 267 1328 293 nemo
1361 253 1609 300 immutavit,
1644 255 1740 308 quin

353 328 394 370 ii,
427 327 494 377 qui
520 323 665 376 populo
691 335 797 374 agros
818 321 931 358 effent
952 320 1185 372 assignaturi,
1215 328 1301 357 ante
1321 320 1535 373 acciperent
1555 333 1574 358 a
1592 321 1740 373 populo

351 389 596 432 beneficium,
636 400 753 440 quam
792 387 937 430 darent,
976 386 1016 423 id
1055 394 1183 424 totum
1221 385 1365 438 eripere
1402 386 1525 431 vobis,
1563 394 1679 438 atque
1715 399 1736 423 e

351 456 528 495 manibus
571 463 809 505 extorquere,
858 461 1016 491 conatus
1064 451 1129 489 est.
1180 451 1264 496 Ille,
1314 451 1420 503 quod
1467 452 1546 489 dari
1593 451 1740 505 populo

350 523 461 562 nullo
498 521 616 559 modo
652 529 812 572 poterat,
852 528 980 556 tamen
1019 517 1308 570 quodammodo
1344 518 1475 557 dedit:
1516 517 1596 563 hic,
1635 517 1740 571 quod

351 589 470 627 adimi
510 587 617 625 nullo
656 588 765 639 paeto
802 593 948 638 poterat
981 584 1177 638 potestate,
1216 584 1382 637 quadarn
1418 584 1563 623 ratione
1596 584 1739 638 eripere

348 664 520 693 conatur.

405 721 519 759 VIII.
553 719 708 770 Qaeret
728 717 933 770 quispiam,
961 717 1001 755 in
1021 725 1125 755 tanta
1145 717 1296 769 injuria,
1327 725 1507 769 tantaque
1526 717 1736 770 impuden-

349 787 422 832 tia,
454 785 548 838 quid
579 784 766 837 spectarit.
798 784 893 822 Non
924 782 1049 821 defuit
1078 783 1281 821 confilium
1298 801 1310 827 ς
1342 782 1434 821 fides
1465 795 1553 835 erga
1581 782 1736 836 plebem

348 854 581 895 Romanam,
613 850 768 902 aequitas
794 850 834 886 in
856 862 935 893 vos,
967 848 1263 900 libertatemque
1289 846 1463 892 vestram,
1492 847 1737 886 vehementer

348 917 485 956 defuit.
507 916 626 968 Jubet
645 916 763 959 enim,
786 915 944 953 comitia
963 914 1187 952 decemviris
1205 912 1342 950 habere
1357 912 1526 950 creandis
1543 926 1650 958 eum,
1668 914 1740 965 qui

347 984 475 1036 Iegem
503 983 646 1020 tulerit.
685 982 776 1018 Hoc
802 981 928 1017 dicam
959 979 1133 1030 planius:
1172 978 1290 1029 Jubet
1321 978 1478 1023 Rullus,
1509 976 1630 1016 homo
1659 993 1738 1017 non

346 1049 525 1102 cupidus,
556 1060 680 1100 neque
701 1055 895 1099 appetens,
916 1044 1056 1083 habere
1075 1045 1235 1083 comitia
1253 1044 1435 1083 Rullum.
1461 1045 1654 1083 Nondum
1675 1059 1736 1083 re-

347 1115 570 1169 prehendo:
603 1114 713 1152 video
732 1112 860 1151 fecisse
885 1111 992 1150 alios.
1024 1111 1141 1156 Illud,
1172 1110 1277 1163 quod
1302 1123 1418 1148 nemo
1444 1109 1551 1156 fecit,
1583 1111 1630 1149 de
1657 1112 1735 1150 mi-

346 1195 437 1220 nore
457 1190 561 1234 parte
582 1179 731 1233 populi,
753 1191 831 1230 quo
851 1177 1051 1231 pertineat,
1073 1176 1210 1215 videte.
1233 1175 1407 1214 Habebit
1427 1176 1585 1214 comitia
1604 1190 1613 1214 :
1635 1178 1737 1216 volet

347 1262 410 1287 eos
432 1247 660 1292 renuntiare,
682 1245 823 1298 quibus
845 1244 946 1297 regia
965 1243 1125 1297 potestas
1146 1242 1218 1281 hac
1234 1243 1317 1295 lege
1333 1243 1539 1294 quaeritur:
1563 1243 1738 1282 universo

347 1314 492 1367 populo
526 1326 649 1366 neque
686 1311 764 1365 ipse
797 1310 1026 1356 committit,
1064 1323 1187 1363 neque
1219 1309 1279 1347 illi
1312 1308 1455 1347 horum
1489 1309 1736 1349 consiliorum

347 1383 514 1419 auctores
535 1378 732 1418 committi
753 1380 851 1416 reete
871 1386 1007 1430 putant
1026 1376 1140 1430 poffe.

402 1445 588 1484 Sortietur
607 1444 729 1482 tribus
750 1443 854 1481 idem
875 1443 1030 1481 Rullus.
1062 1443 1199 1481 Homo
1219 1440 1313 1480 felix
1331 1442 1481 1486 educet,
1504 1455 1596 1494 quas
1617 1442 1734 1488 volet,

349 1513 485 1551 tribus.
509 1512 619 1562 Qos
641 1523 777 1548 novem
798 1509 919 1547 tribus
939 1508 1175 1546 decemviros
1196 1506 1372 1553 fecerint,
1393 1508 1439 1545 ab
1460 1508 1596 1545 eodem
1616 1508 1738 1546 Rullo

347 1579 503 1621 educitae,
524 1576 594 1614 hos
615 1575 794 1614 omnium
815 1587 957 1618 rerum,
979 1584 1023 1611 ut
1038 1574 1119 1626 jam
1139 1573 1348 1618 ostendam,
1369 1573 1548 1611 dominos
1569 1571 1734 1611 habebi-

347 1657 447 1682 mus.
480 1646 611 1695 Atque
632 1643 673 1687 ii,
696 1651 738 1679 ut
758 1641 855 1694 grati
875 1654 918 1679 ac
939 1653 1127 1678 memores
1147 1639 1325 1678 beneficii
1340 1637 1411 1678 effe
1431 1639 1644 1684 videantur,
1663 1639 1735 1677 ali-

347 1710 440 1762 quid
470 1710 504 1748 se
528 1722 667 1747 novem
688 1708 863 1746 tribuum
894 1706 995 1744 notis
1015 1704 1241 1743 hominibus
1263 1705 1398 1742 debere
1418 1705 1732 1742 confitebuntur:

348 1777 504 1827 reliquis
531 1788 619 1812 vero
647 1774 708 1811 sex
734 1783 771 1811 et
800 1786 856 1810 xx
885 1771 1079 1815 tribubus,
1111 1769 1209 1808 nihil
1240 1771 1325 1815 erit,
1356 1770 1459 1821 quod
1491 1783 1569 1807 non
1596 1778 1735 1821 putent

347 1841 447 1892 poffe
471 1840 638 1891 suojure
664 1839 861 1889 denegare.
894 1837 1003 1887 Qos
1031 1835 1186 1873 tandem
1213 1835 1332 1887 igitur
1356 1835 1592 1872 decemviros
1619 1835 1733 1872 creari

347 1907 452 1944 vult?
485 1906 520 1943 se
540 1906 727 1958 primum.
760 1904 841 1954 Qi
862 1902 976 1940 licet?
1007 1902 1108 1954 leges
1129 1901 1234 1939 enim
1255 1900 1341 1938 sunt
1361 1910 1516 1945 veteres,
1539 1913 1663 1953 neque
1683 1914 1733 1937 eae

346 1971 570 2015 consulares,
612 1970 637 2007 s1
680 1969 773 2021 quid
804 1967 974 2006 intereffe
1012 1966 1088 2005 hoc
1122 1966 1375 2011 arbitramini,
1414 1966 1475 2004 sed
1510 1966 1732 2011 tribunitiae,

346 2038 454 2076 vobis
489 2035 772 2088 majoribusque
805 2034 931 2072 vestris
967 2032 1212 2070 vehementer
1244 2041 1358 2084 gratae
1391 2042 1506 2084 atque
1536 2032 1732 2083 jucundae.

347 2104 499 2143 Licinia
518 2102 570 2140 est
590 2102 666 2146 lex,
697 2110 810 2152 atque
829 2100 943 2138 altera
963 2099 1149 2143 AEbutia;
1181 2112 1266 2151 quae
1293 2112 1370 2136 non
1398 2098 1515 2136 modo
1538 2110 1642 2142 eum,
1664 2098 1733 2150 qui

348 2170 477 2207 tulerit
498 2169 544 2206 de
563 2168 689 2219 aliqua
709 2167 902 2204 curatione
923 2179 965 2203 ac
989 2165 1183 2217 potestate,
1214 2164 1276 2202 sed
1303 2165 1418 2202 etiam
1445 2164 1607 2216 collegas
1637 2165 1732 2215 ejus,

348 2243 543 2287 cognatos,
574 2233 703 2270 affines
724 2232 882 2284 excipit,
913 2245 959 2269 ne
979 2232 1031 2268 eis
1051 2244 1092 2268 ea
1116 2229 1276 2283 potestas
1298 2229 1489 2267 curatiove
1514 2229 1732 2268 mandetur.

347 2301 520 2345 Etenim,
542 2299 567 2338 si
588 2299 733 2352 populo
762 2298 943 2342 consulis,
974 2310 1125 2334 remove
1155 2305 1191 2334 te
1222 2309 1242 2333 a
1266 2295 1475 2347 suspicione
1495 2295 1654 2347 alicujus
1675 2295 1732 2332 tui

346 2367 568 2410 commodi;
590 2365 649 2403 fac
671 2365 802 2410 fidem,
824 2373 860 2402 te
881 2363 993 2408 nihil,
1016 2363 1083 2402 nisa
1103 2362 1237 2416 populi
1259 2362 1465 2400 utilitatem
1486 2370 1524 2399 et
1543 2360 1729 2404 fructum,

344 2445 536 2485 quaerere3
569 2432 644 2469 fine
664 2431 709 2469 ad
730 2431 821 2469 alios
852 2429 1092 2483 potestatem,
1122 2428 1168 2466 ad
1195 2437 1231 2466 te
1260 2428 1436 2481 gratiam,
1471 2425 1648 2465 beneficii
1677 2425 1734 2464 tui
