2212 2835
756 156 895 193 PRO
955 126 1170 195 Domo
1230 159 1376 198 SUA.
1684 178 1757 213 401

370 259 412 283 ca
432 249 528 285 recte
546 248 646 300 poffe
667 249 845 288 dedicari.
879 252 1000 303 Qid,
1032 265 1123 290 cum
1146 254 1310 297 Licinia,
1333 255 1440 307 virgo
1460 255 1633 301 Vestalis,
1656 256 1760 294 sum-

371 325 438 349 mo
470 313 556 351 loco
588 324 700 360 nata,
732 317 958 355 sanniffimo
990 317 1198 356 sacerdotio
1225 320 1402 371 praedita,
1436 322 1487 359 T.
1512 322 1760 367 Flaminino,

371 377 632 428 QMetello,
663 381 904 426 consulibus,
936 395 1060 427 aram,
1092 393 1129 420 et
1150 384 1371 429 aediculam,
1402 395 1439 423 et
1466 387 1661 438 pulvinar,
1693 388 1762 425 sub

371 442 457 481 saxo
491 444 591 484 sacro
626 446 840 491 dedicaffet,
873 462 949 485 non
981 462 1063 486 eam
1096 463 1177 486 rem
1209 463 1256 487 ex
1287 452 1508 489 auctoritate
1538 453 1684 491 senatus
1716 454 1761 491 ad

369 507 446 546 hoc
466 510 677 562 collegium
704 514 839 550 Sextus
866 513 994 563 Julius
1021 523 1158 565 praetor
1184 514 1345 552 retulit?
1376 529 1468 554 cum
1498 518 1541 555 P.
1568 519 1732 556 Scaevola
1749 549 1759 563 ,

368 574 547 625 pontifex
567 578 774 622 maximus,
806 592 875 630 pro
894 579 1059 630 collegio
1079 579 1286 632 respondit,
1311 581 1415 634 quod
1436 583 1477 620 in
1497 583 1584 621 loco
1603 585 1762 636 publico

370 639 534 685 Licinia,
567 642 651 679 Caii
671 642 764 687 filia,
795 643 933 696 injuffu
953 644 1088 697 populi
1115 646 1328 692 dedicaffet,
1360 647 1507 686 sacrum
1529 663 1607 687 non
1627 650 1760 689 videri.

370 706 498 756 Qam
534 709 694 759 quidem
729 724 809 748 rem
845 720 988 763 quanta
1021 712 1215 751 severitate
1231 742 1242 758 ,
1279 723 1499 768 quantaque
1534 716 1731 769 diligentia
1749 747 1760 762 ,

368 771 515 811 senatus
550 774 752 820 sustulerit,
787 790 834 814 ex
867 778 949 829 ipso
979 777 1331 819 senatus-consulto
1364 779 1477 820 facile
1507 783 1759 836 cognoscetis.

367 837 517 876 Recita.
560 839 1099 882 SENATUs-CONSULTUM.

423 903 621 943 Videtisne
638 935 649 951 ‚
682 908 831 958 praetori
861 909 1006 948 urbano
1033 911 1231 963 negotium
1254 912 1414 959 datum,
1445 923 1488 952 ut
1507 923 1655 953 curaret
1671 944 1682 959 ,
1713 928 1762 953 ne

367 969 407 1007 id
428 969 574 1010 sacrum
596 973 683 1011 effet
702 974 714 1010 ?
746 983 783 1011 et
811 985 867 1020 ut,
899 975 924 1013 fi
946 990 1030 1028 quae
1053 977 1169 1016 effent
1187 978 1314 1017 incisae
1333 989 1399 1018 aut
1418 981 1608 1035 inscriptae
1628 982 1760 1026 literae‚

367 1035 621 1075 tollerentur?
656 1039 691 1075 O
715 1048 901 1091 tempora,
935 1042 971 1078 O
1001 1042 1152 1080 mores!
1186 1044 1295 1081 Tum
1318 1044 1526 1091 censorem,
1557 1046 1762 1085 hominem

365 1101 653 1148 sanetiffimuim
672 1104 917 1144 fimulacrum
939 1107 1164 1146 Concordiae
1184 1108 1357 1148 dedicare
1374 1111 1577 1162 pontifices
1596 1114 1638 1150 in
1659 1122 1760 1150 tem-

365 1166 432 1218 plo
453 1161 679 1222 inaugurato
698 1170 1004 1223 prohibuerunt,
1023 1173 1105 1225 post
1125 1182 1254 1212 autem
1277 1174 1423 1214 senatus
1445 1177 1484 1215 in
1502 1177 1588 1216 loco
1604 1178 1762 1231 augusto

365 1233 623 1274 consecratam
643 1249 726 1274 eam
747 1251 848 1275 aram
872 1239 1081 1277 tollendam
1101 1253 1148 1277 ex
1172 1241 1395 1279 auctoritate
1414 1244 1647 1294 pontificum
1667 1257 1760 1282 ceu·

365 1297 441 1336 suit
457 1328 468 1344 ,
500 1314 624 1353 neque
651 1302 777 1340 ullum
806 1304 858 1341 est
885 1304 1007 1357 passus
1028 1318 1075 1343 ex
1094 1319 1136 1342 ea
1156 1306 1396 1345 dedicatione
1415 1308 1613 1348 literarum
1635 1319 1761 1348 extare

366 1377 682 1406 monumentum.
726 1370 792 1407 Tu
810 1399 820 1414 ,
852 1371 1021 1422 procella
1047 1371 1176 1424 patriae
1193 1401 1204 1416 ,
1237 1373 1352 1411 turbo
1372 1387 1414 1412 ac
1436 1376 1635 1428 tempestas
1656 1376 1760 1428 pacis

364 1440 479 1483 atque
499 1434 597 1479 otii,
629 1435 734 1486 quod
756 1435 793 1473 in
815 1435 1013 1488 naufragio
1034 1437 1257 1489 reipublicae
1275 1468 1285 1483 ,
1319 1440 1482 1478 tenebris
1503 1441 1631 1480 offulis
1649 1471 1659 1486 ‚
1692 1443 1760 1480 de-

366 1498 488 1535 merso
514 1500 660 1551 populo
688 1502 868 1539 Romano
886 1531 897 1546 ,
929 1502 1055 1539 everso
1086 1512 1200 1554 atque
1229 1504 1350 1554 eje&o
1382 1505 1509 1544 senatu
1527 1535 1538 1551 ,
1570 1508 1729 1546 dirueris
1748 1538 1758 1553 ‚

364 1562 575 1608 aedificaris,
594 1565 777 1618 religione
797 1568 906 1604 omni
928 1568 1077 1613 violata,
1096 1569 1316 1621 reipublicae
1337 1579 1464 1609 tamen
1485 1574 1644 1612 nomine
1664 1587 1758 1612 con-

366 1629 582 1674 taminaris;
600 1630 640 1668 in
662 1631 755 1669 civis
776 1630 935 1683 hujusce
956 1633 1113 1678 cedibus,
1136 1643 1173 1671 et
1194 1635 1234 1672 in
1256 1635 1362 1680 urbe,
1381 1650 1497 1688 quam
1521 1638 1595 1676 suis
1616 1639 1758 1677 labori—

366 1693 436 1731 bus
465 1707 506 1732 ac
535 1696 714 1747 periculis
741 1698 1010 1743 conservasset,
1042 1710 1344 1739 monumentum
1374 1703 1506 1741 deletae
1538 1704 1758 1756 reipublicae

365 1760 563 1798 collocaris
592 1762 637 1799 ad
664 1763 843 1815 equitum
865 1774 997 1802 notam
1015 1793 1026 1809 ,
1057 1765 1103 1803 ad
1122 1765 1297 1804 dolorem
1327 1767 1519 1807 bonorum
1546 1771 1726 1809 omnium
1744 1800 1755 1815 ,

365 1824 590 1880 sublatoque
611 1828 676 1880 Q
690 1828 821 1866 Catuli
841 1831 999 1868 nornine
1019 1831 1223 1870 incideris:
1248 1832 1287 1870 id
1308 1833 1454 1885 sperasti
1475 1836 1759 1888 rempublicam

363 1891 507 1931 diutius
521 1921 534 1938 ‚
564 1907 682 1945 quam
697 1923 707 1938 ,
739 1896 865 1946 quoad
886 1910 1043 1935 mecum
1064 1897 1176 1935 fimul
1197 1899 1352 1951 expulsa
1371 1910 1513 1939 careret
1530 1900 1591 1940 his
1612 1903 1757 1940 mceni-

362 1957 450 2002 bus,
480 1958 551 1996 effe
571 1959 734 1999 laturam
752 1960 765 1997 ?
796 1963 851 2000 At
871 1962 912 2007 fi,
945 1963 1165 2009 Pontifices,
1188 1978 1312 2017 neque
1332 1967 1378 2011 is,
1400 1967 1463 2004 cui
1484 1967 1610 2012 licuit,
1633 1982 1758 2021 neque

362 2023 416 2068 id,
447 2025 552 2076 quod
571 2025 626 2064 fas
646 2026 737 2072 fuit,
767 2027 981 2075 dedicavit,
1014 2031 1109 2083 quid
1129 2045 1192 2070 me
1212 2033 1347 2071 attinet
1361 2034 1442 2085 jam
1465 2033 1562 2072 illud
1585 2035 1756 2080 tertium,

362 2091 468 2142 quod
487 2092 772 2144 proposueram,
803 2095 952 2140 docere,
984 2111 1061 2135 non
1088 2096 1149 2136 his
1179 2098 1361 2137 institutis
1382 2113 1424 2137 ac
1445 2100 1582 2145 verbis,
1613 2101 1754 2152 quibus

363 2157 598 2194 caeremoniae
619 2158 822 2209 postulant,
853 2161 1036 2200 dedicaffe
1054 2164 1067 2200 ?

418 2222 526 2260 LIV.
558 2223 655 2260 Dixi
675 2237 695 2261 a
715 2225 905 2278 principio
922 2256 933 2271 ,
965 2227 1063 2266 nihil
1086 2243 1148 2266 me
1168 2230 1214 2266 de
1234 2229 1389 2269 scientia
1409 2230 1525 2268 vestra
1543 2259 1553 2274 ,
1586 2229 1682 2267 nihil
1706 2230 1752 2268 de

361 2288 486 2333 sacris,
517 2288 617 2326 nihil
637 2290 684 2327 de
703 2291 1025 2346 absconditojure
1045 2294 1291 2347 pontificum,
1315 2296 1508 2334 dicturum
1526 2310 1534 2333 :
1561 2309 1646 2346 quae
1667 2296 1752 2334 sunt

361 2353 487 2392 adhuc
517 2367 538 2392 a
567 2368 631 2392 me
661 2355 707 2393 de
726 2357 814 2407 jure
839 2359 1039 2398 dedicandi
1064 2360 1278 2413 disputata,
1310 2375 1387 2398 non
1415 2361 1502 2398 sunt
1527 2361 1680 2412 quaefita
1704 2376 1750 2400 ex

358 2420 515 2459 occulto
539 2420 668 2473 aliquo
686 2434 823 2475 genere
843 2423 1054 2471 literarum,
1084 2427 1147 2465 sed
1167 2427 1317 2479 sumpta
1337 2427 1382 2463 de
1403 2427 1545 2472 medio,
1571 2441 1617 2465 cx
1638 2428 1749 2466 rebus

442 2487 509 2527 To
522 2500 573 2526 M.
597 2487 648 2527 V.
1316 2492 1348 2530 E
1379 2506 1399 2531 e
1428 2506 1448 2531 e
