2212 2835
640 185 731 224 DE
791 185 986 224 LEGE
1046 185 1407 226 AGRARIA.
1671 204 1742 229 ιε*

1722 221 1735 243 Ι

392 285 527 324 XXII.
559 286 693 338 Atque
706 285 823 324 etiam
840 285 892 323 est
908 285 994 331 alia,
1016 285 1207 339 superiore
1224 288 1364 340 capite,
1385 302 1464 340 quo
1480 289 1612 327 omnia
1628 304 1740 329 vene-

337 361 422 397 unt,
446 352 655 405 quaestuosa
674 351 852 404 exceptIO
872 366 881 390 z
913 366 999 404 quae
1019 361 1122 405 teget
1142 366 1205 391 eos
1227 367 1351 406 agros,
1374 355 1420 392 de
1441 356 1583 408 quibus
1602 355 1743 396 foedere

336 429 496 457 cautum
522 418 588 457 est.
619 418 798 462 Audivit,
830 417 930 456 hanc
960 432 1042 456 rem
1070 433 1148 457 non
1176 433 1196 456 a
1220 433 1297 464 me,
1330 420 1393 459 sed
1413 422 1460 460 ab
1480 423 1577 468 aliis,
1610 425 1743 477 agitari

335 485 430 538 saepe
461 486 502 523 in
531 485 675 529 senatu,
707 497 992 536 nonnunquam
1027 498 1075 523 ex
1107 483 1183 523 hoc
1215 485 1316 531 loco,
1348 487 1533 539 poffidere
1564 503 1672 542 agros
1701 493 1741 530 in

334 565 399 590 ora
431 551 625 590 maritima
658 565 786 604 regem
824 551 1108 604 Hiempsalem,
1139 566 1237 605 quos
1273 554 1318 594 P.
1353 553 1560 594 Africanus
1595 560 1742 610 populo

334 619 516 658 Romano
536 618 763 671 adjudicarit
780 636 790 662 3
823 628 861 656 et
883 628 1011 657 tamen
1033 619 1159 672 postea
1180 633 1246 673 per
1268 621 1315 658 C.
1340 622 1500 661 Cottam
1529 624 1739 665 Consulem

333 695 492 725 cautum
513 685 585 735 effe
604 685 762 725 foedere.
795 686 888 724 Hoc
909 687 1001 739 quia
1022 701 1086 726 vos
1107 686 1235 728 foedus
1258 701 1336 727 non
1359 688 1559 741 jusseritis,
1591 702 1743 732 veretur

334 752 552 806 Hiempsal,
584 762 628 791 ut
653 752 739 793 satis
761 752 924 793 firmum
952 754 1010 799 fit,
1042 763 1080 792 et
1099 764 1243 794 ratum.
1277 755 1417 807 Qid?
1450 758 1668 810 cujusmodi
1688 760 1740 798 est

332 820 464 860 illud?
505 821 681 861 Tollitur
716 822 884 861 vestrum
914 822 1142 875 judicium:
1183 822 1312 864 foedus
1353 834 1482 864 totum
1517 828 1737 880 excipitur:

332 889 621 941 comprobatur.
666 889 788 940 Qod
819 889 964 929 minuit
995 891 1216 932 amionem
1250 891 1562 939 decemviralem,
1595 895 1736 934 laudo:

333 955 440 1006 quod
470 956 551 1008 regi
580 955 708 994 amico
739 965 860 1001 cavet,
892 969 970 994 non
999 956 1262 1009 reprehendo:
1296 959 1401 1010 quod
1430 973 1507 998 non
1534 963 1650 1013 gratis
1678 963 1737 1008 sit,

332 1021 478 1061 indico.
530 1021 680 1060 volitat
713 1022 820 1060 enim
853 1031 940 1061 ante
975 1023 1109 1062 oculos
1143 1024 1303 1063 istorum
1339 1025 1451 1076 Jubae
1485 1028 1584 1079 regis
1618 1028 1737 1074 filius,

333 1088 553 1128 adolescens
574 1102 653 1127 non
673 1089 802 1129 minus
825 1089 923 1127 bene
941 1099 1184 1136 nummatus,
1216 1105 1333 1144 quam
1355 1092 1451 1130 bene
1472 1094 1689 1146 capillatus,

386 1156 466 1194 Vix
480 1156 563 1208 jam
584 1155 735 1194 videtur
754 1155 862 1194 locus
884 1155 970 1201 effe,
992 1157 1061 1209 qui
1082 1165 1207 1196 tantos
1228 1170 1381 1196 acervos
1402 1160 1574 1212 pecuniae
1595 1163 1733 1215 capiat.

331 1223 476 1275 Auget,
506 1222 627 1267 addit,
658 1222 905 1261 accumulat:
937 1224 1101 1268 Aurum,
1131 1234 1339 1277 argentum,
1371 1240 1413 1264 ex
1425 1227 1570 1278 praeda,
1593 1243 1636 1267 ex
1654 1244 1735 1268 ma-

329 1289 460 1334 nubiis,
491 1303 535 1329 ex
557 1290 756 1336 coronario,
787 1290 838 1330 ad
858 1292 1075 1345 quqscunque
1095 1292 1283 1345 pervenit,
1314 1307 1423 1346 neque
1448 1295 1604 1334 relatum
1629 1296 1674 1348 cst
1697 1297 1736 1335 in

321 1355 519 1410 publicum,
549 1371 660 1410 neque
685 1357 723 1395 in
748 1367 967 1398 monumento
992 1359 1248 1412 corfitmptum,
1279 1359 1321 1398 id
1345 1360 1519 1413 profiteri
1545 1363 1646 1415 apud
1666 1362 1735 1401 de-

328 1422 535 1468 cemviros,
556 1432 595 1461 et
613 1423 660 1461 ad
679 1436 742 1462 eos
763 1423 917 1470 referre,
933 1424 1060 1477 jubet.
1086 1425 1180 1465 Hoc
1200 1426 1327 1479 capite
1346 1427 1464 1466 etiam
1484 1429 1736 1481 quaestionem

329 1489 376 1527 de
405 1489 620 1529 clariffimis
652 1490 758 1536 viris,
790 1491 859 1544 qui
897 1492 1034 1544 populi
1065 1492 1236 1533 Romani
1267 1492 1368 1532 bella
1392 1494 1598 1547 gesserunt,
1623 1496 1734 1549 judi-

329 1554 516 1607 ciumque
537 1554 584 1592 de
605 1556 779 1608 pecuniis
800 1556 1037 1609 repetundis,
1058 1556 1104 1594 ad
1124 1557 1362 1596 decemviros
1383 1560 1606 1600 transsatum
1626 1562 1733 1601 vide-

329 1622 392 1661 tis.
424 1622 586 1661 Horum
618 1622 691 1661 erit
720 1622 877 1661 nullum
900 1623 1114 1675 judicium,
1147 1634 1300 1677 quantae
1326 1626 1513 1679 cujusque
1539 1630 1734 1670 manubiae

327 1687 490 1733 fuerint,
519 1688 615 1740 quid
634 1688 813 1734 relatum,
845 1690 941 1742 quid
967 1690 1160 1729 refiduum
1188 1691 1246 1729 fit.
1279 1693 1324 1730 In
1346 1693 1538 1745 posterum
1561 1709 1649 1734 vero
1669 1696 1733 1735 lex

327 1754 409 1795 haec
428 1755 726 1808 imperatoribus
747 1756 877 1795 vestris
898 1756 1158 1803 constituitur,
1182 1768 1237 1803 ut,
1269 1760 1468 1813 quicunque
1485 1761 1527 1800 de
1536 1764 1732 1814 provincia

326 1820 512 1875 decefflrit,
533 1821 635 1874 apud
648 1821 773 1875 eqsdem
792 1821 1018 1869 decemviros,
1050 1833 1226 1877 quantum
1243 1825 1375 1865 habeat
1389 1827 1543 1880 praedae,
1564 1830 1731 1869 manubi-

325 1902 445 1933 arum,
474 1888 564 1927 auri
578 1889 770 1934 coronarii,
793 1890 1031 1942 prqfiteatur.

382 1954 464 1993 Hic
485 1963 614 1993 tamen
635 1955 694 1993 vir
712 1957 886 2008 optimus
907 1970 1014 2002 eum,
1045 1971 1163 2010 quem
1185 1968 1302 2004 amat,
1323 1960 1483 2013 excipit,
1508 1963 1582 2000 Cn.
1607 1963 1728 2002 Pom-

327 2020 473 2073 peium.
512 2022 628 2059 Unde
653 2021 720 2059 iste
750 2036 860 2061 amor
891 2033 971 2063 tam
1004 2024 1249 2077 improvisus,
1281 2040 1325 2065 ac
1357 2036 1435 2065 tam
1472 2029 1726 2080 repentinus?

326 2086 408 2138 Qi
438 2085 584 2126 honore
609 2088 887 2128 decemviratus
915 2091 1138 2131 excluditur
1173 2106 1292 2146 prope
1323 2094 1558 2134 nominatim
1573 2114 1585 2140 ;
1618 2097 1729 2148 cujus

321 2153 530 2205 judicium,
571 2155 783 2209 legumque
818 2157 936 2202 datio,
972 2167 1176 2211 captorum
1210 2173 1390 2212 agrorum
1430 2161 1547 2213 ipsius
1583 2163 1727 2200 virtute

323 2218 510 2270 cognitio,
542 2220 719 2266 tollitur;
750 2222 860 2274 cujus
881 2236 960 2262 non
979 2223 1021 2262 in
1047 2224 1304 2276 provinciam,
1336 2225 1401 2263 sed
1424 2226 1464 2264 in
1491 2226 1567 2279 ipsa
1595 2227 1723 2271 castra,

325 2285 534 2323 decemviri
565 2299 657 2325 cum
688 2288 867 2341 imperio,
915 2289 1069 2329 infinita
1106 2292 1284 2343 pecunia,
1326 2293 1497 2331 maxima
1527 2293 1722 2344 potestate,

324 2361 362 2391 et
388 2351 542 2404 judicio
573 2365 700 2391 rerum
732 2356 927 2402 omnium,
958 2357 1198 2403 mittuntur3
1231 2359 1381 2410 cuijus
1412 2359 1722 2410 imperatorium,

323 2418 430 2471 quod
469 2417 616 2470 semper
654 2421 837 2459 omnibus
877 2423 1174 2475 imperatoribus
1213 2425 1267 2462 est
1312 2424 1606 2468 conservatum,
1656 2425 1723 2465 soli

323 2485 484 2538 eripitur
503 2500 510 2523 :
544 2485 574 2524 is
595 2485 788 2538 excipitur
811 2501 923 2533 unu8‚
947 2503 994 2527 ne
1015 2491 1215 2530 manubias
1237 2489 1374 2529 referre
1394 2490 1543 2528 debeat,
1577 2492 1722 2532 Utrum
