2212 2835
637 145 773 183 PRo
833 144 885 183 A.
945 143 1358 184 CLUENTIO.
1652 161 1699 201 71

365 243 484 295 Qod
506 243 531 281 fi
563 240 662 281 hanc
682 243 783 296 apud
804 255 867 280 eos
900 242 999 295 ipsos
1020 242 1190 281 censores
1222 243 1336 288 mihi,
1367 252 1431 282 aut
1452 244 1531 290 alii,
1553 245 1705 284 causam

310 322 419 362 agere
440 309 618 355 licuisset,
640 309 867 347 hominibus
895 309 961 346 tali
988 309 1191 362 prudentia
1211 319 1312 348 certe
1343 311 1594 363 probavissem
1628 314 1704 363 (res

309 378 415 415 enirn
447 377 607 428 indicat)
640 375 740 413 nihil
760 375 858 427 ipsos
879 374 1050 412 habuiffe
1077 377 1240 427 cogniti,
1275 376 1375 415 nihil
1407 380 1624 431 comperti3
1657 393 1704 418 ex

310 451 388 480 tota
408 443 485 496 ipsa
504 442 779 494 subscriptione
799 453 995 478 rumorem
1016 441 1209 491 quendam
1227 450 1265 479 et
1282 442 1458 494 plausum
1476 446 1703 497 popularem

308 508 378 545 effe
399 508 613 559 quaefitum.
636 507 742 545 Nam
764 507 804 543 in
825 507 872 544 L.
889 506 1118 558 Popillium,
1141 507 1209 559 qui
1227 508 1493 560 Oppianicum
1515 512 1703 550 condem-

308 583 425 618 namt,
453 573 668 627 subscripsit
687 575 735 612 L.
759 572 928 618 Gellius,
951 573 1055 626 quod
1076 574 1106 611 is
1139 575 1345 626 pecuniam
1376 576 1589 629 accepiffet,
1621 592 1701 631 quo

306 640 556 678 innocentem
576 640 861 678 condemnaret.
885 640 973 691 Jam
993 639 1032 677 id
1053 640 1179 693 ipsum
1198 650 1350 692 quantae
1366 642 1612 682 divinationis
1633 645 1699 690 est,

305 704 397 743 scire
416 706 665 747 innocentem
686 705 796 744 fuisse
827 719 951 750 reum,
984 719 1102 758 quem
1128 705 1278 745 fortasse
1310 721 1511 761 nunquam
1539 711 1698 755 viderat,

303 784 395 810 cum
417 771 596 811 homines
617 772 892 826 sapientissimi,
919 773 1087 825 judices,
1122 782 1164 811 ut
1185 773 1284 812 nihil
1306 775 1433 813 dicam
1466 777 1511 813 de
1537 777 1598 822 iis,
1630 779 1698 830 qui

303 839 624 884 condemnarunt,
646 838 754 877 causa
774 839 942 892 cognita,
965 839 1034 877 sibi
1055 840 1222 878 dixerint
1244 854 1321 878 non
1341 841 1517 894 liquere?

348 905 496 943 Verum
517 906 607 944 esto.
628 906 875 944 Condemnat
896 905 1110 958 Popillium
1134 907 1286 945 Gellius
1303 926 1314 953 ς
1332 909 1496 960 judicat,
1518 911 1699 964 accepisse

303 984 321 1008 a
355 971 540 1010 Cluentio
571 972 789 1024 pecuniam.
822 972 949 1024 Negat
980 971 1056 1010 hoc
1089 974 1308 1012 Lentulus:
1342 989 1431 1013 nam
1464 978 1694 1030 Popillium,

301 1038 406 1089 quod
426 1047 504 1076 erat
524 1038 695 1076 libertini
717 1037 834 1083 filius,
866 1038 906 1075 in
928 1037 1099 1076 senatum
1119 1052 1197 1077 non
1225 1039 1347 1092 legit;
1381 1042 1514 1080 locum
1536 1044 1696 1095 quidem

301 1104 530 1142 senatorium
552 1104 666 1148 ludis,
697 1113 735 1141 et
763 1112 896 1142 caetera
921 1113 1157 1149 ornamenta,
1193 1106 1366 1159 reliquit,
1397 1116 1434 1145 et
1464 1122 1554 1147 eum
1586 1111 1696 1148 omni

300 1171 517 1224 ignominia
535 1172 685 1209 liberat.
729 1171 846 1221 Qod
867 1184 958 1208 cum
980 1170 1086 1216 facit,
1114 1171 1278 1223 judicat,
1301 1174 1382 1225 ejus
1404 1174 1586 1213 sententia
1606 1191 1694 1228 gra-

300 1236 348 1275 tis
383 1237 453 1275 effe
474 1237 739 1290 Oppianicum
765 1237 1066 1275 condemnatum
1086 1252 1094 1275 :
1127 1246 1165 1275 et
1184 1239 1350 1277 eundem
1373 1241 1587 1292 Popillium
1605 1243 1693 1294 pos-

298 1313 357 1342 tea
383 1304 574 1342 Lentulus
606 1304 646 1342 in
677 1304 847 1342 ambitus
872 1304 1023 1356 judicio
1053 1318 1123 1358 pro
1155 1305 1375 1345 testimonio
1406 1307 1694 1360 diligentissime

296 1369 438 1408 laudat.
471 1371 613 1422 Qare,
635 1370 662 1409 fi
682 1383 808 1423 neque
827 1372 876 1410 L.
901 1371 1022 1409 Gellii
1037 1371 1189 1423 judicio
1208 1371 1311 1410 stetit
1330 1373 1538 1419 Lentulus,
1566 1388 1694 1428 neque

296 1436 456 1475 Lentuli
477 1437 757 1475 existimatione
777 1446 981 1475 contentus
1002 1436 1080 1475 fuit
1097 1437 1250 1477 Gellius
1260 1457 1272 1484 ς
1295 1448 1346 1484 et,
1368 1439 1395 1477 fi
1416 1448 1578 1493 uterque
1598 1454 1691 1479 cen-

298 1504 356 1542 sor
373 1503 537 1542 censoris
558 1504 741 1557 opinione
761 1504 938 1542 standum
970 1517 1047 1542 non
1068 1505 1217 1556 putavit
1234 1523 1245 1549 ;
1278 1507 1373 1557 quid
1401 1507 1467 1551 est,
1496 1510 1690 1560 quamob—

297 1583 378 1607 rem
399 1570 603 1623 quisquam
623 1570 796 1609 nostrum
816 1570 1002 1608 censorias
1029 1569 1325 1622 subscriptiones
1357 1585 1491 1611 omnes
1512 1573 1620 1620 fixas,
1651 1584 1691 1614 et

294 1636 334 1673 in
355 1645 587 1689 perpetuum
608 1646 716 1681 ratas,
738 1645 848 1689 putet
868 1635 938 1674 effe
957 1646 1130 1689 oportere
1149 1637 1161 1673 ?

355 1703 548 1741 XLVIII.
591 1705 647 1740 At
678 1703 717 1740 in
754 1703 881 1755 ipsum
917 1703 1083 1740 Avitum
1114 1703 1476 1743 animadverterunt.
1520 1707 1687 1746 Nullam

291 1767 451 1819 quidem
472 1769 522 1807 ob
545 1768 841 1821 turpitudinem,
875 1769 1029 1806 nullum
1060 1769 1111 1807 ob
1133 1769 1250 1807 totius
1272 1771 1358 1808 vitae
1379 1785 1456 1809 non
1478 1773 1604 1811 dicam
1626 1775 1685 1812 vi-

292 1834 407 1879 tium,
440 1835 501 1873 sed
534 1844 715 1873 erratum.
749 1834 890 1887 Neque
915 1836 1020 1873 enim
1052 1834 1127 1873 hoc
1159 1835 1320 1874 homine
1354 1837 1528 1883 sanc'tior,
1560 1854 1686 1893 neque

290 1901 460 1952 probior,
493 1915 618 1954 neque
648 1902 688 1939 in
715 1902 898 1940 omnibus
930 1902 1067 1940 officiis
1100 1903 1308 1940 retinendis
1341 1904 1576 1957 diligentior,
1613 1907 1685 1945 effe

291 1966 495 2018 quisquam
525 1966 671 2020 potest:
704 1980 829 2019 neque
859 1967 918 2005 illi
950 1967 1060 2005 aliter
1091 1967 1254 2013 dicunt3
1288 1969 1349 2006 sed
1384 1971 1542 2009 eandem
1575 1973 1683 2011 illam

290 2030 435 2070 famam
451 2034 591 2085 judicii
612 2034 783 2086 corrupti
804 2033 922 2071 secuti
944 2034 1042 2072 sunt.
1072 2035 1212 2086 Neque
1233 2035 1301 2087 ipsi
1322 2035 1425 2073 secus
1448 2038 1645 2077 existiman
1655 2050 1680 2084 t,

290 2111 407 2149 quam
427 2113 496 2137 nos
516 2099 723 2137 existimari
744 2099 938 2144 volumus,
962 2100 1008 2137 de
1028 2099 1142 2152 hujus
1165 2101 1324 2152 pudore,
1348 2102 1579 2154 integritate,
1602 2106 1680 2142 vir-

289 2173 397 2208 tute,
430 2165 490 2202 sed
511 2174 694 2217 putarunt
715 2167 957 2218 praetermitti
989 2166 1247 2204 accusatorem
1280 2181 1357 2204 non
1379 2169 1554 2219 potuisse,
1589 2184 1680 2209 curn

286 2230 590 2268 animadversum
611 2232 697 2270 esset
718 2233 757 2269 in
774 2232 938 2284 judices.
973 2232 1061 2282 Qa
1087 2233 1132 2269 de
1165 2246 1202 2269 re
1233 2242 1310 2270 tota
1332 2233 1356 2270 si
1389 2247 1510 2272 unum
1534 2235 1679 2274 factum

287 2310 333 2333 ex
354 2296 463 2333 omni
483 2296 709 2348 antiquitate
730 2298 938 2350 protulero,
961 2298 1070 2350 plura
1091 2312 1166 2335 non
1189 2299 1330 2336 dicam.

342 2362 436 2399 Non
457 2362 563 2399 enim
590 2361 689 2399 mihi
710 2363 934 2415 exemplum
953 2363 1095 2401 summi
1117 2373 1153 2400 et
1175 2364 1367 2401 clarissimi
1390 2365 1474 2409 viri,
1498 2366 1541 2402 P.
1565 2364 1675 2403 Afri-

283 2428 395 2473 cani,
415 2428 722 2481 praetereundum
745 2428 919 2467 videtur:
952 2431 1034 2482 qui,
1057 2444 1149 2468 cum
1171 2430 1258 2468 esset
1280 2430 1422 2475 censor,
1446 2440 1483 2467 et
1504 2432 1542 2467 in
1564 2433 1675 2484 equi-
