2212 2835
461 183 538 235 396
956 175 1361 217 ORATIO

463 277 664 318 dedicasses
683 291 690 315 :
724 275 843 329 posset
863 283 1027 312 recreata
1047 274 1263 327 respublica
1282 273 1461 312 sustinere
1479 273 1491 311 ?
1524 275 1624 313 Date
1647 273 1741 313 huic
1768 274 1860 312 reli-

461 346 568 398 gioni
602 344 749 382 aditum
769 371 778 387 ,
811 340 1047 386 Pontifices3
1075 341 1157 392 jam
1194 340 1348 378 nullum
1380 339 1555 385 fortunis,
1580 339 1866 379 communibus

463 411 614 448 exitum
636 408 845 461 reperietis.
893 408 957 444 An
976 435 987 451 ,
1018 406 1045 444 fi
1069 406 1214 459 postem
1238 406 1403 444 tenuerit
1423 405 1601 459 pontifex
1618 436 1629 452 ,
1661 415 1698 444 et
1717 405 1830 444 verba
1848 433 1860 450 ,

463 476 508 514 ad
536 475 762 528 religionem
795 474 970 512 Deorum
1001 473 1288 511 immortalium
1319 474 1542 526 composita,
1573 473 1619 511 ad
1649 471 1863 526 perniciem

464 543 610 581 civium
631 540 877 584 transtulerit,
908 539 1051 577 valebit
1072 539 1117 577 ad
1138 539 1319 591 injuriam
1340 553 1484 578 nomen
1504 539 1781 578 sanetiffimum
1802 551 1862 576 re-

464 608 648 661 ligionis:
681 607 706 645 fi
735 605 914 644 tribunus
946 605 1070 658 plebis
1098 605 1222 642 verbis
1254 619 1331 643 non
1364 605 1494 643 minus
1523 605 1668 658 priscis,
1700 613 1738 642 et
1766 617 1863 657 pene

464 673 730 717 sollemnibus,
762 673 864 709 bona
882 672 977 708 civis
998 671 1209 723 cujuspiam
1232 671 1473 716 consecrarit,
1496 686 1574 710 non
1593 671 1761 710 valebit?
1787 672 1863 708 At-

464 742 532 794 qui
553 743 600 779 C.
621 739 794 783 Atinius,
816 746 970 790 patrum
991 737 1192 781 memoria,
1215 738 1316 775 bona
1336 738 1583 788 QMetelli,
1615 739 1684 790 qui
1704 751 1794 776 eum
1815 750 1863 775 ex

464 807 595 845 senatu
625 804 757 843 censor
787 804 961 856 ejecerat,
992 802 1052 840 avi
1082 803 1154 847 tui,
1187 802 1442 857 QMetelle‚
1473 812 1511 840 et
1542 803 1614 848 tui,
1645 805 1690 842 P.
1715 803 1863 848 Servili,

465 882 502 910 et
528 871 658 925 proavi
687 870 769 915 tui,
801 870 846 908 P.
869 869 1025 922 Scipio,
1056 868 1289 907 consecravit
1305 897 1315 913 ,
1348 867 1481 906 foculo
1500 868 1622 921 posito
1642 868 1683 906 in
1711 867 1866 913 rostris,

464 938 718 991 adhibitoque
737 936 913 975 tibicine.
947 936 1057 987 Qid
1077 945 1162 974 tum
1182 935 1194 972 ?
1226 949 1322 974 num
1342 935 1409 973 ille
1428 934 1536 974 furor
1556 935 1704 974 tribuni
1724 934 1867 988 plebis,

466 1005 602 1044 duetus
623 1017 670 1043 ex
690 1002 890 1042 nonnullis
917 1011 1092 1040 veterum
1118 1011 1343 1055 temporum
1370 1002 1557 1055 exemplis
1575 1031 1587 1048 ‚
1617 1000 1743 1040 fraudi
1770 1001 1866 1040 Me-

464 1072 557 1111 tello
577 1070 667 1116 fuit,
699 1070 853 1108 summo
872 1069 932 1107 illi
950 1078 987 1107 et
1007 1068 1212 1107 clariffimo
1233 1068 1314 1106 viro
1333 1069 1346 1106 ?
1379 1069 1493 1106 Certe
1516 1083 1594 1107 non
1614 1068 1704 1107 fuit.

518 1138 703 1176 Vidimus
721 1166 733 1182 ‚
767 1135 843 1174 hoc
878 1135 983 1173 idem
1021 1137 1096 1174 Cn.
1120 1135 1291 1174 Lentulo
1326 1135 1471 1173 censori
1505 1136 1707 1174 tribunum
1745 1133 1868 1187 plebis

465 1205 602 1244 facere.
635 1202 831 1255 Nunquid
852 1202 971 1254 igitur
991 1202 1021 1240 is
1046 1202 1148 1240 bona
1167 1202 1327 1240 Lentuli
1348 1202 1525 1254 religioni
1546 1201 1762 1255 obligavit?
1795 1200 1870 1239 Sed.

466 1271 561 1323 quid
597 1284 668 1322 ego
703 1277 856 1307 caeteros
876 1268 888 1304 ?
928 1269 1009 1313 Tu,
1046 1277 1102 1312 tu,
1140 1269 1316 1320 inquam,
1348 1268 1473 1320 capite
1508 1268 1650 1313 velato,
1677 1267 1866 1306 concione

467 1339 670 1381 advocata,
703 1335 835 1373 foculo
871 1335 1014 1388 posito,
1047 1334 1145 1372 bona
1181 1335 1238 1372 tui
1273 1335 1459 1379 Gabinii,
1490 1335 1554 1373 cui
1589 1348 1705 1387 regna
1735 1333 1868 1372 omnia

468 1406 677 1456 Syrorum,
710 1402 908 1447 Arabum,
942 1402 1215 1453 Persarumque
1245 1402 1424 1446 donaras,
1457 1402 1694 1440 consecrasti.
1746 1401 1867 1453 Qod.

467 1472 493 1509 fi
518 1481 603 1509 tum
626 1469 725 1508 nihil
746 1468 798 1506 est
818 1470 976 1513 adtum5
1009 1468 1102 1520 quid
1124 1468 1163 1505 in
1186 1468 1282 1505 meis
1302 1468 1413 1505 bonis
1442 1468 1508 1519 agi.
1530 1469 1657 1521 potuit
1676 1469 1687 1505 ?
1722 1468 1787 1505 Sin
1815 1467 1868 1505 est

468 1546 594 1575 ratum
612 1565 623 1581 ‚
654 1549 722 1573 cur
748 1534 813 1572 ille
840 1546 978 1586 gurges
996 1562 1006 1578 ,
1038 1532 1231 1571 helluatus
1254 1542 1385 1571 tecum
1406 1532 1519 1571 simul
1541 1533 1761 1586 reipublicae
1782 1533 1868 1571 san-

465 1603 626 1655 guinem
645 1631 657 1646 ,
687 1601 733 1639 ad
754 1600 894 1638 caelum
915 1609 1043 1638 tamen
1064 1600 1235 1638 extruxit
1255 1598 1388 1637 villam
1409 1599 1449 1637 in
1470 1599 1694 1638 Tusculano
1714 1599 1869 1638 visceri-

467 1670 538 1707 bus
560 1668 698 1713 aerarii;
718 1665 818 1705 mihi
839 1679 942 1704 meas
963 1666 1105 1711 ruinas,
1124 1679 1289 1718 quarum
1309 1679 1380 1718 ego
1401 1666 1566 1704 similem
1587 1675 1708 1704 totam
1731 1667 1871 1705 urbem,

468 1735 538 1774 effe
560 1733 680 1787 passus
702 1747 779 1772 non
800 1733 900 1778 sum,
931 1732 1095 1785 aspicere
1114 1745 1192 1770 non
1213 1731 1324 1770 licuit
1343 1731 1355 1768 ?

523 1800 717 1840 XLVIII.
753 1799 909 1837 Omitto
937 1798 1183 1836 Gabinium:
1216 1797 1342 1850 quid?
1374 1797 1555 1850 exemplo
1583 1807 1650 1836 tuo
1678 1798 1777 1837 bona
1804 1807 1869 1837 tua

470 1879 598 1905 nonne
629 1865 678 1903 L.
709 1864 949 1908 Mummius,
982 1863 1038 1900 vir
1067 1863 1248 1901 omnium
1280 1862 1506 1901 fortiffimus
1535 1873 1650 1916 atque
1679 1865 1867 1917 optimuS,

469 1931 729 1971 consecravit?
749 1929 867 1981 Qod
887 1929 926 1974 fi,
946 1929 1036 1981 quia
1056 1929 1101 1967 ad
1123 1938 1159 1967 te
1181 1929 1360 1982 pertinet,
1377 1938 1503 1968 ratum
1523 1929 1595 1968 effe
1616 1920 1729 1983 negas
1751 1945 1867 1984 opor-

469 2010 571 2043 tere;
603 2011 645 2036 ea
659 1997 746 2048 jura
765 1996 993 2034 constituisti
1014 1996 1055 2033 in
1076 1996 1255 2049 praeclaro
1276 1996 1474 2034 tribunatu
1495 2005 1576 2042 tuo,
1608 1998 1750 2050 quibus
1772 1998 1811 2036 in
1833 2006 1871 2036 te

468 2063 669 2107 conversis,
691 2061 891 2106 recusares,
912 2061 1005 2099 alios
1025 2070 1207 2100 everteres
1227 2063 1239 2099 ?
1268 2063 1332 2100 Sin
1352 2061 1419 2100 ista
1441 2063 1672 2102 consecratio
1695 2063 1871 2116 legitima

469 2131 547 2175 est;
580 2129 675 2182 quid
694 2128 760 2173 est,
783 2127 887 2180 quod
909 2127 1115 2180 profanum
1136 2128 1176 2166 in
1198 2129 1274 2167 tuis
1296 2129 1408 2168 bonis
1428 2128 1498 2167 effe
1518 2129 1630 2182 poffit
1651 2130 1663 2166 ?
1686 2131 1750 2168 An
1771 2144 1866 2169 con-

472 2197 627 2236 secratio
660 2195 814 2233 nullum
849 2193 965 2233 habet
992 2196 1072 2247 jus,
1104 2195 1292 2233 dedicatio
1322 2195 1374 2233 est
1405 2194 1607 2248 religiosa?
1640 2197 1749 2249 Qid
1779 2211 1869 2250 ergo

472 2265 537 2302 illa
568 2272 632 2301 tua
662 2271 749 2300 tum
778 2261 980 2299 obtestatio
1013 2262 1213 2307 tibicinis,
1245 2262 1340 2314 quid
1371 2261 1524 2300 foculus
1543 2292 1554 2308 ,
1585 2264 1681 2315 quid
1710 2278 1868 2317 preces,

471 2330 565 2383 quid
585 2328 705 2382 prisca
725 2327 851 2372 verba,
884 2327 1119 2366 voluerunt?
1152 2328 1359 2373 Ementiri‚
1391 2327 1536 2374 fallere,
1564 2330 1670 2367 abuti
1693 2330 1869 2369 Deorum

471 2394 752 2434 immortalium
776 2394 936 2432 numine
956 2393 1000 2430 ad
1022 2392 1230 2431 hominum
1253 2394 1449 2439 timorem,
1481 2394 1633 2433 voluisti
1653 2396 1665 2432 ?
1700 2396 1820 2440 Nam,
1842 2395 1869 2435 sl

471 2463 520 2500 est
541 2461 638 2499 illud
660 2470 810 2506 ratum,
835 2461 949 2499 mitto
971 2461 1213 2507 Gabinium,
1239 2471 1303 2500 tua
1322 2461 1460 2500 domus
1482 2470 1596 2507 certe,
1619 2471 1656 2501 et
1677 2461 1869 2515 quidquid
