2212 2835
662 175 797 214 PRo
857 173 1041 213 LEGE
1102 171 1445 213 MANILIA.
1709 185 1753 224 13

358 277 576 331 imperavit.
610 277 668 314 Ita
687 283 840 313 tantum
862 273 1025 318 bellum,
1047 281 1127 310 tam
1149 271 1395 315 diuturnum,
1423 278 1501 308 tam
1523 270 1637 322 longe
1657 269 1754 307 late-

358 359 435 397 que
455 344 677 398 dispersum,
695 356 773 394 quo
794 341 897 379 bello
913 353 1047 378 omnes
1064 347 1195 392 gentes
1217 352 1259 376 ac
1276 338 1446 375 nationes
1465 337 1753 390 premebantur,

360 413 434 450 Cn.
460 410 667 462 Pompeius
688 417 858 446 extrema
887 405 1017 444 hieme
1047 406 1254 458 apparavit,
1286 405 1445 442 ineunte
1471 417 1557 442 vere
1576 403 1753 456 suscepit,

358 478 484 516 media
504 475 626 514 aestate
646 473 830 512 confecit.

411 544 526 582 XIII.
564 542 632 580 Est
660 541 742 579 haec
773 540 903 578 divina
928 549 1042 591 atque
1070 537 1310 576 incredibilis
1340 537 1460 576 virtus
1494 536 1749 589 imperatoris.

357 610 466 661 Qid
487 617 642 652 caeterae‚
672 620 765 659 quas
786 607 901 660 paulo
922 615 1009 643 ante
1036 617 1342 642 commemorare
1363 616 1571 655 coeperam,
1603 612 1755 654 quantae

355 685 469 728 atque
499 688 616 728 quarn
647 673 780 712 multae
801 672 918 710 sunt?
955 672 1050 710 Non
1084 670 1190 708 enim
1212 670 1337 709 solum
1372 669 1541 708 bellandi
1562 669 1681 706 virtus
1714 668 1755 705 in

357 742 511 780 summo
531 751 645 794 atque
664 739 834 794 perfecto
854 739 1084 791 imperatore
1105 737 1307 790 quaerenda
1326 736 1377 774 est
1394 755 1406 780 ;
1430 735 1492 774 sed
1514 735 1647 773 multae
1669 735 1755 772 sunt

356 818 451 847 artes
473 808 638 853 eximiae,
659 806 776 859 hujus
798 804 1028 843 administrae
1048 803 1287 856 comitesque
1308 802 1475 840 virtutis.
1499 803 1558 839 Ac
1579 802 1755 854 primum

355 885 498 928 quanta
516 873 738 912 innocentia
758 872 899 910 debent
918 870 989 909 effe
1010 871 1257 923 imperatores
1274 870 1287 907 ?
1310 878 1451 922 quanta
1468 868 1605 906 deinde
1621 868 1753 905 omni-

356 942 428 979 bus
445 942 485 979 in
503 942 614 979 rebus
631 939 883 992 temperantia
898 939 910 975 ?
934 946 1077 990 quanta
1092 936 1167 974 fide
1183 936 1197 973 ?=
1219 945 1361 988 quanta
1375 934 1585 973 facilitate?
1608 944 1754 986 quanto

356 1008 540 1060 ingenio?
577 1016 719 1059 quanta
738 1005 1002 1042 humanitate?
1041 1005 1139 1055 Qae
1160 1003 1338 1047 breviter,
1372 1003 1499 1054 qualia
1520 1002 1592 1039 sint
1612 1002 1651 1038 in
1674 1003 1749 1039 Cn.

356 1074 560 1126 Pompeio,
594 1071 892 1110 confideremus.
926 1072 1087 1106 Summa
1119 1068 1225 1106 enim
1257 1068 1389 1105 omnia
1419 1067 1518 1111 sunt,
1552 1068 1750 1117 Qirites;

355 1141 417 1179 sed
434 1155 474 1180 ea
493 1140 613 1192 magis
632 1152 679 1176 ex
694 1137 861 1175 aliorum
877 1135 1138 1178 contentione,
1157 1147 1275 1185 quam
1294 1134 1371 1186 ipsa
1387 1147 1454 1186 per
1469 1133 1554 1178 sese,
1572 1134 1752 1186 cognosci

355 1217 469 1260 atque
488 1206 656 1259 intelligi
676 1204 842 1258 possunt.

414 1275 547 1326 Qem
567 1273 674 1310 enim
693 1270 888 1325 possumus
910 1270 1184 1323 imperatorem
1202 1268 1341 1320 ‘aliquo
1361 1267 1401 1306 In
1423 1281 1584 1305 numero
1604 1276 1750 1320 putare,

355 1342 466 1394 cujus
497 1341 537 1378 in
566 1339 738 1378 exercitu
767 1346 927 1376 veneant
959 1337 1208 1381 centuriatus,
1240 1345 1355 1387 atque
1380 1334 1600 1386 venierint?
1642 1335 1751 1384 Qid

355 1408 461 1447 hunc
481 1406 684 1446 hominem
707 1418 896 1458 magnum
917 1413 982 1441 aut
1003 1403 1179 1456 amplum
1198 1403 1243 1440 de
1264 1401 1460 1454 republica
1480 1401 1660 1453 cogitare,
1683 1402 1752 1453 qui

354 1474 574 1529 pecuniam,
611 1487 657 1511 ex
688 1472 816 1510 aerario
837 1471 1108 1524 depromptam
1140 1469 1187 1507 ad
1218 1468 1367 1506 bellum
1388 1467 1749 1512 administrandum,

353 1551 418 1581 aut
448 1550 601 1595 propter
630 1539 883 1593 cupiditatem
918 1537 1125 1590 provinciae
1154 1535 1436 1588 magistratibus
1467 1534 1656 1579 diviserit,
1687 1543 1752 1572 aut

354 1617 510 1662 propter
529 1607 725 1646 avaritiam
746 1609 884 1646 Romae
903 1604 945 1641 in
965 1603 1109 1656 quaestu
1126 1602 1346 1654 reliquerit?
1368 1601 1501 1639 Vestra
1520 1601 1751 1639 admurmu-

354 1676 450 1714 ratio
470 1674 577 1719 facit,
601 1673 789 1724 Qirites,
820 1681 863 1710 ut
882 1670 1083 1723 agnoscere
1114 1668 1337 1713 videamini,
1359 1668 1426 1720 qui
1459 1667 1541 1706 haec
1571 1667 1748 1706 fecerint.

354 1743 440 1794 Ego
460 1750 590 1778 autem
611 1739 807 1777 neminem
830 1737 992 1776 nomino
1010 1751 1019 1774 :
1056 1749 1173 1789 quare
1200 1735 1308 1773 irasci
1335 1734 1436 1772 mihi
1458 1747 1573 1771 nemo
1593 1734 1748 1786 poterit,

353 1809 421 1847 nisi
443 1808 511 1861 qui
531 1816 618 1846 ante
640 1806 686 1844 de
706 1805 740 1844 se
760 1805 924 1844 voluerit
943 1803 1132 1842 confiteri.
1160 1804 1307 1855 Itaque,
1331 1811 1486 1854 propter
1506 1800 1606 1838 hanc
1626 1801 1748 1839 avari-

353 1877 447 1915 tiam
467 1876 759 1928 imperatorum‚
782 1881 940 1925 quantas
961 1871 1211 1916 calamitates,
1246 1882 1479 1922 quocunque
1507 1877 1667 1906 ventum
1689 1868 1747 1913 s1t,

353 1941 679 1981 nostriexercitus
700 1939 839 1984 ferant,
862 1940 948 1992 quis
969 1938 1148 1991 ignorat?
1182 1938 1334 1981 Itinera,
1357 1949 1441 1988 quae
1463 1948 1529 1988 per
1548 1933 1662 1972 hosce
1678 1948 1748 1972 an-

353 2023 422 2048 nos
443 2010 483 2047 in
506 2008 615 2046 Italia
634 2021 702 2060 per
732 2020 840 2059 agros
872 2015 987 2058 atque
1006 2004 1147 2058 oppida
1171 2003 1319 2042 civium
1339 2005 1610 2042 Romanorum
1632 2001 1749 2038 nostri

353 2076 600 2128 imperatores
631 2072 820 2117 fecerunt,
852 2071 1133 2110 recordamini:
1167 2078 1252 2107 tum
1274 2067 1426 2106 facilius
1448 2067 1631 2111 statuetis,
1652 2068 1749 2118 quid

353 2143 453 2195 apud
473 2150 615 2179 exteras
637 2140 808 2178 nationes
830 2139 910 2177 fieri
930 2137 1169 2176 existimetis.
1194 2138 1338 2174 Utrum
1360 2135 1486 2188 plures
1507 2134 1747 2171 arbitramini

352 2221 420 2260 per
448 2207 562 2246 hosce
591 2219 709 2244 annos
740 2205 916 2243 militum
950 2204 1159 2242 vestrorum
1195 2202 1309 2240 armis
1340 2201 1510 2238 hostium
1542 2200 1668 2244 urbes,
1699 2212 1746 2235 an

353 2273 525 2311 hibernis
557 2274 749 2311 sociorum
780 2272 968 2316 civitates,
999 2270 1070 2308 effe
1101 2269 1272 2308 deletas?
1311 2268 1453 2319 Neque
1488 2267 1592 2304 enim
1624 2265 1746 2317 potest

354 2340 567 2378 exercitum
596 2339 626 2376 is
648 2339 844 2377 continere
864 2339 1085 2391 imperator,
1115 2338 1184 2389 qui
1214 2336 1249 2373 se
1278 2334 1404 2387 ipsum
1435 2347 1511 2371 non
1542 2332 1742 2375 continet3

302 2445 305 2449 ,
353 2419 477 2458 neque
498 2405 644 2442 severus
664 2405 734 2442 effe
753 2406 793 2443 in
807 2404 1032 2457 judicand0‚
1055 2403 1123 2456 qui
1144 2402 1236 2441 alios
1260 2402 1297 2440 in
1320 2402 1354 2440 se
1375 2400 1518 2438 severos
1539 2396 1610 2434 effe
1636 2397 1744 2449 judi-

353 2487 413 2512 ces
434 2486 512 2510 non
533 2471 641 2510 vulta
