2212 2835
369 157 441 194 140
858 144 1256 182 ORATIO

361 242 540 280 colendos
571 242 739 294 putatis?
772 242 879 293 Qid
905 241 1011 279 enim
1038 242 1244 280 viderunt?
1276 240 1366 286 hoc,
1397 241 1502 293 quod
1527 255 1631 280 nunc
1658 255 1737 286 vos,

361 309 498 360 quaeso,
530 307 729 359 perspicite
755 317 868 359 atque
893 307 1124 360 cognoscite.
1155 308 1250 346 Non
1276 308 1545 360 ingenerantur
1566 307 1740 346 homini-

361 374 431 410 bus
461 386 584 410 mores
614 381 691 410 tam
718 387 738 410 a
765 373 877 426 stirpe
902 374 1050 425 generis
1078 387 1120 411 ac
1140 373 1308 418 seminis,
1339 387 1457 425 quam
1477 373 1590 411 exiis
1611 373 1739 418 rebus,

359 453 443 490 quae
464 439 510 475 ab
531 438 607 490 ipsa
627 448 757 476 natura
778 440 866 483 loci,
898 448 936 477 et
956 453 977 477 a
995 440 1081 477 vitae
1107 439 1393 484 consuetudine,
1424 439 1740 491 suppeditantur;

359 504 500 555 quibus
517 505 670 549 alimur,
693 515 729 542 et
747 506 924 543 vivimus.
949 504 1264 558 Carthaginenses
1280 504 1514 543 fraudulenti
1530 514 1567 542 et
1583 505 1741 543 menda—

359 583 420 607 ces
455 584 533 608 non
566 584 716 622 genere,
748 571 808 608 sed
846 581 977 608 natura
1009 571 1100 616 loci,
1136 571 1254 623 quod,
1290 580 1445 623 propter
1478 579 1609 622 portus
1641 570 1741 614 suos,

360 637 494 674 multis
526 646 563 674 et
591 637 700 674 variis
727 646 982 675 mercatorum
1008 647 1045 675 et
1070 637 1300 675 advenarum
1326 636 1562 674 sermonibus
1590 636 1636 674 ad
1663 636 1742 674 stu-

361 702 469 740 dium
486 702 643 740 fallendi
661 703 783 740 studio
800 703 961 755 quaestus
979 704 1224 741 vocabantur.
1248 703 1423 754 LigureS,
1447 703 1634 747 montani,
1656 701 1743 740 duri

360 777 473 820 atque
494 769 649 820 agrestes
670 783 678 806 ε
712 769 842 806 docuit
869 783 953 820 ager
981 769 1072 821 ipse,
1104 767 1202 806 nihil
1222 768 1391 812 ferendo,
1423 769 1490 806 nifi
1513 768 1635 806 multa
1654 768 1740 806 cul-

361 843 456 878 tura,
497 844 534 871 et
569 848 708 886 magno
743 835 883 878 labore,
924 835 1139 886 quaefitum.
1181 835 1369 885 Campani
1407 833 1552 885 semper
1591 834 1742 885 superbi

361 900 529 937 bonitate
555 914 747 952 agrorum,
778 909 816 936 et
842 899 1039 937 fruetuum
1068 899 1349 951 magnitudine,
1380 899 1485 936 urbis
1512 898 1741 941 salubritate,

361 966 625 1018 descriptione,
675 964 974 1017 pulchritudine.
1029 966 1090 1002 Ex
1127 963 1199 1002 hac
1239 964 1363 1016 copia,
1411 973 1525 1016 atque
1562 964 1744 1002 omnium

361 1045 487 1068 rerum
507 1030 713 1074 affluentia,
745 1030 916 1082 primum
936 1030 1002 1068 illa
1021 1039 1106 1067 nata
1125 1030 1211 1067 sunt
1231 1044 1240 1068 :
1269 1030 1493 1082 arrogantia,
1525 1043 1600 1082 qua
1618 1044 1638 1068 a
1659 1043 1742 1067 ma-

354 1097 504 1149 joribus
532 1096 665 1134 nostris
693 1096 856 1134 alterum
885 1097 1015 1147 Capua
1044 1095 1252 1133 Consulem
1277 1095 1508 1147 postulavit;
1541 1095 1678 1134 deinde
1702 1108 1744 1133 ea

361 1163 545 1207 luxuries,
577 1176 660 1215 quae
691 1162 816 1214 ipsum
847 1160 1096 1206 Annibalem,
1127 1161 1241 1199 armis
1272 1160 1387 1199 etiarn
1419 1169 1505 1199 tum
1539 1161 1742 1207 invidtum,

361 1228 557 1280 voluptate
577 1227 682 1265 vicit.

416 1295 510 1332 Huc
538 1294 597 1332 isti
623 1294 828 1331 decemviri
855 1307 946 1332 cum
974 1307 1183 1332 numerum
1213 1293 1441 1332 colonorum
1462 1306 1508 1331 ex
1529 1292 1611 1345 lege
1632 1292 1743 1330 Rulli

362 1360 616 1404 deduxerint,
647 1369 806 1398 centum
826 1361 1062 1405 decuriones,
1094 1360 1226 1398 decem
1247 1372 1421 1412 augures,
1444 1359 1506 1397 sex
1525 1358 1741 1412 pontifices,

362 1427 627 1465 constituerint
645 1442 653 1465 ε
686 1440 781 1479 quos
802 1427 960 1464 illorum
981 1427 1141 1471 animos,
1173 1441 1269 1478 quos
1290 1427 1471 1479 impetus,
1502 1439 1619 1478 quam
1640 1425 1742 1463 fero-

362 1493 476 1538 ciam,
508 1492 587 1531 fore
607 1493 779 1545 putatis?
812 1493 981 1530 Romam
1007 1493 1048 1530 in
1068 1493 1267 1530 montibus
1294 1492 1469 1544 pofitam,
1500 1500 1537 1529 et
1557 1491 1744 1529 convalli-

363 1560 448 1604 bus,
482 1559 688 1597 coenaculis
723 1558 909 1596 sublatam
945 1567 1059 1610 atque
1093 1558 1319 1610 suspensam,
1354 1571 1431 1596 non
1465 1557 1623 1610 optimis
1658 1556 1743 1601 viis,

363 1626 628 1678 angustissimis
657 1625 816 1669 semitis,
846 1638 921 1677 prae
947 1624 1010 1662 sua
1039 1625 1183 1676 Capua,
1213 1624 1430 1677 planiffimo
1450 1625 1490 1662 in
1511 1624 1597 1662 loco
1617 1622 1744 1675 expli-

364 1701 457 1738 cata,
488 1705 530 1730 ac
556 1706 631 1744 prae
658 1691 734 1729 illis
762 1691 920 1735 semitis,
951 1690 1165 1728 irridebunt
1191 1699 1303 1742 atque
1323 1699 1587 1728 contemnent.
1618 1691 1743 1741 Agros

363 1771 464 1802 vero,
496 1758 742 1800 Vaticanum,
773 1765 810 1793 et
838 1755 1058 1807 Pupiniam,
1089 1768 1182 1792 cum
1209 1754 1283 1791 suis
1304 1755 1463 1806 optimis
1481 1762 1595 1805 atque
1615 1753 1744 1790 uberi-

363 1823 434 1860 bus
473 1822 618 1874 campis
657 1819 906 1859 conferendos
945 1819 1088 1857 scilicet
1126 1833 1203 1858 non
1242 1819 1447 1872 putabunt.
1499 1818 1747 1870 Oppidorum

364 1897 493 1925 autem
528 1887 784 1925 finitimorum
819 1885 927 1923 illam
957 1885 1108 1937 copiam
1139 1898 1229 1922 cum
1261 1883 1331 1922 hac
1362 1898 1428 1937 per
1459 1883 1576 1922 risum
1608 1897 1649 1921 ac
1682 1897 1747 1935 per

358 1955 495 2006 jocum
516 1952 774 1990 contendent:
807 1951 987 1995 Labicos,
1019 1951 1195 1996 Fidenas,
1227 1950 1449 1994 Collatiam,
1472 1950 1597 2002 ipsum
1618 1949 1747 1987 hercle

366 2019 600 2062 Lanuvium,
621 2018 806 2061 Ariciam,
824 2016 1057 2062 Tusculum,
1074 2031 1165 2054 cum
1183 2017 1356 2060 Calibus,
1374 2015 1550 2060 Theano,
1566 2015 1745 2067 Neapoli,

367 2085 551 2129 Puteolis,
588 2083 741 2127 Cumis,
778 2082 986 2134 Pompeiis,
1023 2082 1207 2126 Nuceria,
1250 2082 1543 2134 comparabunt.
1591 2081 1746 2132 Qibus

366 2151 442 2188 illis
474 2150 584 2188 rebus
615 2149 703 2187 elati
734 2158 772 2187 et
801 2148 935 2193 inflati,
966 2147 1115 2186 fortaffe
1145 2162 1222 2186 non
1254 2148 1452 2192 continuo,
1484 2147 1545 2185 sed
1575 2156 1689 2191 certe,
1721 2147 1747 2185 sl

365 2215 524 2268 paulum
551 2214 813 2267 assumpserint
840 2214 1031 2252 vetustatis
1058 2227 1100 2252 ac
1128 2214 1286 2258 roboris,
1318 2227 1394 2251 non
1416 2213 1744 2257 continebuntur;

367 2281 652 2333 progredientur
687 2280 853 2332 longius,
893 2279 1110 2317 efferentur.
1156 2279 1365 2331 Singularis
1404 2278 1524 2317 homo
1563 2279 1744 2331 privatus,

368 2347 435 2384 nisi
462 2360 600 2398 magna
626 2345 803 2398 sapientia
827 2346 1021 2398 praeditus,
1052 2345 1116 2383 vix
1143 2343 1254 2382 facile
1281 2344 1352 2382 sese
1373 2345 1591 2397 regionibus
1611 2342 1744 2386 officii,

369 2413 517 2465 magnis
550 2412 591 2450 in
621 2411 786 2451 fortunis
817 2420 855 2450 et
884 2412 1019 2465 copiis,
1050 2411 1249 2456 continet,
1281 2411 1424 2449 nedum
1445 2410 1504 2448 isti
1533 2410 1579 2448 ab
1611 2407 1745 2453 Rullo,
