2212 2835
707 191 871 229 PRO
930 190 978 229 L.
1038 190 1376 230 MURENA.
1685 205 1756 231 221

375 288 604 334 Corinthiis,
637 290 684 328 L.
708 290 915 329 Mummii.
948 291 1012 328 Sin
1033 290 1115 329 haec
1137 291 1237 329 bella
1261 291 1487 345 graviffima,
1520 292 1763 346 victoriaeque

373 369 507 394 eorum
529 355 722 393 bellorum
741 355 977 407 graviffimae,
1008 355 1166 394 fuerunt
1178 375 1190 401 3
1213 370 1281 394 cur
1301 357 1474 395 Afiaticae
1494 359 1680 404 nationes,
1701 368 1760 397 at-

373 435 449 474 que
468 422 534 459 ille
554 435 575 458 a
595 431 631 459 te
650 421 767 459 hostis
789 421 1079 460 contemnitur?
1112 423 1237 474 Atqui
1257 435 1304 460 ex
1325 432 1496 462 veterum
1524 438 1650 464 rerum
1673 440 1760 464 mo-

372 488 569 527 numentis
590 487 648 525 vel
669 488 889 526 maximum
910 487 1059 526 bellum
1083 488 1275 541 populum
1302 490 1528 528 Romanum
1556 505 1646 529 cum
1673 494 1760 530 An-

372 553 504 593 tiocho
529 553 671 606 geffiffe
695 553 835 599 video3
867 554 976 606 cujus
1003 553 1096 592 belli
1125 554 1247 592 vietor
1276 556 1325 594 L.
1359 556 1501 609 Scipio,
1533 566 1639 609 parta
1668 572 1760 596 curn

371 620 512 658 Publio
531 619 645 658 fratre
665 620 799 673 gloria,
831 633 948 673 quam
970 620 1124 658 laudem
1144 620 1224 666 ille,
1255 620 1389 660 Africa
1407 623 1590 675 oppressa,
1612 637 1760 677 cogno-

371 687 476 724 mine
495 686 576 740 ipso
589 701 670 741 prae
691 686 726 724 se
751 685 910 732 ferebat,
941 687 1101 726 eandem
1131 686 1197 726 hic
1228 688 1298 726 fibi
1329 702 1377 727 ex
1407 690 1505 728 Afiae
1524 691 1683 729 nomine
1703 691 1759 729 as-

369 752 540 806 sumpsit.
562 754 654 805 Qo
673 753 832 806 quidem
853 753 894 791 in
914 753 1017 791 bello
1037 753 1156 792 virtus
1177 754 1318 793 enituit
1333 756 1483 808 egregia
1502 757 1564 795 M.
1584 758 1758 802 Catonis,

368 820 499 872 proavi
520 820 577 858 tui
595 834 604 858 ε
637 833 715 872 quo
735 819 814 864 ille,
846 833 938 857 cum
957 818 1057 864 effet,
1089 828 1132 857 ut
1151 833 1225 872 ego
1243 819 1343 859 mihi
1362 821 1497 867 statuo,
1529 823 1630 868 talis,
1661 837 1758 876 qua-

368 885 447 923 lem
469 895 505 923 te
524 885 595 923 effe
614 886 739 931 video,
758 899 957 938 nunquam
976 899 1068 923 cum
1090 886 1267 939 Scipione
1284 886 1373 925 effet
1393 888 1598 940 profectus,
1617 889 1643 927 fi
1665 903 1758 928 cum

369 951 609 990 mulierculis
642 952 866 990 bellandum
900 951 971 990 effe
1001 951 1257 991 arbitraretur.
1294 954 1436 1006 Neque
1466 968 1553 993 vero
1583 969 1673 994 cum
1711 957 1758 994 P.

369 1017 554 1056 Africano
581 1018 727 1057 senatus
754 1018 898 1072 egiffet,
930 1028 973 1057 ut
1000 1019 1146 1072 legatus
1173 1018 1280 1058 fratri
1306 1021 1606 1073 proficisceretur
1621 1041 1632 1067 3
1665 1036 1759 1060 cum

366 1085 446 1138 ipse
474 1086 589 1137 paulo
618 1094 718 1130 ante,
750 1086 944 1123 Annibale
970 1098 1017 1124 ex
1043 1086 1153 1124 Italia
1181 1086 1352 1138 expulso,
1383 1101 1431 1126 ex
1458 1087 1591 1126 Africa
1622 1090 1755 1141 ejecto,

369 1152 600 1204 Carthagine
615 1149 797 1206 oppressa,
815 1151 995 1190 maximis
1015 1151 1196 1204 periculis
1218 1153 1499 1205 rempublicam
1516 1155 1756 1200 liberavisset,

366 1219 434 1256 nisi
456 1218 554 1256 illud
570 1232 685 1271 grave
704 1218 853 1256 bellum
874 1226 912 1255 et
932 1216 1138 1256 vehemens
1158 1226 1369 1271 putaretur.

420 1285 512 1323 XV.
545 1284 684 1337 Atqui,
714 1285 740 1322 fi
762 1284 978 1336 diligenter,
1010 1283 1105 1337 quid
1124 1283 1374 1323 Mithridates
1394 1287 1577 1339 potuerit,
1605 1295 1642 1326 et
1663 1287 1757 1340 quid

364 1350 545 1397 effecerit,
576 1360 614 1389 et
634 1351 702 1404 qui
723 1352 780 1389 vir
796 1349 928 1396 fuerit,
959 1350 1232 1397 confideraris3
1264 1352 1446 1391 omnibus
1467 1353 1635 1406 regibus,
1667 1354 1756 1406 qui-

364 1418 527 1456 buscum
548 1419 715 1472 populus
737 1418 937 1456 Romanus
958 1418 1107 1456 bellum
1133 1417 1256 1469 gesfit,
1287 1417 1392 1457 hunc
1419 1432 1548 1472 regem
1569 1421 1756 1459 nimirum

363 1495 584 1537 antepones.
616 1485 748 1536 Qem
769 1485 817 1522 L.
841 1484 956 1535 Sylla,
985 1485 1158 1521 maximo
1177 1493 1215 1521 et
1234 1483 1437 1523 fortiffimo
1457 1487 1641 1532 exercitu,
1664 1501 1756 1525 cum

362 1549 610 1587 exacerbaffet
629 1562 782 1601 pugna,
814 1561 892 1586 non
912 1549 1016 1586 rudis
1036 1549 1268 1601 imperator,
1300 1558 1343 1587 ut
1368 1551 1471 1588 aliud
1492 1551 1591 1590 nihil
1612 1552 1752 1598 dicam,

362 1627 454 1652 eum
475 1614 577 1652 bello
603 1615 799 1653 invectum
826 1623 947 1653 totam
974 1614 1014 1652 in
1041 1614 1171 1652 Asiam
1198 1628 1290 1652 cum
1315 1628 1406 1667 pace
1432 1616 1606 1656 dimifit:
1638 1632 1757 1671 quem

364 1680 412 1718 L.
452 1680 632 1725 Murena,
672 1690 776 1733 pater
812 1679 985 1733 hujusce,
1024 1679 1354 1719 vehementiffime
1393 1682 1755 1736 vigilantissimeque

362 1755 559 1792 vexatum,
591 1746 795 1799 repreffum
823 1760 963 1799 magna
988 1760 1036 1786 ex
1054 1756 1173 1800 parte,
1206 1761 1283 1785 non
1303 1748 1536 1801 oppressum,
1568 1750 1751 1802 reliquit:

361 1813 429 1865 qui
460 1826 540 1858 rex,
576 1812 645 1850 fibi
678 1813 825 1865 aliquot
858 1814 966 1852 annis
998 1813 1162 1867 sumptis
1194 1814 1240 1852 ad
1274 1814 1555 1854 confirmandas
1591 1817 1752 1856 rationes

361 1888 399 1916 et
428 1880 556 1932 copias
588 1879 695 1924 belli,
727 1888 880 1918 tantum
912 1880 989 1933 ipse
1019 1881 1157 1933 opibus
1191 1890 1409 1933 conatuque
1440 1882 1616 1928 invaluit,
1649 1892 1691 1921 ut
1718 1883 1753 1921 se

363 1946 566 1983 Oceanum
593 1959 685 1984 cum
713 1946 852 1990 Ponto,
885 1946 1040 1984 Sertorii
1066 1947 1194 1999 copias
1219 1960 1311 1985 cum
1331 1947 1420 1993 suis,
1452 1950 1753 2000 conjuncturum

362 2019 525 2062 putaret.
557 2011 621 2048 Ad
641 2012 744 2064 quod
765 2012 912 2050 bellum
934 2013 1085 2051 duobus
1111 2012 1334 2051 consulibus
1363 2014 1415 2051 ita
1435 2014 1567 2059 miffis,
1598 2024 1640 2053 ut
1660 2016 1753 2053 alter

362 2075 634 2116 Mithridatem
662 2077 961 2130 persequeretur,
992 2078 1086 2117 alter
1113 2078 1339 2130 Bithyniam
1367 2089 1536 2118 tueretur
1551 2100 1562 2126 3
1599 2081 1752 2118 alterius

362 2155 432 2187 1·e5‚
464 2152 501 2180 et
532 2152 627 2181 terra
656 2153 694 2182 et
722 2144 818 2182 mari
849 2145 1090 2189 calamitosae,
1121 2144 1365 2184 vehementer
1396 2155 1434 2184 et
1465 2160 1555 2199 opes
1588 2147 1684 2199 regis
1711 2155 1749 2184 et

363 2222 503 2246 nomen
524 2219 737 2248 auxerunt:
769 2211 818 2249 L.
843 2211 1001 2248 Luculli
1030 2224 1116 2249 vero
1143 2225 1198 2249 res
1228 2221 1339 2249 tantae
1361 2213 1585 2256 extiterunt,
1617 2221 1659 2249 ut
1680 2225 1747 2248 ne-

361 2288 434 2327 que
467 2275 587 2326 majus
615 2275 762 2313 bellum
790 2278 1087 2315 commemorari
1113 2277 1239 2330 poffit,
1270 2291 1394 2330 neque
1423 2279 1564 2330 majore
1591 2276 1749 2314 confilio

361 2351 398 2378 et
418 2342 559 2378 virtute
580 2341 740 2393 gestum.
773 2342 894 2387 Nam,
925 2357 1016 2381 cum
1047 2344 1164 2382 totius
1193 2345 1360 2396 impetus
1390 2344 1481 2381 belli
1508 2344 1553 2380 ad
1578 2342 1745 2393 Cyzice-

357 2421 495 2445 norum
518 2407 660 2444 moenia
679 2406 914 2452 constitisset,
945 2422 1106 2461 eamque
1128 2410 1263 2447 urbem
1285 2410 1353 2446 fibi
1374 2408 1624 2446 Mithridates
1647 2408 1746 2446 Afiae

354 2474 512 2527 januam
547 2472 627 2512 fore
664 2473 883 2526 putavisset,
922 2487 996 2526 qua
1029 2474 1181 2512 effrafta
1214 2484 1250 2512 et
1283 2473 1449 2519 revulsa,
1491 2483 1569 2512 tota
1602 2482 1750 2527 pateret
