2212 2835
638 102 716 141 IN
773 103 822 141 L.
881 103 1343 143 CATILINAM.
1625 118 1700 146 201

306 204 474 256 impetus
501 203 808 257 pertimescendi.
843 204 907 242 Sin
936 203 1044 242 illam
1072 203 1257 250 alteram,
1290 205 1429 250 nescio,
1462 218 1508 244 an
1535 206 1701 259 amplius

307 269 407 308 mihi
429 271 576 323 negotii
596 269 869 308 contrahatur:
902 270 964 308 sed
991 280 1120 308 tamen
1147 284 1326 310 meorum
1353 272 1616 325 periculorum
1643 287 1702 310 ra-

308 337 432 375 tiones
464 337 608 375 utilitas
637 336 858 389 reipublicae
883 337 1025 375 vincat.
1058 337 1261 376 Habemus
1288 339 1393 377 enim
1423 353 1443 376 a
1471 340 1519 377 C.
1543 339 1701 384 Caesare‚

307 403 403 441 ficut
437 403 551 456 ipsius
587 403 764 455 dignitas,
803 411 841 440 et
876 403 1066 454 majorum
1097 404 1178 455 ejus
1210 405 1441 456 amplitudo,
1473 405 1701 458 postulabat,

307 469 548 512 sententiam,
579 477 762 520 tanquam
783 467 954 505 obfidem
974 477 1167 520 perpetuae
1188 468 1228 506 in
1249 470 1533 522 rempublicam
1561 471 1702 510 volun-

306 535 420 573 tatis:
453 533 696 572 intellet‘tum
716 533 780 578 est,
812 533 908 586 quid
927 534 1073 571 interfit
1098 534 1198 572 inter
1224 534 1423 574 lenitatem
1451 537 1701 575 concionato-

305 613 407 644 rum,
439 609 477 637 et
496 600 674 638 animum
694 613 779 638 vere
799 599 1041 652 popularem,
1073 599 1183 638 saluti
1203 601 1342 654 populi
1361 602 1641 641 consulentem.

361 666 486 704 Video
506 666 552 704 de
572 665 664 712 istis,
695 666 763 718 qui
783 666 984 719 populares
1005 665 1137 705 haberi
1158 666 1308 713 volunt,
1335 668 1456 706 abeffe
1476 683 1553 707 non
1575 670 1702 707 nemi-

306 745 410 778 nem,
442 746 489 771 ne
510 733 556 771 de
576 733 700 786 c‘apite
719 732 899 771 videlicet
919 733 1066 771 civium
1088 734 1359 773 Romanorum
1390 734 1616 774 sententiam
1644 735 1703 774 fe-

240 796 244 801 ’
306 808 374 838 rat.
408 800 444 838 Is
475 808 513 837 et
544 799 816 838 nudiustertius
848 800 889 837 in
917 799 1129 838 custodiam
1157 801 1257 839 cives
1286 802 1484 841 Romanos
1515 802 1636 849 dedit,
1666 812 1705 841 et

308 865 629 918 supplicationem
657 865 757 904 mihi
784 866 964 910 decrevit,
996 874 1033 903 et
1059 866 1205 904 indices
1233 866 1408 906 hesterno
1436 868 1497 906 die
1521 869 1706 907 maximis

308 932 477 984 praemiis
498 931 639 970 affecit.
658 933 746 983 Jam
767 930 843 970 hoc
863 932 1012 970 nemini
1033 931 1198 971 dubium
1219 932 1286 978 est,
1308 934 1376 986 qui
1396 947 1458 972 reo
1478 934 1705 979 custodiam,

309 997 498 1050 quaefitori
517 998 830 1051 gratulationem,
862 998 982 1036 indici
1001 999 1221 1051 praemium,
1243 1000 1422 1046 decrevit,
1445 1001 1540 1053 quid
1561 1001 1607 1040 de
1628 1010 1708 1040 tota

309 1077 349 1102 re
369 1073 407 1102 et
433 1064 752 1116 causajudicarit'.
786 1066 840 1102 At
868 1079 956 1103 vero
983 1065 1031 1104 C.
1061 1065 1184 1104 Caesar
1209 1066 1409 1119 intelligit,
1439 1067 1566 1120 legem
1594 1069 1706 1106 Sem-

309 1130 485 1182 proniam
517 1130 588 1168 effe
619 1131 665 1168 de
692 1130 841 1168 civibus
869 1131 1057 1168 Romanis
1085 1131 1354 1170 constitutam:
1377 1132 1445 1184 qui
1472 1143 1602 1172 autem
1629 1135 1705 1172 rei-

310 1195 477 1248 publicae
497 1195 541 1232 fit
560 1193 691 1240 hostis,
725 1208 814 1232 eum
835 1195 963 1232 civem
984 1194 1055 1232 effe
1085 1195 1196 1233 nullo
1226 1198 1345 1235 modo
1374 1197 1503 1250 poffe:
1541 1199 1708 1252 denique

308 1260 434 1313 ipsum
455 1260 614 1299 latorem
636 1260 730 1313 legis
753 1261 999 1312 Semproniae‚
1025 1260 1127 1312 juffu
1148 1263 1298 1314 populi,
1329 1276 1459 1314 poenas
1486 1264 1708 1316 reipublicae

310 1326 539 1380 dependiffe.
572 1326 682 1365 Idem
709 1326 826 1364 etiam
851 1326 978 1380 ipsum
1000 1327 1231 1373 Lentulum,
1263 1328 1484 1381 largitorem
1511 1339 1549 1368 et
1574 1331 1708 1383 prodi-

310 1407 421 1445 gum,
452 1407 530 1432 non
551 1402 674 1447 putat,
706 1406 797 1431 cum
819 1392 866 1430 de
886 1393 1053 1446 pernicie
1072 1394 1209 1447 populi
1229 1395 1414 1441 Romani,
1446 1396 1566 1435 exitio
1591 1395 1707 1450 hujus

311 1459 433 1504 urbis,
471 1470 550 1498 tam
580 1460 714 1498 acerbe
746 1468 903 1511 tamque
935 1458 1142 1497 crudeliter
1170 1461 1362 1513 cogitarit,
1394 1462 1577 1515 appellari
1608 1463 1711 1517 poffe

312 1526 554 1578 popularem.
588 1527 720 1578 Itaque
739 1524 861 1563 homo
882 1525 1118 1570 mitiffimus‚
1143 1535 1257 1578 atque
1277 1527 1504 1575 leniffimus,
1535 1544 1615 1569 non
1635 1530 1710 1569 du-

314 1590 413 1628 bitat
447 1592 490 1629 P.
527 1592 743 1630 Lentulum
778 1591 924 1628 aeternis
959 1591 1123 1629 tenebris
1156 1592 1398 1646 vinculisque
1428 1596 1635 1643 mandare;
1671 1605 1710 1636 et

314 1656 433 1694 sancit
452 1657 492 1694 in
512 1657 720 1710 posterum,
742 1670 789 1695 ne
811 1657 896 1709 quis
916 1656 1032 1709 hujus
1053 1657 1245 1711 supplicio
1265 1659 1425 1700 levando
1445 1661 1480 1700 se
1494 1663 1649 1715 jactare,
1671 1672 1711 1702 et

312 1722 354 1760 in
372 1723 543 1775 pernicie
562 1724 699 1776 populi
720 1724 889 1761 Romani
907 1721 1062 1776 posthac
1081 1724 1276 1777 popularis
1296 1726 1379 1773 effe,
1410 1728 1548 1781 poffit:
1569 1730 1709 1783 adjun-

311 1787 371 1840 git
389 1788 507 1826 etiam
526 1788 832 1840 publicationem
854 1789 1061 1836 bonorum,
1082 1799 1126 1828 ut
1146 1804 1281 1830 omnes
1301 1794 1423 1832 animi
1442 1795 1649 1842 cruciatus,
1670 1804 1710 1835 et

311 1854 497 1907 corporis,
527 1854 644 1892 etiam
665 1855 804 1908 egestas
825 1869 866 1894 ac
888 1856 1115 1896 mendicitas
1135 1858 1402 1912 consequatur.

368 1920 440 1959 VI.
473 1921 755 1972 Qamobrem,
785 1921 859 1960 five
879 1921 954 1961 hoc
981 1923 1212 1971 statueritis,
1244 1925 1424 1965 dederitis
1453 1926 1554 1966 mihi
1581 1928 1710 1967 comi-

315 1994 395 2023 tem
423 1986 469 2024 ad
499 1988 743 2034 concionem,
776 1989 922 2041 populo
952 1990 1132 2028 Romano
1160 2004 1293 2030 carum
1320 2002 1434 2046 atque
1453 1995 1707 2046 jucundum:

316 2052 389 2090 five
409 2052 525 2090 Silani
544 2053 770 2092 sententiam
792 2054 897 2107 sequi
917 2056 1156 2102 malueriti53
1189 2057 1301 2096 facile
1328 2073 1405 2105 me,
1437 2070 1551 2113 atque
1578 2076 1657 2107 vos,
1688 2075 1709 2099 a

315 2117 548 2157 crudelitatis
569 2119 847 2173 vituperatione
868 2120 1100 2161 defendetis:
1124 2132 1238 2176 atque
1259 2125 1457 2170 obtinebo,
1476 2140 1558 2164 eam
1582 2127 1708 2165 multo

316 2183 499 2222 leviorem
529 2184 650 2225 fuisse.
683 2188 936 2240 Qanquam,
969 2190 1096 2228 Patres
1124 2191 1347 2243 conscripti,
1379 2206 1463 2245 quae
1490 2194 1610 2246 potest
1637 2193 1707 2230 ess'e

317 2250 357 2287 in
379 2251 473 2287 tanti
495 2250 641 2290 sceleris
665 2253 907 2292 immanitate
932 2256 1125 2306 punienda
1149 2257 1351 2295 crudelitas
1371 2258 1382 2293 ?
1415 2260 1501 2311 Ego
1528 2259 1631 2296 enim
1660 2259 1707 2295 de

318 2329 406 2354 meo
426 2315 531 2353 sensu
547 2317 695 2368 judico.
728 2320 847 2363 Nam,
874 2321 926 2357 ita
945 2321 1044 2358 mihi
1065 2321 1161 2359 salva
1181 2323 1377 2375 republica
1399 2325 1594 2361 vobiscum
1619 2338 1704 2375 per-

317 2381 395 2420 frui
427 2381 552 2426 liceat,
584 2392 627 2421 ut
656 2397 741 2436 ego,
773 2386 877 2438 quod
908 2387 948 2425 in
981 2387 1051 2426 hac
1077 2388 1183 2426 causa
1213 2388 1473 2427 vehementior
1500 2389 1598 2433 sum,
1631 2403 1706 2428 non

401 2449 473 2486 To
490 2460 541 2487 M.
573 2448 624 2488 V.
790 2453 794 2455 ’
1322 2455 1354 2491 C
1385 2467 1405 2490 c
