2212 2835
659 183 734 222 IN
792 185 840 222 L.
902 184 1360 223 CATILINAM.
1648 188 1721 239 157

328 296 407 327 eos,
437 291 475 320 et
506 294 617 335 pons,
649 281 851 320 intereffet.
884 281 1035 320 Eodem
1067 291 1195 320 autem
1227 292 1264 320 et
1294 282 1364 336 ipfi
1391 281 1466 320 fine
1493 281 1720 335 cujusquam

328 348 539 402 suspicione
566 348 710 387 multos
739 347 855 386 fortes
883 348 981 386 viros
1008 348 1238 393 eduxerunt,
1269 358 1307 386 et
1333 363 1404 401 ego
1432 363 1478 388 ex
1500 348 1722 403 praefectura

328 416 493 453 Reatina
525 415 742 466 complures
778 413 942 451 delectos
976 414 1244 458 adolescentes,
1286 428 1455 466 quorum
1489 429 1601 468 opera
1634 424 1721 453 utor

328 481 466 519 affidue
493 481 534 518 in
566 480 786 531 reipublicae
812 479 997 531 praefiffio,
1029 493 1121 517 cum
1148 480 1285 531 gladiis
1317 480 1508 519 miseram.
1542 482 1718 526 Interim,

328 547 437 584 tertia
455 545 534 584 fere
555 545 686 598 vigilia
705 547 846 590 exacta,
878 559 969 583 cum
991 546 1074 597 jam
1096 554 1257 598 pontem
1278 546 1471 584 Milvium
1492 561 1632 600 magno
1651 561 1719 585 co-

326 612 465 649 mitatu
497 611 612 664 legati
642 611 904 663 Allobrogum
936 611 1086 664 ingredi
1113 611 1342 664 inciperent,
1374 626 1527 665 unaque
1553 612 1718 650 Vultur-

325 679 422 723 cius,
453 677 498 716 fit
524 679 563 716 in
590 692 652 716 eos
679 679 876 731 impetus:
908 677 1126 716 educuntur
1145 687 1183 716 et
1202 679 1249 716 ab
1276 678 1352 716 illis
1373 679 1505 732 gladii,
1537 688 1574 717 et
1594 693 1614 716 a
1634 678 1718 716 nos-

325 745 407 783 tris.
439 745 517 783 Res
538 736 617 783 erat
636 745 862 798 praetoribus
883 753 974 782 nota
993 744 1078 782 solis
1098 759 1105 783 :
1137 745 1386 797 ignorabatur
1405 759 1425 783 a
1443 746 1603 784 caeteris.

380 812 455 850 III.
487 812 598 850 Tum
625 812 843 849 interventu
871 811 1029 849 Pontini
1057 819 1172 863 atque
1200 811 1331 850 Flacci
1357 825 1500 864 pugna,
1532 826 1617 864 quae
1642 820 1720 849 erat

325 877 539 922 commissa,
570 878 745 916 sedatur:
778 877 910 922 literae,
946 891 1188 930 quaecunque
1221 887 1328 916 erant
1361 878 1402 916 in
1436 892 1481 916 eo
1516 879 1718 923 comitatu,

326 944 483 997 integris
512 945 641 997 fignis,
673 944 898 997 praetoribus
927 944 1155 982 traduntur:
1188 944 1256 997 ipfi
1286 944 1551 998 comprehensi
1572 946 1619 983 ad
1640 958 1717 989 me,

324 1024 416 1048 cum
431 1012 513 1062 jam
535 1011 795 1054 dilucesceret,
817 1010 1072 1048 deducuntur.
1096 1012 1228 1062 Atque
1242 1010 1383 1048 horum
1400 1012 1580 1049 omnium
1601 1011 1718 1061 scele-

324 1090 413 1115 rum
434 1076 763 1129 improbiffimum
783 1074 1088 1114 machinatorem
1110 1076 1319 1114 Cimbrum
1337 1077 1570 1122 Gabinium,
1592 1077 1719 1115 statim

324 1141 371 1179 ad
401 1156 479 1187 me,
510 1141 707 1180 nihildum
739 1140 1009 1193 suspicantem,
1041 1141 1186 1180 vocavi.
1218 1141 1372 1179 Deinde
1402 1143 1497 1180 item
1528 1142 1719 1181 arceffitur

324 1209 373 1246 L.
397 1208 584 1253 Statilius,
615 1217 653 1245 et
673 1207 757 1259 post
775 1220 864 1245 eum
887 1206 1082 1259 Cethegus
1101 1221 1110 1245 ε
1143 1207 1350 1245 tardiffime
1369 1217 1498 1246 autem
1526 1209 1718 1247 Lentulus

324 1274 442 1319 venit,
464 1275 576 1312 credo
596 1274 701 1326 quod
721 1273 840 1311 literis
863 1273 1011 1318 dandis,
1033 1282 1167 1325 praeter
1187 1273 1520 1319 consuetudinem,
1542 1275 1721 1327 proxima

322 1342 434 1379 nocte
454 1341 644 1394 vigilat-at.

379 1408 486 1446 Cum
518 1421 606 1446 vero
637 1406 798 1445 summ1s
830 1420 872 1445 ac
904 1406 1118 1444 clariffirnis
1150 1405 1266 1459 hujus
1299 1406 1465 1445 civitatis
1496 1407 1601 1452 viris,
1633 1408 1717 1459 qui,

319 1474 448 1512 audita
481 1488 533 1519 re,
568 1473 786 1526 frequentes
821 1473 868 1510 ad
904 1486 967 1510 me
999 1487 1110 1510 mane
1141 1482 1410 1518 convenerant,
1446 1474 1572 1512 literas
1603 1488 1624 1512 a
1654 1487 1719 1512 me

323 1540 428 1591 prius
448 1541 598 1592 aperiri,
630 1553 747 1592 quam
768 1539 813 1576 ad
835 1539 1005 1582 senatum
1026 1538 1221 1583 referrem,
1253 1539 1446 1591 placeret,
1479 1555 1541 1585 ne,
1570 1541 1596 1579 fi
1616 1539 1718 1579 nihil

323 1605 413 1644 effet
443 1607 660 1650 inventum,
691 1615 835 1643 temere
866 1619 885 1642 a
912 1619 975 1642 me
1005 1614 1141 1650 tantus,
1159 1607 1352 1644 tumultus
1380 1607 1541 1659 injectus
1568 1607 1717 1646 civitati

324 1672 542 1718 videretur;
575 1673 708 1725 negavi
730 1686 793 1709 me
813 1671 884 1709 effe
905 1671 1110 1716 fstturum,
1134 1681 1176 1709 ut
1198 1673 1244 1709 de
1264 1673 1435 1725 periculo
1454 1674 1614 1726 publico
1637 1688 1718 1712 non

321 1739 369 1777 ad
388 1739 592 1777 confilium
614 1739 817 1791 publicum
839 1752 917 1776 rem
939 1739 1129 1790 integram
1150 1738 1353 1778 deferrem.
1379 1741 1555 1785 Etenim,
1578 1741 1716 1792 Qiri-

323 1815 392 1852 tes,
424 1806 449 1844 fi
476 1819 531 1850 ea,
563 1819 648 1857 quae
674 1814 780 1842 erant
807 1806 853 1842 ad
879 1818 942 1843 me
969 1804 1104 1850 delata,
1136 1814 1281 1859 reperta
1307 1820 1384 1845 non
1410 1806 1553 1852 essent,
1586 1816 1717 1845 tamen

320 1886 392 1925 ego
413 1887 490 1910 non
511 1872 733 1917 arbitrabar,
755 1872 795 1911 in
815 1872 929 1910 tantis
950 1871 1172 1926 reipublicae
1191 1872 1372 1926 periculis
1390 1872 1491 1911 mihi
1508 1873 1578 1912 effe
1594 1873 1717 1911 nimi-

322 1953 385 1977 am
404 1939 646 1992 diligentiam
666 1938 1023 1992 pertimescendam.
1057 1940 1239 1978 Senatum
1264 1938 1509 1992 frequentem
1529 1941 1716 1985 celeriter,

324 2014 367 2043 ut
387 2005 545 2050 vidistis,
575 2005 699 2057 coegi.
733 2007 864 2058 Atque
884 2006 1027 2044 interea
1046 2005 1188 2050 statim,
1211 2006 1413 2045 admonitu
1436 2007 1713 2060 Allobrogum,

323 2071 373 2109 C.
407 2071 640 2124 Sulpicium,
672 2081 886 2125 praetorem‚
918 2071 1059 2110 fortem
1090 2072 1233 2118 virum,
1264 2073 1363 2118 mifi,
1394 2074 1464 2126 qui
1494 2087 1541 2112 ex
1570 2073 1714 2118 aedibus

324 2136 504 2190 Cethegi,
535 2138 561 2176 fi
593 2138 689 2190 quid
716 2138 882 2175 telorum
907 2137 1011 2184 effer,
1040 2137 1217 2177 efferret:
1250 2153 1296 2177 ex
1327 2140 1469 2192 quibus
1496 2140 1562 2177 ille
1588 2139 1713 2177 maxi-

324 2216 435 2242 mum
455 2204 613 2242 sicarum
636 2218 843 2243 numerum
863 2215 901 2242 et
921 2206 1138 2257 gladiorum
1158 2207 1313 2244 extulit.

380 2270 451 2308 1V.
486 2271 687 2308 Introduxi
719 2271 973 2309 Vulturcium
1002 2272 1077 2310 fine
1106 2272 1258 2310 Gallis:
1292 2273 1409 2310 fidem
1436 2273 1471 2309 ei
1498 2271 1712 2324 publicam,

318 2336 420 2390 jussu
453 2335 613 2380 senatus,
645 2337 758 2375 dedi:
792 2337 964 2376 hortatus
997 2338 1095 2383 sum,
1128 2348 1170 2377 ut
1201 2352 1256 2383 ea,
1289 2353 1372 2391 quae
1405 2339 1526 2381 sciret,
1559 2337 1634 2374 fine
1661 2338 1712 2374 ti-

324 2415 432 2441 more
453 2401 650 2439 indicaret.
678 2403 785 2440 Tum
809 2404 886 2447 ille,
909 2418 1001 2441 cum
1023 2404 1087 2442 vix
1109 2404 1143 2442 se
1161 2418 1209 2442 ex
1230 2418 1370 2456 magno
1392 2404 1528 2440 timore
1549 2402 1713 2455 recepis-

323 2469 390 2514 set,
422 2468 535 2512 dixit,
571 2481 591 2505 ει
627 2469 668 2505 Ρ.
707 2468 874 2506 Lentulo
908 2469 944 2506 se
976 2469 1115 2508 habere
1146 2471 1192 2508 ad
1225 2470 1436 2508 Catilinam
1468 2468 1646 2507 mandata
1675 2479 1713 2507 et

1273 2538 1309 2572 A
1339 2549 1357 2572 a
1389 2548 1409 2573 2
