2212 2835
886 96 1024 134 PRO
1084 96 1128 135 Ρ.
1189 97 1436 138 SYLLA.
1793 116 1867 156 307

476 195 753 233 consideratum
769 225 779 241 ,
810 196 1001 234 videretur
1020 198 1032 234 ?
1065 198 1227 235 Fanum
1249 211 1378 250 quaero
1396 199 1408 235 ?
1441 199 1603 237 verbum
1621 201 1772 252 ecquod
1793 215 1866 239 un-

477 275 594 313 quam
616 276 661 300 ex
682 275 745 299 ore
771 261 886 314 hujus
915 263 1059 300 excidit
1077 292 1087 306 ‚
1119 263 1221 300 unde
1243 264 1447 315 quisquam
1468 265 1587 317 poffet
1606 265 1750 304 offendi
1769 268 1781 304 ?
1814 269 1869 306 At

477 341 563 365 vero
586 328 625 365 in
646 328 713 366 illa
731 328 837 380 gravi
858 329 906 366 L.
930 328 1041 380 Syllae
1063 328 1232 373 victoria,
1258 330 1570 382 turbulentaque,
1593 331 1680 384 quis
1701 333 1744 371 P.
1769 332 1870 385 Sylla

475 394 632 439 mitior,
665 394 751 446 quis
773 394 1052 432 misericordior
1068 423 1079 438 ‚
1111 394 1289 432 inventus
1310 394 1362 432 est
1381 396 1394 432 ?
1425 410 1542 448 quam
1565 398 1780 437 multorum
1801 397 1867 436 hic

474 459 595 498 vitam
615 459 667 497 est
686 473 706 497 a
726 461 773 497 L.
791 459 892 510 Sylla
912 460 1133 512 deprecatus
1153 459 1165 496 ?
1188 473 1306 512 quam
1328 461 1445 498 multi
1464 462 1551 500 sunt
1570 463 1713 502 summi
1735 463 1866 503 homi—

474 538 538 563 nes
559 534 596 563 et
616 525 855 570 ornatiffimi,
886 535 924 563 et
944 525 1061 563 nostri
1079 534 1117 563 et
1136 526 1317 577 equestris
1337 526 1498 572 ordinis,
1531 541 1698 580 quorum
1721 544 1789 582 pro
1810 531 1868 569 sa-

470 591 552 629 lute
571 591 606 628 se
627 590 694 629 hic
715 591 824 643 Syllae
844 591 1030 644 obligavit
1048 591 1062 628 ?
1093 605 1189 644 quos
1210 605 1281 645 ego
1307 593 1550 632 nominarem
1566 613 1578 639 ;
1610 608 1736 648 neque
1761 597 1867 635 enim

472 657 541 710 ipsi
561 657 716 703 nolunt,
734 666 773 696 et
791 656 885 695 huic
904 658 1035 696 animo
1055 658 1268 710 gratiffimo
1288 658 1443 698 adsunt:
1463 659 1538 706 sed,
1560 661 1651 713 quia
1670 662 1794 715 majus
1814 663 1868 701 est

471 723 719 770 beneficium,
751 737 869 777 quam
890 723 990 776 poffe
1011 725 1124 762 debet
1143 725 1238 762 civis
1259 725 1336 764 civi
1355 725 1456 771 dare,
1487 726 1574 766 ideo
1593 741 1613 765 a
1632 727 1742 767 vobis
1762 737 1866 781 pet0‚

471 799 528 836 ut,
561 790 667 842 quod
686 791 830 843 potuit,
863 791 1031 843 tempori
1051 790 1256 836 tribuatis;
1289 792 1394 844 quod
1413 791 1522 838 fecit,
1553 793 1638 846 ipfi.

527 857 637 908 Qid
657 857 845 909 reliquam
865 857 1117 895 constantiam
1139 858 1225 896 vitae
1245 867 1554 898 commemorem
1573 861 1586 897 ?
1617 859 1864 913 dignitatem,

469 923 756 969 liberalitatem,
788 923 1093 962 moderationem
1128 925 1169 962 in
1202 924 1358 977 privatis
1393 925 1520 970 rebus,
1551 925 1794 979 splendorem
1824 928 1866 966 in

469 989 638 1043 publicis
659 990 671 1026 ?
704 1004 789 1043 quae
809 990 862 1028 ita
889 1004 909 1027 a
928 989 1082 1028 fortuna
1101 989 1314 1029 deformata
1333 991 1420 1029 sunt
1437 1021 1448 1037 ,
1479 1001 1523 1030 ut
1543 1001 1673 1031 tamen
1693 1008 1713 1032 a
1733 1003 1866 1033 natura

469 1056 651 1095 inchoata
670 1066 931 1110 compareant.
964 1057 1063 1107 Qae
1083 1057 1222 1095 domus
1243 1056 1256 1094 ?
1287 1071 1372 1109 quae
1391 1058 1598 1097 celebratio
1617 1060 1864 1112 quotidiana?

470 1137 556 1175 quae
576 1121 775 1161 familiaris
796 1123 960 1175 dignitas
979 1122 992 1158 ?
1023 1136 1108 1174 quae
1128 1122 1250 1160 studia
1269 1123 1514 1163 amicorum?
1536 1139 1620 1178 qua:
1640 1139 1687 1164 ex
1707 1140 1865 1179 quoque

468 1189 603 1227 ordine
622 1189 836 1227 multitudo
852 1189 864 1226 ?
885 1189 997 1234 Haec,
1015 1189 1083 1227 diu
1102 1188 1366 1241 multumque,
1385 1199 1423 1228 et
1444 1191 1571 1230 multo
1592 1192 1732 1238 labore,
1755 1207 1863 1245 quae-

467 1255 559 1300 fita,
591 1268 667 1293 una
695 1255 837 1308 eripuit
866 1253 974 1293 hora.
1007 1256 1174 1308 Accepit
1205 1256 1249 1294 P.
1279 1255 1405 1307 Sylla,
1436 1257 1621 1308 Judices,
1653 1257 1861 1298 vehemens

467 1321 608 1360 vulnus
623 1351 635 1367 ,
666 1331 704 1360 et
724 1320 971 1360 mortiferum
984 1339 997 1367 ς
1029 1330 1279 1360 veruntamen
1301 1322 1514 1375 ejusmodi,
1546 1324 1651 1377 quod
1672 1325 1864 1364 videretur

466 1389 547 1441 ejus
568 1389 645 1427 vita
665 1397 704 1426 et
723 1398 858 1427 natura
877 1388 1048 1441 accipere
1068 1387 1243 1441 potuiffe.
1273 1389 1494 1428 Honestatis
1515 1400 1553 1429 et
1573 1391 1770 1444 dignitatis
1791 1390 1862 1430 ha-

466 1455 585 1494 buiffe
606 1455 723 1494 nimis
743 1469 924 1508 magnam
940 1455 1136 1507 judicatus
1156 1455 1208 1492 est
1227 1456 1481 1508 cupiditatem
1498 1476 1510 1502 3
1542 1471 1660 1510 quam
1688 1458 1714 1497 fi
1745 1472 1864 1498 nemo

465 1521 561 1559 alius
596 1521 733 1560 habuit
767 1522 808 1559 in
840 1521 1039 1559 consulatu
1074 1520 1253 1573 petendO,
1284 1522 1460 1574 cupidior
1487 1523 1684 1575 judicatus
1715 1525 1767 1564 est
1795 1524 1864 1565 hic

467 1585 590 1632 fuisse,
621 1601 739 1640 quam
759 1588 912 1625 caeteri:
945 1587 1000 1625 fin
1020 1587 1136 1624 etiarn
1158 1587 1197 1624 in
1218 1586 1300 1625 aliis
1320 1588 1517 1627 nonnullis
1537 1588 1614 1629 fuit
1633 1590 1700 1629 iste
1719 1591 1862 1630 consu-

466 1653 565 1692 latus
604 1667 712 1692 amor
725 1672 738 1700 3
779 1653 934 1692 fortuna
966 1654 1007 1691 in
1045 1652 1122 1691 hoc
1161 1652 1237 1692 fuit
1274 1652 1425 1692 fortaffe
1460 1655 1626 1708 gravior,
1662 1670 1780 1709 quam
1818 1658 1861 1695 in

465 1719 626 1758 caeteris.

522 1786 655 1825 Postea
673 1799 762 1825 vero
781 1786 868 1839 quis
890 1787 934 1825 P.
954 1785 1112 1838 Syllam,
1135 1786 1202 1825 nisi
1223 1796 1469 1833 moerentem,
1491 1787 1711 1834 demissum,
1733 1788 1859 1828 afflic-

465 1863 645 1906 tumque,
675 1853 802 1892 vidit?
835 1854 935 1905 Qis
957 1867 1130 1906 unquam
1148 1854 1203 1892 est
1223 1854 1446 1907 suspicatus,
1476 1854 1583 1893 hunc
1611 1856 1733 1908 magis
1753 1856 1859 1902 odio,

467 1934 585 1972 quam
605 1921 764 1973 pudore,
794 1919 1004 1959 hominum
1025 1920 1215 1974 aspectum
1237 1921 1444 1974 lucemque
1463 1922 1608 1960 vitare?
1641 1923 1737 1974 Qi,
1765 1937 1859 1961 cum

467 1986 593 2025 multa
610 1985 767 2025 haberet
787 1987 1038 2026 invitamenta
1058 1987 1163 2026 urbis
1189 1997 1227 2025 et
1253 1986 1351 2033 fori,
1384 1997 1537 2040 propter
1563 1988 1715 2027 summa
1739 1989 1859 2026 studia

467 2052 697 2097 amicorum,
727 2067 813 2105 quae
844 2062 971 2091 tamen
999 2054 1033 2091 ei
1063 2053 1139 2091 sola
1173 2054 1214 2091 in
1244 2054 1356 2091 malis
1384 2054 1599 2092 restiterunt
1615 2072 1626 2098 ς
1658 2053 1783 2092 abfuit
1811 2055 1857 2092 ab

468 2119 590 2156 oculis
609 2119 751 2163 vestris,
783 2129 834 2164 et,
866 2133 957 2157 cum
980 2120 1063 2172 lege
1083 2120 1318 2165 retineretur,
1342 2120 1419 2172 ipse
1440 2120 1474 2157 se
1495 2120 1611 2158 exilio
1633 2133 1729 2171 pene
1749 2120 1855 2156 mul-

467 2185 575 2223 tavit.
608 2185 654 2223 In
674 2184 749 2223 hoc
770 2200 834 2224 vos
862 2186 1007 2239 pudore
1029 2186 1168 2238 judicii
1186 2216 1197 2231 ‚
1228 2195 1266 2224 et
1291 2187 1331 2224 in
1357 2185 1429 2223 hac
1461 2187 1536 2224 vita
1552 2215 1564 2230 ,
1596 2195 1701 2224 tanto
1727 2185 1855 2223 sceleri

467 2251 600 2288 locum
620 2250 729 2289 fuiffe
747 2253 903 2290 creditis
923 2253 935 2289 ?

523 2317 697 2355 XXVII.
729 2317 900 2370 Aspicite
934 2318 1088 2370 ipsum:
1120 2318 1362 2356 contuemini
1392 2331 1462 2355 os:
1501 2316 1672 2354 conferte
1707 2317 1853 2355 crimen

465 2397 560 2423 cum
587 2383 690 2423 vita:
723 2384 870 2429 vitam,
901 2384 948 2422 ab
978 2385 1092 2424 initio
1117 2386 1162 2424 ad
1190 2385 1265 2424 hoc
1294 2394 1445 2437 tempus
1472 2383 1700 2435 explicatam
1718 2413 1730 2429 ‚
1761 2398 1853 2423 cum

1400 2449 1548 2501 Qq2
