2212 2835
787 157 927 196 PRO
987 157 1035 196 L.
1096 157 1431 196 MURENA.
1743 158 1817 213 243

426 252 661 292 consulatis:
695 253 833 292 deinde
863 268 934 307 ego
966 254 1083 292 fidem
1115 255 1288 300 vestram,
1320 255 1379 293 vel
1406 254 1612 294 defensoris
1640 265 1678 294 et
1703 257 1821 294 amici

421 320 552 358 officio
582 321 782 365 adductus,
818 335 885 360 oro
918 331 1035 374 atque
1069 322 1240 366 obsecro,
1277 322 1449 373 Judices,
1486 332 1529 361 ut
1565 337 1612 361 ne
1645 322 1819 362 hominis

426 386 567 431 miseri,
599 396 637 425 et
672 400 764 425 cum
796 388 966 440 corporis
1000 387 1152 432 morbo,
1184 396 1271 425 tum
1303 388 1423 426 animi
1458 388 1601 434 dolore,
1638 388 1819 434 confecti,

428 453 477 491 L.
515 454 692 491 Murenae
729 463 924 491 recentem
962 453 1261 505 gratulationem
1300 467 1398 491 nova
1436 454 1710 494 lamentatione
1748 456 1822 494 ob—

427 519 557 556 ruatis.
590 518 730 562 NIodo,
761 518 934 557 maximo
961 517 1149 556 beneficio
1174 517 1311 572 populi
1337 519 1510 557 Romani
1539 530 1709 566 ornatus,
1739 520 1821 559 for-

426 593 582 622 tunatus
612 585 825 630 videbatur,
857 584 963 638 quod
993 585 1141 638 primus
1171 585 1213 623 in
1238 584 1432 623 familiam
1458 595 1642 632 veterem,
1673 587 1823 639 primus

424 649 466 688 in
482 651 746 704 municipium
762 651 1085 704 antiquiffimum,
1104 651 1346 690 consulatum
1362 651 1563 691 attulisset:
1582 666 1686 691 nunc
1703 653 1823 699 idern,

424 716 597 769 squalore
617 717 805 763 sordidus,
835 717 1032 756 confectus
1054 718 1207 764 morbo,
1238 718 1418 770 lacrymis
1439 733 1481 758 ac
1508 732 1673 758 moerore
1693 720 1823 773 perdi-

427 791 503 829 ωε,
525 784 644 823 vester
663 784 716 822 est
735 785 909 838 supplex,
927 784 1098 836 Judices,
1118 784 1278 823 vestram
1299 785 1416 823 fidem
1434 785 1655 831 obtestatur,
1673 786 1823 824 miseri-

427 850 598 888 cordiam
620 850 803 903 implorat
820 880 830 895 ,
862 851 1022 889 vestram
1043 850 1268 904 potestatem
1288 864 1331 889 ac
1351 851 1485 890 vestras
1506 865 1596 905 opes
1617 853 1805 892 intuetur.

483 917 634 962 Nolite,
666 930 734 970 per
754 917 857 955 Deos
885 917 1151 956 immortales!
1184 917 1355 969 Judices,
1386 917 1459 957 hac
1484 932 1576 957 eum
1604 932 1656 964 re,
1688 933 1764 972 qua
1789 918 1825 957 se

427 982 686 1022 honestiorem
707 982 789 1022 fore
808 985 971 1037 putavit,
1003 985 1118 1023 etiam
1140 985 1283 1023 caeteris
1305 994 1392 1023 ante
1410 986 1527 1039 partis
1547 985 1825 1031 honestatibus,

427 1059 543 1103 atque
568 1051 678 1089 omni
708 1051 895 1104 dignitate
923 1050 1169 1105 fortunaque,
1200 1052 1360 1105 privare.
1393 1054 1526 1105 Atque
1552 1053 1605 1091 ita
1630 1066 1697 1091 vos
1725 1054 1826 1092 Mu-

428 1130 530 1163 rena,
562 1117 733 1169 Judices‚
764 1126 845 1155 orat
871 1125 985 1169 atque
1010 1117 1194 1162 obsecrat,
1227 1118 1252 1156 fi
1282 1118 1420 1170 injuste
1441 1119 1640 1157 neminem
1661 1119 1766 1164 laefit,
1798 1119 1827 1158 fi

426 1184 574 1223 nullius
612 1197 719 1222 aures
756 1184 1045 1222 voluntatemve
1079 1185 1251 1230 violavit,
1291 1185 1317 1223 fi
1356 1186 1519 1231 nemini,
1559 1195 1604 1225 ut
1642 1186 1828 1226 leviffime

427 1251 570 1296 dicam,
601 1251 691 1289 odio
721 1265 791 1289 nec
812 1251 920 1289 domi
941 1264 1011 1289 nec
1033 1251 1183 1290 militiae
1212 1251 1289 1290 fuit
1304 1269 1316 1296 3
1348 1252 1393 1290 slt
1422 1252 1524 1306 apud
1545 1266 1610 1291 vos
1631 1253 1828 1292 modestiae

426 1317 552 1362 locus,
583 1317 627 1355 fit
659 1317 824 1356 demiffis
856 1317 1084 1356 hominibus
1111 1317 1350 1372 perfugium,
1382 1318 1426 1357 fit
1453 1318 1644 1358 auxilium
1669 1320 1825 1373 pudori.

427 1384 738 1435 Misericordiam
760 1384 936 1438 spoliatio
956 1384 1174 1424 consulatus
1196 1398 1378 1438 magnam
1400 1384 1540 1425 habere
1560 1385 1688 1432 debet,
1711 1386 1827 1438 Judi-

427 1464 489 1489 ces
508 1465 517 1489 :
550 1465 625 1489 una
644 1452 749 1490 enim
771 1451 988 1504 eripiuntur
1007 1465 1100 1490 cum
1121 1450 1320 1490 consulatu
1339 1452 1484 1491 omnia.
1517 1452 1710 1491 Invidiam
1737 1465 1827 1491 vero

427 1515 490 1554 his
511 1517 752 1570 temporibus
773 1517 911 1555 habere
936 1516 1154 1555 consulatus
1182 1516 1260 1570 ipse
1286 1517 1433 1566 nullam
1461 1518 1610 1572 potest:
1643 1518 1829 1572 objicitur

429 1581 535 1619 enim
554 1583 808 1621 concionibus
830 1581 1108 1626 seditiosorum,
1139 1581 1283 1621 insidiis
1304 1584 1609 1636 conjuratorum,
1641 1584 1726 1623 telis
1749 1585 1827 1623 Ca-

429 1648 549 1687 tilinae
568 1664 577 1687 :
600 1649 647 1686 ad
665 1662 782 1687 omne
802 1648 967 1702 denique
987 1648 1220 1702 periculum,
1243 1657 1356 1702 atque
1376 1649 1421 1688 ad
1441 1663 1602 1690 omnem
1622 1650 1826 1697 invidiam,

429 1713 529 1753 solus
550 1715 773 1768 opponitur.
805 1716 946 1767 Qare,
968 1715 1062 1768 quid
1083 1714 1337 1753 invidendum
1360 1715 1536 1754 Murenae
1556 1724 1621 1755 aut
1641 1716 1829 1769 cuiquam

428 1781 602 1820 nostrum
623 1781 667 1820 fit
686 1782 727 1819 in
747 1781 822 1820 hoc
842 1782 1024 1835 praeclaro
1044 1782 1258 1827 consulatu,
1290 1796 1367 1821 non
1387 1782 1512 1828 video,
1534 1782 1690 1835 Judices
1709 1797 1717 1822 :
1741 1797 1829 1837 quae

427 1861 517 1887 vero
544 1848 755 1887 miseranda
781 1848 880 1894 sunt,
912 1862 955 1887 ea
980 1857 1019 1888 et
1045 1847 1146 1888 mihi
1173 1858 1260 1888 ante
1288 1849 1420 1888 oculos
1452 1850 1658 1896 versantur,
1690 1859 1728 1888 et
1759 1863 1826 1889 vos

429 1914 557 1952 videre
576 1922 615 1952 et
634 1914 846 1968 perspicere
866 1915 1034 1968 potestis.

485 1981 597 2020 XLI.
630 1982 683 2026 Si,
714 1981 819 2034 quod
840 1982 992 2035 Jupiter
1011 1995 1125 2021 omen
1145 1981 1311 2020 avertat!
1344 1980 1449 2021 hunc
1476 1982 1604 2022 vestris
1628 1982 1825 2021 sententiis

430 2046 669 2093 afflixeriti83
702 2062 780 2101 quo
812 2048 846 2086 se
877 2048 989 2087 miser
1017 2049 1170 2088 vertet?
1202 2050 1464 2088 Domumne?
1497 2059 1541 2088 ut
1571 2063 1657 2088 eam
1682 2049 1825 2101 imagi-

431 2126 521 2152 nem
549 2114 744 2152 clariffimi
771 2114 856 2159 viri,
887 2115 1051 2168 parentis
1078 2114 1148 2160 sui,
1180 2129 1297 2169 quam
1326 2115 1457 2168 paucis
1477 2124 1563 2154 ante
1583 2116 1717 2154 diebus
1739 2116 1824 2153 lau-

431 2188 571 2218 reatam
592 2180 633 2218 in
653 2181 715 2218 sua
733 2181 988 2233 gratulatione
1008 2181 1221 2234 conspexit,
1253 2182 1413 2220 eandem
1435 2182 1689 2220 deformatam
1708 2182 1823 2234 igno-

433 2246 566 2291 minia,
603 2246 892 2300 lugentemque,
933 2248 1088 2286 videat?
1130 2250 1195 2286 An
1230 2248 1276 2286 ad
1315 2250 1510 2286 matrem?
1551 2262 1635 2300 quae
1673 2248 1823 2292 misera,

431 2313 550 2351 modo
570 2313 768 2352 consulem
788 2315 953 2353 osculata
974 2315 1099 2353 filium
1122 2314 1248 2360 suum,
1281 2328 1385 2353 nunc
1406 2315 1624 2359 cruciatur5
1657 2323 1694 2351 et
1716 2313 1823 2351 solli-

431 2380 506 2417 cita
529 2378 595 2424 est,
626 2393 673 2417 ne
703 2381 866 2419 eundem
894 2381 1008 2434 paulo
1035 2381 1117 2434 post
1143 2381 1348 2435 spoliatum
1377 2381 1487 2418 omni
1514 2380 1700 2432 dignitate
1726 2394 1822 2418 con-

434 2445 581 2499 spiciat.

1366 2512 1408 2550 H
1437 2509 1465 2550 h
1495 2523 1520 2552 2
