2212 2835
636 160 776 199 PRo
836 159 942 200 CN.
1003 160 1354 200 PLANcm.
1620 166 1704 216 469,

297 259 420 311 plebis
459 259 712 298 concionibus
753 269 909 313 propter
944 259 1105 298 eandem
1145 261 1366 313 reipublicae
1405 262 1554 300 causam
1603 263 1699 316 saepe

298 335 469 370 vexatus,
501 325 601 364 nihil
621 327 788 379 amplius
810 327 912 371 dico,
944 327 1026 372 nifi,
1059 341 1123 365 me
1144 328 1184 365 in
1206 328 1377 366 Siciliam
1409 330 1537 367 venire
1558 330 1698 368 noluit.

298 392 408 444 Qid
428 392 589 430 dicam?
622 393 670 431 C.
695 393 861 445 Virgilio
879 422 890 438 ,
922 393 990 430 tali
1018 393 1094 430 civi
1120 403 1158 430 et
1185 393 1267 431 viro
1285 422 1296 438 ,
1329 395 1638 435 benevolentiam
1658 396 1700 434 in

298 471 376 502 me,
408 459 637 496 memoriam
669 459 946 496 communium
976 467 1212 510 temporum,
1244 459 1441 511 pietatem,
1473 460 1699 500 humanita-

298 531 395 568 tem,
424 523 558 569 fidem,
590 522 780 562 defuiffe?
812 523 943 568 Nihil,
974 523 1147 574 Judices,
1183 523 1235 561 est
1268 537 1431 563 eorum:
1469 526 1544 571 sed,
1581 541 1700 579 quam

297 589 564 641 tempestatem
585 603 655 627 nos
677 589 876 627 vobiscum
896 603 973 627 non
995 588 1224 634 tuliffemus,
1257 591 1411 636 metuit,
1444 601 1487 629 ut
1517 606 1600 630 eam
1622 594 1700 646 ipse

291 654 411 707 poffet
430 655 570 708 opibus
590 655 665 693 suis
690 654 882 694 sustinere.
915 657 1040 701 Tum,
1071 656 1229 695 consilio
1249 668 1405 709 repente
1426 668 1590 704 mutato,
1623 661 1696 698 iter

295 734 316 758 a
347 721 500 759 Vibone
532 722 793 760 Brundusium
825 732 921 760 terra
955 732 1084 775 petere
1115 723 1325 761 contendi:
1358 738 1448 763 nam
1481 726 1698 766 maritimos

251 796 255 800 ”
293 787 424 826 cursus
444 788 702 841 praecludebat
722 787 864 826 hiemis
886 789 1130 841 magnitudo.

350 855 460 892 XLI.
486 855 592 892 Cum
608 855 740 893 omnia
759 855 825 893 illa
846 856 1074 908 municipia,
1093 869 1178 908 quae
1198 856 1285 894 sunt
1307 858 1492 896 aVibone
1514 859 1700 898 Brundu-v

293 920 406 965 fium,
438 921 478 958 in
499 919 574 958 fide
595 934 694 966 mea,
716 922 887 972 Judices,
910 921 1055 966 effent3
1078 923 1152 960 iter
1172 923 1271 960 mihi
1293 934 1438 969 tutum,
1460 926 1594 963 multis
1616 927 1695 964 mi-

293 986 522 1031 nitantibus,
542 1000 684 1040 magno
701 1001 791 1026 cum
809 988 874 1026 suo
895 997 1003 1026 metu
1022 988 1290 1041 praestiterunt.
1310 991 1569 1029 Brundusium
1592 994 1694 1037 veni,

293 1052 353 1091 vel
382 1053 512 1106 potius
542 1053 588 1091 ad
619 1054 765 1092 moenia
794 1054 953 1092 acceffi:
988 1055 1124 1093 urbem
1156 1051 1273 1093 unam
1307 1056 1406 1094 mihi
1426 1058 1705 1097 amicissimam

292 1118 508 1164 declinavi,
539 1133 624 1172 quae
644 1119 679 1157 se
701 1120 758 1158 vel
779 1121 909 1173 potius
928 1120 1125 1166 exscindi,
1158 1135 1275 1172 quarn
1297 1136 1316 1159 e
1338 1122 1404 1160 suo
1424 1124 1631 1176 complexu
1654 1134 1704 1162 ut-

291 1185 471 1237 eriperer,
493 1184 605 1223 facile
625 1196 828 1239 pateretur.
849 1187 895 1225 In
912 1185 1046 1225 hortos
1069 1200 1132 1224 me
1152 1188 1214 1225 M.
1233 1189 1348 1225 Lenii
1369 1189 1500 1226 Flacci
1522 1190 1692 1228 contuli:

292 1251 358 1289 cui
378 1264 470 1290 cum
490 1253 619 1290 omnis
640 1262 783 1298 metus,
801 1253 1016 1306 publicatio
1037 1253 1246 1298 bonorum,
1265 1254 1444 1299 exilium,
1463 1269 1580 1302 mors,
1602 1271 1694 1309 pro-

290 1326 518 1370 poneretur;
550 1317 632 1356 haec
653 1320 814 1372 perpeti,
847 1319 873 1357 fi
894 1319 1125 1365 acciderent,
1157 1319 1310 1365 maluit,
1326 1335 1458 1376 ‘quam
1480 1323 1695 1362 custodiam

290 1385 370 1421 mei
391 1384 525 1436 capitis
547 1384 757 1424 dimittere.
785 1386 916 1438 Hujus
938 1398 1024 1437 ego,
1046 1395 1084 1423 et
1103 1386 1269 1438 parentis
1290 1386 1386 1438 ejus,
1408 1388 1705 1440 prudentiffimi-

289 1457 406 1502 atque
422 1450 563 1503 optimi
578 1450 689 1496 senis,
706 1460 744 1489 et
760 1451 957 1503 utriusque
973 1450 1146 1488 filiorum
1163 1451 1358 1496 manibus,
1379 1453 1420 1490 in
1441 1455 1528 1492 navi
1549 1464 1630 1494 tuta
1649 1470 1694 1494 ae

291 1515 399 1553 fideli
416 1516 629 1554 collocatus
647 1545 658 1560 ,
689 1530 903 1569 eorumque
931 1530 1061 1569 preces
1088 1525 1128 1554 et
1147 1526 1234 1554 vota
1255 1517 1301 1555 de
1320 1531 1409 1556 meo
1429 1520 1554 1558 reditu
1575 1535 1693 1559 exau-

290 1581 414 1627 diens,
446 1581 753 1633 Dyrrhachium,
785 1583 890 1636 quod
910 1592 988 1621 erat
1008 1582 1048 1622 in
1070 1582 1146 1620 fide
1166 1596 1276 1628 mea„
1296 1593 1424 1637 petere
1444 1588 1642 1626 contendi.

347 1648 440 1699 Qo
471 1662 563 1686 cum
598 1648 804 1694 venissem,
835 1650 1026 1702 cognovi,
1057 1649 1096 1687 id
1124 1649 1230 1702 quod
1260 1651 1479 1697 audieram,
1511 1653 1692 1692 refertam

289 1713 362 1752 effe
382 1715 574 1753 Graeciam
595 1715 967 1754 sceleratissimorum
986 1715 1198 1754 hominum
1223 1729 1265 1754 ac
1292 1716 1528 1757 nefariorum
1545 1748 1556 1764 ,
1589 1734 1690 1772 quo-

291 1794 379 1820 rum
400 1781 569 1834 impium
589 1781 736 1820 ferrum
753 1812 764 1827 ,
796 1782 979 1835 ignesque
998 1781 1193 1836 pestiferos
1212 1812 1222 1828 ‚
1255 1796 1364 1822 meus
1386 1785 1451 1822 ille
1471 1786 1690 1825 consulatus

289 1861 310 1884 e
341 1848 520 1886 manibus
551 1848 781 1887 extorserat:
815 1849 885 1901 qui
915 1858 1122 1901 antequam
1158 1848 1205 1886 de
1236 1862 1326 1887 meo
1359 1850 1526 1889 adventu
1560 1854 1692 1891 audire

289 1913 497 1966 potuiffent
513 1943 525 1958 ‚
556 1928 649 1952 cum
678 1923 765 1953 tum
792 1915 959 1954 abessent
985 1916 1133 1968 aliquot
1153 1914 1304 1953 dierum
1325 1917 1426 1955 viam
1445 1948 1457 1963 ,
1488 1919 1528 1957 in
1551 1920 1689 1958 Mace-

289 1980 447 2018 doniam
482 1980 528 2018 ad
562 1981 846 2034 Planciumque
880 1983 1042 2035 perrexi.
1091 1981 1174 2019 Hic
1208 1995 1296 2020 vero
1329 1983 1443 2022 simul
1477 1995 1592 2038 atque
1627 2000 1690 2024 me

288 2059 394 2084 mare
418 2046 581 2084 translffe
608 2048 818 2099 cognovit:
850 2048 952 2093 audi,
984 2048 1086 2093 audi,
1118 2056 1234 2100 atque
1263 2050 1429 2095 attende,
1461 2052 1687 2096 Laterenfis‚

291 2121 333 2150 ut
367 2112 473 2157 scias,
510 2113 604 2164 quid
644 2127 715 2165 ego
748 2114 907 2152 Plancio
941 2114 1115 2158 debeam,
1151 2113 1432 2167 confiteareque
1465 2118 1686 2170 aliquand0‚

289 2178 395 2229 quod
421 2177 577 2222 faciam,
608 2192 672 2216 me
697 2189 735 2217 et
760 2189 864 2232 grate
891 2191 928 2218 et
957 2182 1019 2233 pie
1042 2179 1193 2223 facere;
1225 2179 1332 2225 huic,
1364 2195 1450 2234 quae
1476 2198 1547 2236 pro
1568 2184 1685 2221 salute

289 2258 374 2283 mea
393 2244 541 2290 fecerit,
573 2245 598 2283 li
619 2247 748 2284 minus
772 2246 971 2299 profutura
992 2248 1078 2292 fint,
1108 2245 1233 2283 obeffe
1254 2256 1354 2284 certe
1375 2262 1450 2286 non
1478 2259 1653 2301 oportere
1673 2266 1682 2289 ε

289 2325 393 2356 nam,
417 2311 529 2349 fimul
551 2325 592 2349 ac
614 2326 675 2349 me
697 2312 986 2364 Dyrrhachium
1004 2311 1167 2366 attigiffe
1187 2312 1358 2358 audivit3
1391 2314 1517 2352 statim
1538 2317 1583 2353 ad
1605 2331 1682 2362 me,

288 2377 488 2416 fictoribus
520 2378 707 2424 dimiffis,
740 2380 950 2432 insignibus
983 2381 1165 2432 abjectis,
1198 2378 1295 2416 veste
1327 2389 1498 2427 mutata,
1528 2382 1683 2435 profec-

289 2453 349 2483 tus
371 2444 434 2483 est.
