<?xml version="1.0" encoding="UTF-8"?>
<!DOCTYPE html PUBLIC "-//W3C//DTD XHTML 1.0 Transitional//EN"
    "http://www.w3.org/TR/xhtml1/DTD/xhtml1-transitional.dtd">
<html xmlns="http://www.w3.org/1999/xhtml" xml:lang="en" lang="en">
 <head>
  <title>
</title>
<meta http-equiv="Content-Type" content="text/html;charset=utf-8" />
  <meta name='ocr-system' content='tesseract 3.04.00' />
  <meta name='ocr-capabilities' content='ocr_page ocr_carea ocr_par ocr_line ocrx_word'/>
</head>
<body>
  <div class='ocr_page' id='page_1' title='image "./operacumindicibu05ciceuoft_0620.png"; bbox 0 0 2212 2835; ppageno 0'>
   <div class='ocr_carea' id='block_1_1' title="bbox 369 237 398 264">
    <p class='ocr_par' dir='ltr' id='par_1_1' title="bbox 369 237 398 264">
     <span class='ocr_line' id='line_1_1' title="bbox 369 237 398 264; baseline 0 -8"><span class='ocrx_word' id='word_1_1' title='bbox 369 237 398 264; x_wconf 80' lang='lat' dir='ltr'>p.</span> 
     </span>
    </p>
   </div>
   <div class='ocr_carea' id='block_1_2' title="bbox 636 124 1563 168">
    <p class='ocr_par' dir='ltr' id='par_1_2' title="bbox 636 124 1563 168">
     <span class='ocr_line' id='line_1_2' title="bbox 636 124 1563 168; baseline 0.004 -4"><span class='ocrx_word' id='word_1_2' title='bbox 636 126 922 165; x_wconf 90' lang='lat' dir='ltr'>VARIAE</span> <span class='ocrx_word' id='word_1_3' title='bbox 1007 124 1563 168; x_wconf 86' lang='lat' dir='ltr'>LECTIONES.</span> 
     </span>
    </p>
   </div>
   <div class='ocr_carea' id='block_1_3' title="bbox 456 225 479 254">
    <p class='ocr_par' dir='ltr' id='par_1_3' title="bbox 456 225 479 254">
     <span class='ocr_line' id='line_1_3' title="bbox 456 225 479 254; baseline 0 0"><span class='ocrx_word' id='word_1_4' title='bbox 456 225 479 254; x_wconf 87' lang='lat'>1.</span> 
     </span>
    </p>
   </div>
   <div class='ocr_carea' id='block_1_4' title="bbox 372 267 641 303">
    <p class='ocr_par' dir='ltr' id='par_1_4' title="bbox 372 267 641 303">
     <span class='ocr_line' id='line_1_4' title="bbox 372 267 641 303; baseline 0.004 -9"><span class='ocrx_word' id='word_1_5' title='bbox 372 276 428 303; x_wconf 71' lang='lat'>444</span> <span class='ocrx_word' id='word_1_6' title='bbox 454 274 490 301; x_wconf 78' lang='lat'>14</span> <span class='ocrx_word' id='word_1_7' title='bbox 511 275 561 294; x_wconf 86' lang='lat' dir='ltr'>nec</span> <span class='ocrx_word' id='word_1_8' title='bbox 574 267 598 293; x_wconf 92' lang='lat' dir='ltr'>C</span> <span class='ocrx_word' id='word_1_9' title='bbox 613 278 641 295; x_wconf 73' lang='lat' dir='ltr'>ne</span> 
     </span>
    </p>
   </div>
   <div class='ocr_carea' id='block_1_5' title="bbox 366 1150 424 1180">
    <p class='ocr_par' dir='ltr' id='par_1_5' title="bbox 366 1150 424 1180">
     <span class='ocr_line' id='line_1_5' title="bbox 366 1150 424 1180; baseline 0.034 -2"><span class='ocrx_word' id='word_1_10' title='bbox 366 1150 424 1180; x_wconf 79' lang='lat'>445</span> 
     </span>
    </p>
   </div>
   <div class='ocr_carea' id='block_1_6' title="bbox 449 306 987 544">
    <p class='ocr_par' dir='ltr' id='par_1_6' title="bbox 455 306 729 343">
     <span class='ocr_line' id='line_1_6' title="bbox 455 306 729 343; baseline 0.007 -11"><span class='ocrx_word' id='word_1_11' title='bbox 455 314 487 342; x_wconf 81' lang='grc' dir='ltr'>ις</span> <span class='ocrx_word' id='word_1_12' title='bbox 512 307 600 342; x_wconf 54' lang='lat' dir='ltr'>allaz</span> <span class='ocrx_word' id='word_1_13' title='bbox 618 317 630 343; x_wconf 83' lang='lat'>3</span> <span class='ocrx_word' id='word_1_14' title='bbox 647 306 729 334; x_wconf 78' lang='lat' dir='ltr'><em>multa</em></span> 
     </span>
    </p>

    <p class='ocr_par' dir='ltr' id='par_1_7' title="bbox 454 345 887 375">
     <span class='ocr_line' id='line_1_7' title="bbox 454 345 887 375; baseline 0.007 -4"><span class='ocrx_word' id='word_1_15' title='bbox 454 346 488 372; x_wconf 79' lang='lat'>16</span> <span class='ocrx_word' id='word_1_16' title='bbox 511 345 645 375; x_wconf 72' lang='lat' dir='ltr'>dubitetis</span> <span class='ocrx_word' id='word_1_17' title='bbox 665 348 689 375; x_wconf 82' lang='grc' dir='ltr'><strong><em>Η</em></strong></span> <span class='ocrx_word' id='word_1_18' title='bbox 705 358 752 375; x_wconf 78' lang='lat' dir='ltr'>non</span> <span class='ocrx_word' id='word_1_19' title='bbox 766 346 887 375; x_wconf 80' lang='lat' dir='ltr'>dubitetis</span> 
     </span>
    </p>

    <p class='ocr_par' dir='ltr' id='par_1_8' title="bbox 454 386 700 423">
     <span class='ocr_line' id='line_1_8' title="bbox 454 386 700 423; baseline 0.008 -11"><span class='ocrx_word' id='word_1_20' title='bbox 454 393 489 420; x_wconf 91' lang='lat'>17</span> <span class='ocrx_word' id='word_1_21' title='bbox 510 386 594 414; x_wconf 85' lang='lat' dir='ltr'>etiam</span> <span class='ocrx_word' id='word_1_22' title='bbox 609 400 629 421; x_wconf 59' lang='grc' dir='ltr'><em>χ</em></span> <span class='ocrx_word' id='word_1_23' title='bbox 646 397 659 423; x_wconf 82' lang='lat'>3</span> <span class='ocrx_word' id='word_1_24' title='bbox 676 395 700 414; x_wconf 81' lang='lat' dir='ltr'>et</span> 
     </span>
    </p>

    <p class='ocr_par' dir='ltr' id='par_1_9' title="bbox 449 426 760 455">
     <span class='ocr_line' id='line_1_9' title="bbox 449 426 760 455; baseline 0.003 -3"><span class='ocrx_word' id='word_1_25' title='bbox 449 438 490 445; x_wconf 89' lang='lat'>-—</span> <span class='ocrx_word' id='word_1_26' title='bbox 511 426 595 454; x_wconf 82' lang='lat' dir='ltr'>debet</span> <span class='ocrx_word' id='word_1_27' title='bbox 615 428 639 455; x_wconf 90' lang='lat' dir='ltr'>C</span> <span class='ocrx_word' id='word_1_28' title='bbox 655 426 760 455; x_wconf 81' lang='lat' dir='ltr'>debebat</span> 
     </span>
    </p>

    <p class='ocr_par' dir='ltr' id='par_1_10' title="bbox 450 465 987 544">
     <span class='ocr_line' id='line_1_10' title="bbox 455 465 987 503; baseline 0.004 -12"><span class='ocrx_word' id='word_1_29' title='bbox 455 465 488 491; x_wconf 84' lang='lat'>18</span> <span class='ocrx_word' id='word_1_30' title='bbox 510 473 558 493; x_wconf 83' lang='lat' dir='ltr'>tua</span> <span class='ocrx_word' id='word_1_31' title='bbox 572 466 713 503; x_wconf 86' lang='lat' dir='ltr'>probitate</span> <span class='ocrx_word' id='word_1_32' title='bbox 726 480 747 503; x_wconf 71' lang='grc' dir='ltr'><em>χ</em></span> <span class='ocrx_word' id='word_1_33' title='bbox 765 476 779 503; x_wconf 92' lang='grc'>3</span> <span class='ocrx_word' id='word_1_34' title='bbox 794 474 822 495; x_wconf 81' lang='lat' dir='ltr'>tu</span> <span class='ocrx_word' id='word_1_35' title='bbox 832 465 987 503; x_wconf 71' lang='lat' dir='ltr'><em>probitatem</em></span> 
     </span>
     <span class='ocr_line' id='line_1_11' title="bbox 450 506 892 544; baseline 0.002 -12"><span class='ocrx_word' id='word_1_36' title='bbox 450 518 489 525; x_wconf 78' lang='lat'>——</span> <span class='ocrx_word' id='word_1_37' title='bbox 514 506 663 534; x_wconf 68' lang='lat' dir='ltr'>Laterensis</span> <span class='ocrx_word' id='word_1_38' title='bbox 678 507 706 535; x_wconf 90' lang='lat' dir='ltr'>T</span> <span class='ocrx_word' id='word_1_39' title='bbox 723 507 892 544; x_wconf 79' lang='lat' dir='ltr'>Laterenenfis</span> 
     </span>
    </p>
   </div>
   <div class='ocr_carea' id='block_1_7' title="bbox 603 561 683 568">
    <p class='ocr_par' dir='ltr' id='par_1_11' title="bbox 603 561 683 568">
     <span class='ocr_line' id='line_1_12' title="bbox 603 561 683 568; baseline 0 0"><span class='ocrx_word' id='word_1_40' title='bbox 603 561 683 568; x_wconf 95' lang='lat' dir='ltr'> </span> 
     </span>
    </p>
   </div>
   <div class='ocr_carea' id='block_1_8' title="bbox 448 546 1027 653">
    <p class='ocr_par' dir='ltr' id='par_1_12' title="bbox 448 546 1027 653">
     <span class='ocr_line' id='line_1_13' title="bbox 455 546 1027 583; baseline 0 -10"><span class='ocrx_word' id='word_1_41' title='bbox 455 553 488 580; x_wconf 84' lang='lat'>19</span> <span class='ocrx_word' id='word_1_42' title='bbox 510 554 589 582; x_wconf 83' lang='lat' dir='ltr'>pater</span> <span class='ocrx_word' id='word_1_43' title='bbox 698 547 873 574; x_wconf 76' lang='lat' dir='ltr'>fortunarum</span> <span class='ocrx_word' id='word_1_44' title='bbox 889 546 918 574; x_wconf 90' lang='lat' dir='ltr'><strong>T</strong></span> <span class='ocrx_word' id='word_1_45' title='bbox 932 558 955 583; x_wconf 82' lang='grc' dir='ltr'><strong>χ</strong></span> <span class='ocrx_word' id='word_1_46' title='bbox 970 555 984 583; x_wconf 87' lang='lat'>3</span> <span class='ocrx_word' id='word_1_47' title='bbox 999 547 1027 574; x_wconf 83' lang='lat' dir='ltr'>d.</span> 
     </span>
     <span class='ocr_line' id='line_1_14' title="bbox 448 585 880 653; baseline 0.007 -42"><span class='ocrx_word' id='word_1_48' title='bbox 448 597 490 646; x_wconf 64' lang='grc' dir='ltr'>Ξ</span> <span class='ocrx_word' id='word_1_49' title='bbox 512 585 687 653; x_wconf 53' lang='grc' dir='ltr'>ἱῖῑὶἓηίῗῑυπι</span> <span class='ocrx_word' id='word_1_50' title='bbox 702 587 880 623; x_wconf 60' lang='grc' dir='ltr'>ψῘονηιανιιηι</span> 
     </span>
    </p>
   </div>
   <div class='ocr_carea' id='block_1_9' title="bbox 449 663 1080 702">
    <p class='ocr_par' dir='ltr' id='par_1_13' title="bbox 449 663 1080 702">
     <span class='ocr_line' id='line_1_15' title="bbox 449 663 1080 702; baseline 0 -10"><span class='ocrx_word' id='word_1_51' title='bbox 449 680 488 686; x_wconf 90' lang='lat'>———</span> <span class='ocrx_word' id='word_1_52' title='bbox 510 665 692 692; x_wconf 76' lang='lat' dir='ltr'>dimicatione</span> <span class='ocrx_word' id='word_1_53' title='bbox 722 664 898 692; x_wconf 71' lang='lat' dir='ltr'>fortunarum</span> <span class='ocrx_word' id='word_1_54' title='bbox 933 665 958 692; x_wconf 94' lang='lat' dir='ltr'>C</span> <span class='ocrx_word' id='word_1_55' title='bbox 980 663 1080 702; x_wconf 78' lang='lat' dir='ltr'>judicio</span> 
     </span>
    </p>
   </div>
   <div class='ocr_carea' id='block_1_10' title="bbox 451 705 960 821">
    <p class='ocr_par' dir='ltr' id='par_1_14' title="bbox 451 705 960 821">
     <span class='ocr_line' id='line_1_16' title="bbox 568 705 854 740; baseline 0.003 -9"><span class='ocrx_word' id='word_1_56' title='bbox 568 706 735 736; x_wconf 80' lang='lat' dir='ltr'>fortunarum</span> <span class='ocrx_word' id='word_1_57' title='bbox 742 705 854 740; x_wconf 83' lang='lat' dir='ltr'>suarum</span> 
     </span>
     <span class='ocr_line' id='line_1_17' title="bbox 452 743 960 781; baseline 0.002 -10"><span class='ocrx_word' id='word_1_58' title='bbox 452 753 489 771; x_wconf 87' lang='lat'>20</span> <span class='ocrx_word' id='word_1_59' title='bbox 510 743 612 771; x_wconf 84' lang='lat' dir='ltr'>debeat</span> <span class='ocrx_word' id='word_1_60' title='bbox 628 744 651 771; x_wconf 89' lang='lat' dir='ltr'>C</span> <span class='ocrx_word' id='word_1_61' title='bbox 667 744 774 772; x_wconf 70' lang='lat' dir='ltr'>debebat</span> <span class='ocrx_word' id='word_1_62' title='bbox 787 758 809 781; x_wconf 82' lang='grc' dir='ltr'><strong>χ</strong></span> <span class='ocrx_word' id='word_1_63' title='bbox 827 754 839 781; x_wconf 89' lang='grc'>3</span> <span class='ocrx_word' id='word_1_64' title='bbox 855 744 960 773; x_wconf 76' lang='lat' dir='ltr'>debeant</span> 
     </span>
     <span class='ocr_line' id='line_1_18' title="bbox 451 784 942 821; baseline 0.004 -11"><span class='ocrx_word' id='word_1_65' title='bbox 451 794 486 811; x_wconf 80' lang='lat'>22</span> <span class='ocrx_word' id='word_1_66' title='bbox 509 784 653 812; x_wconf 84' lang='lat' dir='ltr'>communi</span> <span class='ocrx_word' id='word_1_67' title='bbox 670 784 744 812; x_wconf 85' lang='lat' dir='ltr'>sensu</span> <span class='ocrx_word' id='word_1_68' title='bbox 760 798 782 821; x_wconf 77' lang='grc' dir='ltr'><em>χ</em></span> <span class='ocrx_word' id='word_1_69' title='bbox 802 794 809 811; x_wconf 85' lang='lat'>1</span> <span class='ocrx_word' id='word_1_70' title='bbox 830 786 942 821; x_wconf 72' lang='lat' dir='ltr'>constnsu</span> 
     </span>
    </p>
   </div>
   <div class='ocr_carea' id='block_1_11' title="bbox 452 824 1078 860">
    <p class='ocr_par' dir='ltr' id='par_1_15' title="bbox 452 824 1078 860">
     <span class='ocr_line' id='line_1_19' title="bbox 452 824 1078 860; baseline -0.002 -9"><span class='ocrx_word' id='word_1_71' title='bbox 452 834 485 860; x_wconf 78' lang='lat'>:3</span> <span class='ocrx_word' id='word_1_72' title='bbox 509 824 756 852; x_wconf 81' lang='lat' dir='ltr'>commendatione</span> <span class='ocrx_word' id='word_1_73' title='bbox 785 824 803 851; x_wconf 92' lang='lat' dir='ltr'>S</span> <span class='ocrx_word' id='word_1_74' title='bbox 826 834 874 860; x_wconf 74' lang='grc' dir='ltr'>χι</span> <span class='ocrx_word' id='word_1_75' title='bbox 908 834 1078 854; x_wconf 82' lang='lat' dir='ltr'>commemora-</span> 
     </span>
    </p>
   </div>
   <div class='ocr_carea' id='block_1_12' title="bbox 439 872 1076 2420">
    <p class='ocr_par' dir='ltr' id='par_1_16' title="bbox 447 872 1076 1132">
     <span class='ocr_line' id='line_1_20' title="bbox 550 872 615 892; baseline 0.015 -1"><span class='ocrx_word' id='word_1_76' title='bbox 550 872 615 892; x_wconf 68' lang='lat' dir='ltr'>nane</span> 
     </span>
     <span class='ocr_line' id='line_1_21' title="bbox 449 903 839 942; baseline 0.003 -11"><span class='ocrx_word' id='word_1_77' title='bbox 449 904 487 931; x_wconf 79' lang='grc'>26</span> <span class='ocrx_word' id='word_1_78' title='bbox 508 903 613 932; x_wconf 74' lang='lat' dir='ltr'>suerint</span> <span class='ocrx_word' id='word_1_79' title='bbox 628 917 655 937; x_wconf 72' lang='grc' dir='ltr'>ς,</span> <span class='ocrx_word' id='word_1_80' title='bbox 669 918 690 940; x_wconf 78' lang='grc' dir='ltr'><em>χ</em></span> <span class='ocrx_word' id='word_1_81' title='bbox 707 907 839 942; x_wconf 71' lang='lat' dir='ltr'>3fleerunt</span> 
     </span>
     <span class='ocr_line' id='line_1_22' title="bbox 449 944 946 981; baseline 0.006 -11"><span class='ocrx_word' id='word_1_82' title='bbox 449 952 486 978; x_wconf 87' lang='lat'>27</span> <span class='ocrx_word' id='word_1_83' title='bbox 509 944 649 971; x_wconf 82' lang='lat' dir='ltr'>tenuerint</span> <span class='ocrx_word' id='word_1_84' title='bbox 665 957 690 976; x_wconf 64' lang='lat' dir='ltr'>r,</span> <span class='ocrx_word' id='word_1_85' title='bbox 707 958 730 981; x_wconf 80' lang='grc' dir='ltr'><strong>χ</strong></span> <span class='ocrx_word' id='word_1_86' title='bbox 746 954 759 981; x_wconf 85' lang='lat'>3</span> <span class='ocrx_word' id='word_1_87' title='bbox 776 945 800 977; x_wconf 62' lang='grc' dir='ltr'>ᾧ</span> <span class='ocrx_word' id='word_1_88' title='bbox 814 952 946 973; x_wconf 78' lang='lat' dir='ltr'>tenuerunt</span> 
     </span>
     <span class='ocr_line' id='line_1_23' title="bbox 450 983 732 1020; baseline 0.007 -10"><span class='ocrx_word' id='word_1_89' title='bbox 450 984 487 1010; x_wconf 82' lang='lat'>23</span> <span class='ocrx_word' id='word_1_90' title='bbox 509 983 592 1010; x_wconf 81' lang='lat' dir='ltr'>Craffi</span> <span class='ocrx_word' id='word_1_91' title='bbox 607 984 631 1017; x_wconf 72' lang='grc' dir='ltr'>ψ</span> <span class='ocrx_word' id='word_1_92' title='bbox 647 984 732 1020; x_wconf 79' lang='lat' dir='ltr'>Cluffi&#39;</span> 
     </span>
     <span class='ocr_line' id='line_1_24' title="bbox 447 1023 839 1063; baseline 0.005 -13"><span class='ocrx_word' id='word_1_93' title='bbox 447 1031 485 1059; x_wconf 87' lang='lat'>29</span> <span class='ocrx_word' id='word_1_94' title='bbox 507 1023 635 1061; x_wconf 85' lang='lat' dir='ltr'>princeps</span> <span class='ocrx_word' id='word_1_95' title='bbox 649 1037 670 1060; x_wconf 80' lang='grc' dir='ltr'><em>χ</em></span> <span class='ocrx_word' id='word_1_96' title='bbox 688 1033 697 1051; x_wconf 87' lang='lat'>1</span> <span class='ocrx_word' id='word_1_97' title='bbox 715 1026 839 1063; x_wconf 70' lang='lat' dir='ltr'>principes</span> 
     </span>
     <span class='ocr_line' id='line_1_25' title="bbox 448 1063 1076 1102; baseline 0.003 -12"><span class='ocrx_word' id='word_1_98' title='bbox 448 1071 481 1098; x_wconf 82' lang='lat'>31</span> <span class='ocrx_word' id='word_1_99' title='bbox 507 1063 692 1092; x_wconf 88' lang='lat' dir='ltr'>maximarum</span> <span class='ocrx_word' id='word_1_100' title='bbox 715 1077 735 1100; x_wconf 77' lang='grc' dir='ltr'><strong><em>χ</em></strong></span> <span class='ocrx_word' id='word_1_101' title='bbox 753 1074 766 1102; x_wconf 93' lang='grc'>3</span> <span class='ocrx_word' id='word_1_102' title='bbox 783 1066 956 1093; x_wconf 84' lang='lat' dir='ltr'>maximarum</span> <span class='ocrx_word' id='word_1_103' title='bbox 974 1066 1076 1092; x_wconf 80' lang='lat' dir='ltr'>civita-</span> 
     </span>
     <span class='ocr_line' id='line_1_26' title="bbox 554 1110 608 1132; baseline 0.019 -1"><span class='ocrx_word' id='word_1_104' title='bbox 554 1110 608 1132; x_wconf 87' lang='lat' dir='ltr'>tum</span> 
     </span>
    </p>

    <p class='ocr_par' dir='ltr' id='par_1_17' title="bbox 471 1142 792 1182">
     <span class='ocr_line' id='line_1_27' title="bbox 471 1142 792 1182; baseline 0.006 -12"><span class='ocrx_word' id='word_1_105' title='bbox 471 1151 482 1170; x_wconf 88' lang='lat'>1</span> <span class='ocrx_word' id='word_1_106' title='bbox 506 1142 639 1181; x_wconf 71' lang='lat' dir='ltr'>Asperius</span> <span class='ocrx_word' id='word_1_107' title='bbox 654 1158 670 1175; x_wconf 66' lang='lat'>⁵-</span> <span class='ocrx_word' id='word_1_108' title='bbox 684 1145 792 1182; x_wconf 77' lang='lat' dir='ltr'>Aperius</span> 
     </span>
    </p>

    <p class='ocr_par' dir='ltr' id='par_1_18' title="bbox 472 1191 850 1222">
     <span class='ocr_line' id='line_1_28' title="bbox 472 1191 850 1222; baseline 0.011 -12"><span class='ocrx_word' id='word_1_109' title='bbox 472 1192 486 1220; x_wconf 89' lang='lat'>3</span> <span class='ocrx_word' id='word_1_110' title='bbox 509 1191 665 1220; x_wconf 84' lang='lat' dir='ltr'>queruntur</span> <span class='ocrx_word' id='word_1_111' title='bbox 678 1198 698 1220; x_wconf 74' lang='grc' dir='ltr'><em>χ</em></span> <span class='ocrx_word' id='word_1_112' title='bbox 718 1194 726 1212; x_wconf 92' lang='grc' dir='ltr'>ι</span> <span class='ocrx_word' id='word_1_113' title='bbox 745 1194 850 1222; x_wconf 81' lang='lat' dir='ltr'>querunt</span> 
     </span>
    </p>

    <p class='ocr_par' dir='ltr' id='par_1_19' title="bbox 465 1223 740 1261">
     <span class='ocr_line' id='line_1_29' title="bbox 465 1223 740 1261; baseline 0.007 -11"><span class='ocrx_word' id='word_1_114' title='bbox 465 1234 485 1261; x_wconf 88' lang='lat'>4</span> <span class='ocrx_word' id='word_1_115' title='bbox 507 1223 636 1251; x_wconf 82' lang='lat' dir='ltr'>Ubinam</span> <span class='ocrx_word' id='word_1_116' title='bbox 651 1225 679 1252; x_wconf 94' lang='lat' dir='ltr'>T</span> <span class='ocrx_word' id='word_1_117' title='bbox 695 1224 740 1252; x_wconf 84' lang='lat' dir='ltr'>ubi</span> 
     </span>
    </p>

    <p class='ocr_par' dir='ltr' id='par_1_20' title="bbox 466 1263 785 1300">
     <span class='ocr_line' id='line_1_30' title="bbox 466 1263 785 1300; baseline 0.006 -10"><span class='ocrx_word' id='word_1_118' title='bbox 466 1274 480 1300; x_wconf 78' lang='grc' dir='ltr'><em>ς</em></span> <span class='ocrx_word' id='word_1_119' title='bbox 504 1263 636 1291; x_wconf 83' lang='lat' dir='ltr'>civilibus</span> <span class='ocrx_word' id='word_1_120' title='bbox 651 1278 667 1295; x_wconf 81' lang='lat'>5-</span> <span class='ocrx_word' id='word_1_121' title='bbox 680 1265 785 1293; x_wconf 84' lang='lat' dir='ltr'>civibus</span> 
     </span>
    </p>

    <p class='ocr_par' dir='ltr' id='par_1_21' title="bbox 444 1303 863 1384">
     <span class='ocr_line' id='line_1_31' title="bbox 466 1303 813 1333; baseline 0.009 -3"><span class='ocrx_word' id='word_1_122' title='bbox 466 1303 484 1330; x_wconf 87' lang='lat'>6</span> <span class='ocrx_word' id='word_1_123' title='bbox 505 1303 627 1332; x_wconf 79' lang='lat' dir='ltr'>debebat</span> <span class='ocrx_word' id='word_1_124' title='bbox 644 1306 668 1333; x_wconf 90' lang='lat' dir='ltr'>C</span> <span class='ocrx_word' id='word_1_125' title='bbox 684 1305 712 1332; x_wconf 88' lang='lat' dir='ltr'>H</span> <span class='ocrx_word' id='word_1_126' title='bbox 726 1305 813 1333; x_wconf 76' lang='lat' dir='ltr'>debeat</span> 
     </span>
     <span class='ocr_line' id='line_1_32' title="bbox 444 1344 863 1384; baseline 0.002 -13"><span class='ocrx_word' id='word_1_127' title='bbox 444 1358 484 1366; x_wconf 85' lang='lat'>=—</span> <span class='ocrx_word' id='word_1_128' title='bbox 503 1353 555 1378; x_wconf 83' lang='lat' dir='ltr'>ego</span> <span class='ocrx_word' id='word_1_129' title='bbox 574 1344 598 1372; x_wconf 91' lang='lat' dir='ltr'>C</span> <span class='ocrx_word' id='word_1_130' title='bbox 612 1354 677 1373; x_wconf 77' lang='lat' dir='ltr'>vero</span> <span class='ocrx_word' id='word_1_131' title='bbox 691 1358 713 1382; x_wconf 83' lang='grc' dir='ltr'><strong>χ</strong></span> <span class='ocrx_word' id='word_1_132' title='bbox 731 1354 758 1377; x_wconf 84' lang='grc'>1,</span> <span class='ocrx_word' id='word_1_133' title='bbox 773 1355 787 1382; x_wconf 84' lang='lat'>3</span> <span class='ocrx_word' id='word_1_134' title='bbox 806 1356 863 1384; x_wconf 77' lang='lat' dir='ltr'>ergo</span> 
     </span>
    </p>

    <p class='ocr_par' dir='ltr' id='par_1_22' title="bbox 466 1383 705 1419">
     <span class='ocr_line' id='line_1_33' title="bbox 466 1383 705 1419; baseline 0.008 -9"><span class='ocrx_word' id='word_1_135' title='bbox 466 1393 483 1419; x_wconf 95' lang='lat'>7</span> <span class='ocrx_word' id='word_1_136' title='bbox 505 1383 589 1411; x_wconf 78' lang='lat' dir='ltr'>etiam</span> <span class='ocrx_word' id='word_1_137' title='bbox 604 1385 633 1411; x_wconf 91' lang='lat' dir='ltr'>H</span> <span class='ocrx_word' id='word_1_138' title='bbox 648 1397 665 1413; x_wconf 71' lang='grc' dir='ltr'><strong><em>ς</em></strong></span> <span class='ocrx_word' id='word_1_139' title='bbox 680 1386 705 1412; x_wconf 83' lang='lat' dir='ltr'>d.</span> 
     </span>
    </p>

    <p class='ocr_par' dir='ltr' id='par_1_23' title="bbox 467 1422 632 1452">
     <span class='ocr_line' id='line_1_34' title="bbox 467 1422 632 1452; baseline -0.012 0"><span class='ocrx_word' id='word_1_140' title='bbox 467 1426 483 1452; x_wconf 90' lang='lat'>8</span> <span class='ocrx_word' id='word_1_141' title='bbox 505 1422 534 1450; x_wconf 88' lang='lat' dir='ltr'>in</span> <span class='ocrx_word' id='word_1_142' title='bbox 550 1423 574 1450; x_wconf 85' lang='lat' dir='ltr'>C</span> <span class='ocrx_word' id='word_1_143' title='bbox 590 1423 632 1451; x_wconf 84' lang='lat' dir='ltr'>M.</span> 
     </span>
    </p>

    <p class='ocr_par' dir='ltr' id='par_1_24' title="bbox 439 1462 1073 2420">
     <span class='ocr_line' id='line_1_35' title="bbox 470 1462 769 1500; baseline 0.003 -11"><span class='ocrx_word' id='word_1_144' title='bbox 470 1473 489 1500; x_wconf 90' lang='lat'>9</span> <span class='ocrx_word' id='word_1_145' title='bbox 508 1462 601 1500; x_wconf 85' lang='lat' dir='ltr'>aspere</span> <span class='ocrx_word' id='word_1_146' title='bbox 616 1476 632 1494; x_wconf 72' lang='lat'>⁵-</span> <span class='ocrx_word' id='word_1_147' title='bbox 646 1464 733 1500; x_wconf 76' lang='lat' dir='ltr'>aspere</span> <span class='ocrx_word' id='word_1_148' title='bbox 746 1471 769 1491; x_wconf 76' lang='lat' dir='ltr'>et</span> 
     </span>
     <span class='ocr_line' id='line_1_36' title="bbox 447 1503 819 1541; baseline -0.003 -9"><span class='ocrx_word' id='word_1_149' title='bbox 447 1514 477 1533; x_wconf 85' lang='lat'>11</span> <span class='ocrx_word' id='word_1_150' title='bbox 505 1503 613 1530; x_wconf 82' lang='lat' dir='ltr'>Naficae</span> <span class='ocrx_word' id='word_1_151' title='bbox 628 1504 652 1537; x_wconf 65' lang='grc' dir='ltr'>ψ</span> <span class='ocrx_word' id='word_1_152' title='bbox 673 1513 681 1531; x_wconf 84' lang='lat'>1</span> <span class='ocrx_word' id='word_1_153' title='bbox 701 1504 819 1541; x_wconf 78' lang='lat' dir='ltr'>Nascitae</span> 
     </span>
     <span class='ocr_line' id='line_1_37' title="bbox 441 1543 955 1582; baseline 0.006 -13"><span class='ocrx_word' id='word_1_154' title='bbox 441 1559 483 1567; x_wconf 86' lang='lat'>-—</span> <span class='ocrx_word' id='word_1_155' title='bbox 503 1543 629 1571; x_wconf 78' lang='lat' dir='ltr'>Granius</span> <span class='ocrx_word' id='word_1_156' title='bbox 644 1544 668 1571; x_wconf 91' lang='lat' dir='ltr'>C</span> <span class='ocrx_word' id='word_1_157' title='bbox 684 1543 713 1571; x_wconf 90' lang='lat' dir='ltr'>H</span> <span class='ocrx_word' id='word_1_158' title='bbox 729 1557 749 1579; x_wconf 75' lang='grc' dir='ltr'><strong><em>χ</em></strong></span> <span class='ocrx_word' id='word_1_159' title='bbox 769 1553 793 1578; x_wconf 85' lang='lat'>1,</span> <span class='ocrx_word' id='word_1_160' title='bbox 811 1554 824 1581; x_wconf 83' lang='lat'>3</span> <span class='ocrx_word' id='word_1_161' title='bbox 840 1546 955 1582; x_wconf 79' lang='lat' dir='ltr'>gra-vius</span> 
     </span>
     <span class='ocr_line' id='line_1_38' title="bbox 447 1582 746 1613; baseline 0.007 -3"><span class='ocrx_word' id='word_1_162' title='bbox 447 1594 480 1613; x_wconf 84' lang='lat'>12</span> <span class='ocrx_word' id='word_1_163' title='bbox 502 1582 594 1610; x_wconf 71' lang='grc' dir='ltr'>εάἰξὶο</span> <span class='ocrx_word' id='word_1_164' title='bbox 609 1584 637 1612; x_wconf 87' lang='lat' dir='ltr'>H</span> <span class='ocrx_word' id='word_1_165' title='bbox 652 1585 746 1612; x_wconf 70' lang='lat' dir='ltr'>indmo</span> 
     </span>
     <span class='ocr_line' id='line_1_39' title="bbox 443 1622 868 1660; baseline 0.009 -12"><span class='ocrx_word' id='word_1_166' title='bbox 443 1639 482 1647; x_wconf 83' lang='lat'><em>-</em></span> <span class='ocrx_word' id='word_1_167' title='bbox 503 1622 669 1652; x_wconf 83' lang='lat' dir='ltr'>descendens</span> <span class='ocrx_word' id='word_1_168' title='bbox 685 1623 714 1651; x_wconf 89' lang='lat' dir='ltr'><em>H</em></span> <span class='ocrx_word' id='word_1_169' title='bbox 729 1624 868 1660; x_wconf 76' lang='lat' dir='ltr'>discendenr</span> 
     </span>
     <span class='ocr_line' id='line_1_40' title="bbox 443 1662 1073 1699; baseline 0.003 -9"><span class='ocrx_word' id='word_1_170' title='bbox 443 1680 482 1687; x_wconf 90' lang='lat'>—-</span> <span class='ocrx_word' id='word_1_171' title='bbox 503 1662 644 1692; x_wconf 86' lang='lat' dir='ltr'>Granium</span> <span class='ocrx_word' id='word_1_172' title='bbox 664 1664 689 1692; x_wconf 88' lang='lat' dir='ltr'>C</span> <span class='ocrx_word' id='word_1_173' title='bbox 704 1665 865 1692; x_wconf 79' lang='lat' dir='ltr'>Graminium</span> <span class='ocrx_word' id='word_1_174' title='bbox 879 1664 903 1699; x_wconf 74' lang='grc' dir='ltr'>ψ</span> <span class='ocrx_word' id='word_1_175' title='bbox 919 1672 928 1690; x_wconf 85' lang='grc'>1</span> <span class='ocrx_word' id='word_1_176' title='bbox 944 1665 1073 1693; x_wconf 76' lang='lat' dir='ltr'>Gravium</span> 
     </span>
     <span class='ocr_line' id='line_1_41' title="bbox 447 1703 802 1742; baseline 0.003 -12"><span class='ocrx_word' id='word_1_177' title='bbox 447 1714 479 1742; x_wconf 85' lang='lat'>¹3</span> <span class='ocrx_word' id='word_1_178' title='bbox 503 1703 644 1732; x_wconf 74' lang='lat' dir='ltr'>auffiones</span> <span class='ocrx_word' id='word_1_179' title='bbox 659 1717 675 1733; x_wconf 80' lang='grc' dir='ltr'>ς·</span> <span class='ocrx_word' id='word_1_180' title='bbox 689 1707 802 1732; x_wconf 58' lang='lat' dir='ltr'>auderes</span> 
     </span>
     <span class='ocr_line' id='line_1_42' title="bbox 442 1742 805 1780; baseline 0.019 -13"><span class='ocrx_word' id='word_1_181' title='bbox 442 1760 483 1767; x_wconf 84' lang='lat'>-.</span> <span class='ocrx_word' id='word_1_182' title='bbox 503 1742 587 1771; x_wconf 81' lang='lat' dir='ltr'>effent</span> <span class='ocrx_word' id='word_1_183' title='bbox 601 1757 621 1779; x_wconf 73' lang='grc' dir='ltr'><em>χ</em></span> <span class='ocrx_word' id='word_1_184' title='bbox 640 1745 690 1780; x_wconf 87' lang='lat' dir='ltr'>3d.</span> <span class='ocrx_word' id='word_1_185' title='bbox 802 1752 805 1753; x_wconf 53' lang='lat'><em>⁷</em></span> 
     </span>
     <span class='ocr_line' id='line_1_43' title="bbox 442 1783 725 1822; baseline 0.007 -12"><span class='ocrx_word' id='word_1_186' title='bbox 442 1800 483 1806; x_wconf 90' lang='lat'>-—</span> <span class='ocrx_word' id='word_1_187' title='bbox 502 1783 579 1820; x_wconf 89' lang='lat' dir='ltr'>quod</span> <span class='ocrx_word' id='word_1_188' title='bbox 594 1784 619 1817; x_wconf 67' lang='grc' dir='ltr'>«ᾧ</span> <span class='ocrx_word' id='word_1_189' title='bbox 638 1793 646 1811; x_wconf 89' lang='grc' dir='ltr'>ι</span> <span class='ocrx_word' id='word_1_190' title='bbox 668 1793 725 1822; x_wconf 85' lang='lat' dir='ltr'><em>quot</em></span> 
     </span>
     <span class='ocr_line' id='line_1_44' title="bbox 447 1823 887 1862; baseline 0.002 -13"><span class='ocrx_word' id='word_1_191' title='bbox 447 1834 481 1862; x_wconf 89' lang='lat'>¹4</span> <span class='ocrx_word' id='word_1_192' title='bbox 504 1823 630 1859; x_wconf 85' lang='lat' dir='ltr'>legiones</span> <span class='ocrx_word' id='word_1_193' title='bbox 646 1838 670 1855; x_wconf 67' lang='grc' dir='ltr'>ς,</span> <span class='ocrx_word' id='word_1_194' title='bbox 686 1837 709 1861; x_wconf 84' lang='grc' dir='ltr'><strong>χ</strong></span> <span class='ocrx_word' id='word_1_195' title='bbox 726 1832 735 1851; x_wconf 86' lang='grc' dir='ltr'><strong>ι</strong></span> <span class='ocrx_word' id='word_1_196' title='bbox 753 1824 887 1861; x_wconf 74' lang='lat' dir='ltr'>religione:</span> 
     </span>
     <span class='ocr_line' id='line_1_45' title="bbox 442 1862 793 1892; baseline 0 -2"><span class='ocrx_word' id='word_1_197' title='bbox 442 1880 482 1885; x_wconf 91' lang='lat'>—-</span> <span class='ocrx_word' id='word_1_198' title='bbox 503 1862 624 1891; x_wconf 73' lang='lat' dir='ltr'>tribuno·</span> <span class='ocrx_word' id='word_1_199' title='bbox 636 1865 660 1892; x_wconf 92' lang='lat' dir='ltr'>C</span> <span class='ocrx_word' id='word_1_200' title='bbox 675 1865 793 1892; x_wconf 73' lang='lat' dir='ltr'>tribunus</span> 
     </span>
     <span class='ocr_line' id='line_1_46' title="bbox 442 1903 632 1933; baseline 0.032 -7"><span class='ocrx_word' id='word_1_201' title='bbox 442 1920 482 1926; x_wconf 82' lang='lat'>-.</span> <span class='ocrx_word' id='word_1_202' title='bbox 504 1903 548 1930; x_wconf 88' lang='lat' dir='ltr'>M.</span> <span class='ocrx_word' id='word_1_203' title='bbox 567 1903 591 1930; x_wconf 92' lang='lat' dir='ltr'>C</span> <span class='ocrx_word' id='word_1_204' title='bbox 605 1905 632 1933; x_wconf 85' lang='lat' dir='ltr'>d.</span> 
     </span>
     <span class='ocr_line' id='line_1_47' title="bbox 446 1942 842 1982; baseline 0 -12"><span class='ocrx_word' id='word_1_205' title='bbox 446 1945 480 1973; x_wconf 87' lang='lat'>16</span> <span class='ocrx_word' id='word_1_206' title='bbox 501 1942 671 1982; x_wconf 76' lang='lat' dir='ltr'>dixissetque</span> <span class='ocrx_word' id='word_1_207' title='bbox 687 1944 711 1973; x_wconf 91' lang='lat' dir='ltr'>C</span> <span class='ocrx_word' id='word_1_208' title='bbox 726 1945 842 1980; x_wconf 77' lang='lat' dir='ltr'>dixitque</span> 
     </span>
     <span class='ocr_line' id='line_1_48' title="bbox 441 1982 1013 2021; baseline -0.003 -10"><span class='ocrx_word' id='word_1_209' title='bbox 441 2000 482 2007; x_wconf 92' lang='lat'>—-</span> <span class='ocrx_word' id='word_1_210' title='bbox 504 1982 582 2020; x_wconf 85' lang='lat' dir='ltr'>Qid</span> <span class='ocrx_word' id='word_1_211' title='bbox 599 1984 658 2021; x_wconf 88' lang='lat' dir='ltr'>agis</span> <span class='ocrx_word' id='word_1_212' title='bbox 675 1983 786 2011; x_wconf 82' lang='lat' dir='ltr'>Grani?</span> <span class='ocrx_word' id='word_1_213' title='bbox 802 1996 823 2017; x_wconf 75' lang='grc' dir='ltr'><strong><em>χ</em></strong></span> <span class='ocrx_word' id='word_1_214' title='bbox 840 1991 854 2019; x_wconf 91' lang='grc'>3</span> <span class='ocrx_word' id='word_1_215' title='bbox 871 1984 931 2020; x_wconf 78' lang='lat' dir='ltr'>agis</span> <span class='ocrx_word' id='word_1_216' title='bbox 944 1992 1013 2010; x_wconf 76' lang='lat' dir='ltr'>eram</span> 
     </span>
     <span class='ocr_line' id='line_1_49' title="bbox 442 2023 859 2060; baseline -0.002 -10"><span class='ocrx_word' id='word_1_217' title='bbox 442 2039 482 2046; x_wconf 88' lang='lat'>—</span> <span class='ocrx_word' id='word_1_218' title='bbox 502 2023 593 2050; x_wconf 84' lang='lat' dir='ltr'>Grani</span> <span class='ocrx_word' id='word_1_219' title='bbox 610 2025 635 2051; x_wconf 91' lang='lat' dir='ltr'>C</span> <span class='ocrx_word' id='word_1_220' title='bbox 652 2024 681 2051; x_wconf 92' lang='lat' dir='ltr'><strong>H</strong></span> <span class='ocrx_word' id='word_1_221' title='bbox 696 2037 719 2060; x_wconf 82' lang='grc' dir='ltr'><em>χ</em></span> <span class='ocrx_word' id='word_1_222' title='bbox 737 2032 746 2050; x_wconf 93' lang='grc' dir='ltr'>ι</span> <span class='ocrx_word' id='word_1_223' title='bbox 767 2023 859 2050; x_wconf 78' lang='lat' dir='ltr'>Gravi</span> 
     </span>
     <span class='ocr_line' id='line_1_50' title="bbox 442 2062 674 2090; baseline 0.004 -1"><span class='ocrx_word' id='word_1_224' title='bbox 442 2079 482 2085; x_wconf 87' lang='lat'>--</span> <span class='ocrx_word' id='word_1_225' title='bbox 502 2062 594 2090; x_wconf 86' lang='lat' dir='ltr'>Immo</span> <span class='ocrx_word' id='word_1_226' title='bbox 609 2063 634 2090; x_wconf 91' lang='lat' dir='ltr'>C</span> <span class='ocrx_word' id='word_1_227' title='bbox 649 2064 674 2090; x_wconf 84' lang='lat' dir='ltr'>d.</span> 
     </span>
     <span class='ocr_line' id='line_1_51' title="bbox 446 2100 968 2140; baseline -0.002 -11"><span class='ocrx_word' id='word_1_228' title='bbox 446 2106 479 2132; x_wconf 79' lang='lat'>18</span> <span class='ocrx_word' id='word_1_229' title='bbox 502 2102 688 2139; x_wconf 81' lang='lat' dir='ltr'>asperioribus</span> <span class='ocrx_word' id='word_1_230' title='bbox 703 2116 723 2138; x_wconf 65' lang='grc' dir='ltr'><strong><em>χ</em></strong></span> <span class='ocrx_word' id='word_1_231' title='bbox 741 2112 753 2140; x_wconf 85' lang='grc'>3</span> <span class='ocrx_word' id='word_1_232' title='bbox 772 2100 968 2139; x_wconf 66' lang='lat' dir='ltr'>afiaperiortbus</span> 
     </span>
     <span class='ocr_line' id='line_1_52' title="bbox 442 2141 910 2180; baseline -0.004 -10"><span class='ocrx_word' id='word_1_233' title='bbox 442 2159 482 2165; x_wconf 96' lang='lat'>—</span> <span class='ocrx_word' id='word_1_234' title='bbox 503 2141 665 2179; x_wconf 80' lang='lat' dir='ltr'>perstrinxit</span> <span class='ocrx_word' id='word_1_235' title='bbox 682 2156 702 2178; x_wconf 72' lang='grc' dir='ltr'><em>χ</em></span> <span class='ocrx_word' id='word_1_236' title='bbox 721 2152 728 2170; x_wconf 88' lang='lat'>1</span> <span class='ocrx_word' id='word_1_237' title='bbox 745 2144 910 2180; x_wconf 71' lang='lat' dir='ltr'>pr.1strir1xit</span> 
     </span>
     <span class='ocr_line' id='line_1_53' title="bbox 446 2184 647 2220; baseline -0.01 -9"><span class='ocrx_word' id='word_1_238' title='bbox 446 2193 481 2220; x_wconf 70' lang='lat'>¹9</span> <span class='ocrx_word' id='word_1_239' title='bbox 502 2191 536 2209; x_wconf 90' lang='lat' dir='ltr'>eo</span> <span class='ocrx_word' id='word_1_240' title='bbox 550 2195 570 2217; x_wconf 75' lang='grc' dir='ltr'><em>χ</em></span> <span class='ocrx_word' id='word_1_241' title='bbox 588 2190 602 2218; x_wconf 84' lang='grc'>3</span> <span class='ocrx_word' id='word_1_242' title='bbox 620 2184 647 2209; x_wconf 85' lang='lat' dir='ltr'>d.</span> 
     </span>
     <span class='ocr_line' id='line_1_54' title="bbox 440 2223 752 2259; baseline 0.003 -11"><span class='ocrx_word' id='word_1_243' title='bbox 440 2239 481 2245; x_wconf 95' lang='lat'>—-</span> <span class='ocrx_word' id='word_1_244' title='bbox 502 2223 587 2249; x_wconf 76' lang='lat' dir='ltr'>vestra</span> <span class='ocrx_word' id='word_1_245' title='bbox 602 2235 622 2257; x_wconf 76' lang='grc' dir='ltr'><strong><em>χ</em></strong></span> <span class='ocrx_word' id='word_1_246' title='bbox 639 2231 653 2258; x_wconf 90' lang='grc'>3</span> <span class='ocrx_word' id='word_1_247' title='bbox 670 2223 752 2259; x_wconf 81' lang='lat' dir='ltr'><em>nostra</em></span> 
     </span>
     <span class='ocr_line' id='line_1_55' title="bbox 440 2269 598 2292; baseline 0 -3"><span class='ocrx_word' id='word_1_248' title='bbox 440 2278 481 2285; x_wconf 89' lang='lat'><strong>—</strong></span> <span class='ocrx_word' id='word_1_249' title='bbox 502 2269 532 2290; x_wconf 83' lang='lat' dir='ltr'>ut</span> <span class='ocrx_word' id='word_1_250' title='bbox 547 2275 562 2292; x_wconf 76' lang='grc' dir='ltr'>ς·</span> <span class='ocrx_word' id='word_1_251' title='bbox 576 2271 598 2290; x_wconf 79' lang='lat' dir='ltr'>c!</span> 
     </span>
     <span class='ocr_line' id='line_1_56' title="bbox 442 2300 931 2332; baseline -0.006 0"><span class='ocrx_word' id='word_1_252' title='bbox 442 2313 479 2332; x_wconf 88' lang='lat'>20</span> <span class='ocrx_word' id='word_1_253' title='bbox 501 2302 529 2330; x_wconf 88' lang='lat' dir='ltr'>in</span> <span class='ocrx_word' id='word_1_254' title='bbox 546 2302 662 2329; x_wconf 88' lang='lat' dir='ltr'>ridendo</span> <span class='ocrx_word' id='word_1_255' title='bbox 678 2302 702 2330; x_wconf 93' lang='lat' dir='ltr'>C</span> <span class='ocrx_word' id='word_1_256' title='bbox 716 2300 745 2329; x_wconf 85' lang='lat' dir='ltr'><strong>H</strong></span> <span class='ocrx_word' id='word_1_257' title='bbox 760 2302 788 2329; x_wconf 91' lang='lat' dir='ltr'>T</span> <span class='ocrx_word' id='word_1_258' title='bbox 804 2301 931 2329; x_wconf 75' lang='lat' dir='ltr'>irridendo</span> 
     </span>
     <span class='ocr_line' id='line_1_57' title="bbox 439 2341 976 2379; baseline -0.007 -8"><span class='ocrx_word' id='word_1_259' title='bbox 439 2358 480 2365; x_wconf 91' lang='lat'>—-</span> <span class='ocrx_word' id='word_1_260' title='bbox 500 2344 527 2371; x_wconf 89' lang='lat' dir='ltr'>in</span> <span class='ocrx_word' id='word_1_261' title='bbox 541 2342 679 2379; x_wconf 82' lang='lat' dir='ltr'>plorando</span> <span class='ocrx_word' id='word_1_262' title='bbox 695 2342 723 2371; x_wconf 81' lang='lat' dir='ltr'><em>H</em></span> <span class='ocrx_word' id='word_1_263' title='bbox 740 2342 768 2370; x_wconf 93' lang='lat' dir='ltr'>T</span> <span class='ocrx_word' id='word_1_264' title='bbox 783 2342 808 2376; x_wconf 66' lang='grc' dir='ltr'>ψ</span> <span class='ocrx_word' id='word_1_265' title='bbox 822 2341 976 2378; x_wconf 79' lang='lat' dir='ltr'>implorando</span> 
     </span>
     <span class='ocr_line' id='line_1_58' title="bbox 444 2383 674 2420; baseline -0.009 -8"><span class='ocrx_word' id='word_1_266' title='bbox 444 2393 478 2420; x_wconf 79' lang='lat'>23</span> <span class='ocrx_word' id='word_1_267' title='bbox 502 2391 593 2410; x_wconf 81' lang='lat' dir='ltr'>autem</span> <span class='ocrx_word' id='word_1_268' title='bbox 606 2384 630 2410; x_wconf 84' lang='lat' dir='ltr'>C</span> <span class='ocrx_word' id='word_1_269' title='bbox 648 2383 674 2410; x_wconf 89' lang='lat' dir='ltr'>d.</span> 
     </span>
    </p>
   </div>
   <div class='ocr_carea' id='block_1_13' title="bbox 1222 225 1231 253">
    <p class='ocr_par' dir='ltr' id='par_1_25' title="bbox 1222 225 1231 253">
     <span class='ocr_line' id='line_1_59' title="bbox 1222 225 1231 253; baseline 0 0"><span class='ocrx_word' id='word_1_270' title='bbox 1222 225 1231 253; x_wconf 91' lang='lat'>1</span> 
     </span>
    </p>
   </div>
   <div class='ocr_carea' id='block_1_14' title="bbox 1172 247 1485 304">
    <p class='ocr_par' dir='ltr' id='par_1_26' title="bbox 1172 247 1485 304">
     <span class='ocr_line' id='line_1_60' title="bbox 1172 247 1485 304; baseline 0 -10"><span class='ocrx_word' id='word_1_271' title='bbox 1172 275 1185 304; x_wconf 83' lang='lat'>5</span> <span class='ocrx_word' id='word_1_272' title='bbox 1211 247 1245 303; x_wconf 69' lang='lat'>23</span> <span class='ocrx_word' id='word_1_273' title='bbox 1269 274 1333 293; x_wconf 87' lang='lat' dir='ltr'>cum</span> <span class='ocrx_word' id='word_1_274' title='bbox 1349 278 1370 301; x_wconf 75' lang='grc' dir='ltr'><em>χ</em></span> <span class='ocrx_word' id='word_1_275' title='bbox 1386 275 1399 303; x_wconf 89' lang='grc'>3</span> <span class='ocrx_word' id='word_1_276' title='bbox 1417 268 1485 304; x_wconf 83' lang='lat' dir='ltr'><em>quod</em></span> 
     </span>
    </p>
   </div>
   <div class='ocr_carea' id='block_1_15' title="bbox 1209 305 1836 819">
    <p class='ocr_par' dir='ltr' id='par_1_27' title="bbox 1211 305 1469 343">
     <span class='ocr_line' id='line_1_61' title="bbox 1211 305 1469 343; baseline 0 -9"><span class='ocrx_word' id='word_1_277' title='bbox 1211 306 1247 334; x_wconf 85' lang='lat'>26</span> <span class='ocrx_word' id='word_1_278' title='bbox 1269 305 1360 334; x_wconf 77' lang='lat' dir='ltr'>dolori</span> <span class='ocrx_word' id='word_1_279' title='bbox 1375 319 1396 343; x_wconf 82' lang='grc' dir='ltr'><strong>χ</strong></span> <span class='ocrx_word' id='word_1_280' title='bbox 1414 316 1427 343; x_wconf 89' lang='lat'>3</span> <span class='ocrx_word' id='word_1_281' title='bbox 1445 311 1469 335; x_wconf 80' lang='lat' dir='ltr'>d.</span> 
     </span>
    </p>

    <p class='ocr_par' dir='ltr' id='par_1_28' title="bbox 1210 346 1559 384">
     <span class='ocr_line' id='line_1_62' title="bbox 1210 346 1559 384; baseline 0.003 -12"><span class='ocrx_word' id='word_1_282' title='bbox 1210 354 1247 381; x_wconf 91' lang='lat'>27</span> <span class='ocrx_word' id='word_1_283' title='bbox 1269 346 1392 382; x_wconf 82' lang='lat' dir='ltr'>apertius</span> <span class='ocrx_word' id='word_1_284' title='bbox 1408 347 1432 374; x_wconf 94' lang='lat' dir='ltr'>C</span> <span class='ocrx_word' id='word_1_285' title='bbox 1446 348 1559 384; x_wconf 79' lang='lat' dir='ltr'>asperius</span> 
     </span>
    </p>

    <p class='ocr_par' dir='ltr' id='par_1_29' title="bbox 1213 386 1836 453">
     <span class='ocr_line' id='line_1_63' title="bbox 1213 386 1836 424; baseline 0.006 -11"><span class='ocrx_word' id='word_1_286' title='bbox 1213 387 1247 413; x_wconf 86' lang='lat'>28</span> <span class='ocrx_word' id='word_1_287' title='bbox 1271 386 1439 414; x_wconf 81' lang='lat' dir='ltr'>Communis</span> <span class='ocrx_word' id='word_1_288' title='bbox 1466 387 1491 415; x_wconf 94' lang='lat' dir='ltr'>C</span> <span class='ocrx_word' id='word_1_289' title='bbox 1506 388 1536 416; x_wconf 93' lang='lat' dir='ltr'>H</span> <span class='ocrx_word' id='word_1_290' title='bbox 1552 387 1581 416; x_wconf 91' lang='lat' dir='ltr'><strong>T</strong></span> <span class='ocrx_word' id='word_1_291' title='bbox 1597 399 1623 421; x_wconf 67' lang='lat' dir='ltr'>r,</span> <span class='ocrx_word' id='word_1_292' title='bbox 1635 400 1657 424; x_wconf 80' lang='grc' dir='ltr'><em>χ</em></span> <span class='ocrx_word' id='word_1_293' title='bbox 1674 397 1684 416; x_wconf 89' lang='grc' dir='ltr'>ι</span> <span class='ocrx_word' id='word_1_294' title='bbox 1713 399 1768 416; x_wconf 85' lang='lat' dir='ltr'>cum</span> <span class='ocrx_word' id='word_1_295' title='bbox 1788 391 1836 417; x_wconf 60' lang='lat' dir='ltr'>mi-v</span> 
     </span>
     <span class='ocr_line' id='line_1_64' title="bbox 1314 437 1358 453; baseline 0 0"><span class='ocrx_word' id='word_1_296' title='bbox 1314 437 1358 453; x_wconf 67' lang='lat' dir='ltr'>nul</span> 
     </span>
    </p>

    <p class='ocr_par' dir='ltr' id='par_1_30' title="bbox 1209 464 1668 496">
     <span class='ocr_line' id='line_1_65' title="bbox 1209 464 1668 496; baseline 0.009 -4"><span class='ocrx_word' id='word_1_297' title='bbox 1209 479 1247 486; x_wconf 96' lang='lat'>—</span> <span class='ocrx_word' id='word_1_298' title='bbox 1269 464 1298 492; x_wconf 92' lang='lat' dir='ltr'>in</span> <span class='ocrx_word' id='word_1_299' title='bbox 1314 466 1375 493; x_wconf 82' lang='lat' dir='ltr'>aliis</span> <span class='ocrx_word' id='word_1_300' title='bbox 1391 466 1416 494; x_wconf 91' lang='lat' dir='ltr'>C</span> <span class='ocrx_word' id='word_1_301' title='bbox 1431 465 1497 494; x_wconf 81' lang='lat' dir='ltr'>male</span> <span class='ocrx_word' id='word_1_302' title='bbox 1510 466 1540 494; x_wconf 93' lang='lat' dir='ltr'>H</span> <span class='ocrx_word' id='word_1_303' title='bbox 1555 479 1572 495; x_wconf 69' lang='lat' dir='ltr'>s·</span> <span class='ocrx_word' id='word_1_304' title='bbox 1585 467 1668 496; x_wconf 79' lang='lat' dir='ltr'><em>malus</em></span> 
     </span>
    </p>

    <p class='ocr_par' dir='ltr' id='par_1_31' title="bbox 1210 505 1408 541">
     <span class='ocr_line' id='line_1_66' title="bbox 1210 505 1408 541; baseline 0 -10"><span class='ocrx_word' id='word_1_305' title='bbox 1210 520 1250 526; x_wconf 93' lang='lat'>—</span> <span class='ocrx_word' id='word_1_306' title='bbox 1271 513 1335 533; x_wconf 91' lang='lat' dir='ltr'>cum</span> <span class='ocrx_word' id='word_1_307' title='bbox 1349 519 1369 541; x_wconf 72' lang='grc' dir='ltr'><strong><em>χ</em></strong></span> <span class='ocrx_word' id='word_1_308' title='bbox 1383 505 1408 532; x_wconf 88' lang='lat' dir='ltr'>d.</span> 
     </span>
    </p>

    <p class='ocr_par' dir='ltr' id='par_1_32' title="bbox 1212 544 1688 583">
     <span class='ocr_line' id='line_1_67' title="bbox 1212 544 1688 583; baseline 0.008 -11"><span class='ocrx_word' id='word_1_309' title='bbox 1212 555 1249 583; x_wconf 85' lang='lat'>29</span> <span class='ocrx_word' id='word_1_310' title='bbox 1271 544 1364 573; x_wconf 87' lang='lat' dir='ltr'>animo</span> <span class='ocrx_word' id='word_1_311' title='bbox 1380 545 1410 573; x_wconf 88' lang='lat' dir='ltr'><strong>H</strong></span> <span class='ocrx_word' id='word_1_312' title='bbox 1424 554 1483 574; x_wconf 83' lang='lat' dir='ltr'>ante</span> <span class='ocrx_word' id='word_1_313' title='bbox 1496 546 1521 581; x_wconf 76' lang='grc' dir='ltr'>ψ</span> <span class='ocrx_word' id='word_1_314' title='bbox 1534 554 1593 575; x_wconf 75' lang='lat' dir='ltr'><em>ante</em></span> <span class='ocrx_word' id='word_1_315' title='bbox 1605 550 1688 576; x_wconf 79' lang='lat' dir='ltr'>animo</span> 
     </span>
    </p>

    <p class='ocr_par' dir='ltr' id='par_1_33' title="bbox 1210 585 1655 624">
     <span class='ocr_line' id='line_1_68' title="bbox 1210 585 1655 624; baseline 0.009 -13"><span class='ocrx_word' id='word_1_316' title='bbox 1210 599 1250 606; x_wconf 92' lang='lat'>-—-</span> <span class='ocrx_word' id='word_1_317' title='bbox 1271 585 1351 613; x_wconf 79' lang='lat' dir='ltr'>vultu</span> <span class='ocrx_word' id='word_1_318' title='bbox 1367 598 1384 614; x_wconf 80' lang='grc' dir='ltr'>ς-</span> <span class='ocrx_word' id='word_1_319' title='bbox 1397 585 1500 614; x_wconf 80' lang='lat' dir='ltr'>maltum</span> <span class='ocrx_word' id='word_1_320' title='bbox 1513 600 1534 622; x_wconf 75' lang='grc' dir='ltr'><em>χ</em></span> <span class='ocrx_word' id='word_1_321' title='bbox 1551 596 1565 624; x_wconf 87' lang='lat'>3</span> <span class='ocrx_word' id='word_1_322' title='bbox 1582 586 1655 615; x_wconf 83' lang='lat' dir='ltr'>multi</span> 
     </span>
    </p>

    <p class='ocr_par' dir='ltr' id='par_1_34' title="bbox 1214 624 1577 665">
     <span class='ocr_line' id='line_1_69' title="bbox 1214 624 1577 665; baseline 0.008 -14"><span class='ocrx_word' id='word_1_323' title='bbox 1214 634 1250 661; x_wconf 85' lang='lat'>30</span> <span class='ocrx_word' id='word_1_324' title='bbox 1272 624 1370 663; x_wconf 87' lang='lat' dir='ltr'>lingua</span> <span class='ocrx_word' id='word_1_325' title='bbox 1385 625 1410 653; x_wconf 89' lang='lat' dir='ltr'>C</span> <span class='ocrx_word' id='word_1_326' title='bbox 1424 626 1448 660; x_wconf 72' lang='grc' dir='ltr'>ψ</span> <span class='ocrx_word' id='word_1_327' title='bbox 1462 626 1577 665; x_wconf 78' lang='lat' dir='ltr'>linguam</span> 
     </span>
    </p>

    <p class='ocr_par' dir='ltr' id='par_1_35' title="bbox 1213 673 1412 702">
     <span class='ocr_line' id='line_1_70' title="bbox 1213 673 1412 702; baseline 0.005 -11"><span class='ocrx_word' id='word_1_328' title='bbox 1213 674 1245 702; x_wconf 80' lang='lat'>3¹</span> <span class='ocrx_word' id='word_1_329' title='bbox 1272 673 1306 691; x_wconf 86' lang='lat' dir='ltr'>ex</span> <span class='ocrx_word' id='word_1_330' title='bbox 1320 678 1343 701; x_wconf 81' lang='grc' dir='ltr'><strong>χ</strong></span> <span class='ocrx_word' id='word_1_331' title='bbox 1358 674 1372 702; x_wconf 89' lang='grc'><strong><em>3</em></strong></span> <span class='ocrx_word' id='word_1_332' title='bbox 1388 674 1412 692; x_wconf 80' lang='lat' dir='ltr'>et</span> 
     </span>
    </p>

    <p class='ocr_par' dir='ltr' id='par_1_36' title="bbox 1213 704 1517 741">
     <span class='ocr_line' id='line_1_71' title="bbox 1213 704 1517 741; baseline 0.01 -11"><span class='ocrx_word' id='word_1_333' title='bbox 1213 713 1246 740; x_wconf 86' lang='lat'>33</span> <span class='ocrx_word' id='word_1_334' title='bbox 1271 704 1406 731; x_wconf 66' lang='lat' dir='ltr'>addustus</span> <span class='ocrx_word' id='word_1_335' title='bbox 1424 718 1445 739; x_wconf 75' lang='grc' dir='ltr'><strong><em>χ</em></strong></span> <span class='ocrx_word' id='word_1_336' title='bbox 1461 715 1474 741; x_wconf 88' lang='grc'><strong><em>3</em></strong></span> <span class='ocrx_word' id='word_1_337' title='bbox 1491 707 1517 733; x_wconf 87' lang='lat' dir='ltr'>d.</span> 
     </span>
    </p>

    <p class='ocr_par' dir='ltr' id='par_1_37' title="bbox 1213 742 1586 781">
     <span class='ocr_line' id='line_1_72' title="bbox 1213 742 1586 781; baseline 0.011 -12"><span class='ocrx_word' id='word_1_338' title='bbox 1213 752 1250 779; x_wconf 83' lang='lat'>34</span> <span class='ocrx_word' id='word_1_339' title='bbox 1271 742 1404 770; x_wconf 84' lang='lat' dir='ltr'>laceffitus</span> <span class='ocrx_word' id='word_1_340' title='bbox 1418 744 1448 771; x_wconf 88' lang='lat' dir='ltr'>H</span> <span class='ocrx_word' id='word_1_341' title='bbox 1460 745 1586 781; x_wconf 73' lang='lat' dir='ltr'>Iacffndi</span> 
     </span>
    </p>

    <p class='ocr_par' dir='ltr' id='par_1_38' title="bbox 1209 782 1508 819">
     <span class='ocr_line' id='line_1_73' title="bbox 1209 782 1508 819; baseline 0.007 -10"><span class='ocrx_word' id='word_1_342' title='bbox 1209 797 1250 805; x_wconf 90' lang='lat'>—</span> <span class='ocrx_word' id='word_1_343' title='bbox 1270 782 1333 810; x_wconf 88' lang='lat' dir='ltr'>exit</span> <span class='ocrx_word' id='word_1_344' title='bbox 1348 783 1372 810; x_wconf 95' lang='lat' dir='ltr'>C</span> <span class='ocrx_word' id='word_1_345' title='bbox 1389 795 1410 818; x_wconf 82' lang='grc' dir='ltr'><strong><em>χ</em></strong></span> <span class='ocrx_word' id='word_1_346' title='bbox 1427 792 1440 819; x_wconf 86' lang='grc'>3</span> <span class='ocrx_word' id='word_1_347' title='bbox 1457 786 1508 811; x_wconf 77' lang='lat' dir='ltr'>erit</span> 
     </span>
    </p>
   </div>
   <div class='ocr_carea' id='block_1_16' title="bbox 1130 821 1428 861">
    <p class='ocr_par' dir='ltr' id='par_1_39' title="bbox 1130 821 1428 861">
     <span class='ocr_line' id='line_1_74' title="bbox 1130 821 1428 861; baseline -0.01 -10"><span class='ocrx_word' id='word_1_348' title='bbox 1130 822 1189 861; x_wconf 86' lang='lat'>446</span> <span class='ocrx_word' id='word_1_349' title='bbox 1236 821 1428 859; x_wconf 74' lang='lat' dir='ltr'>ifiCstdfi</span> 
     </span>
    </p>
   </div>
   <div class='ocr_carea' id='block_1_17' title="bbox 1206 861 1708 1500">
    <p class='ocr_par' dir='ltr' id='par_1_40' title="bbox 1206 861 1664 982">
     <span class='ocr_line' id='line_1_75' title="bbox 1232 861 1664 903; baseline 0.009 -14"><span class='ocrx_word' id='word_1_350' title='bbox 1232 873 1246 900; x_wconf 88' lang='lat'>3</span> <span class='ocrx_word' id='word_1_351' title='bbox 1270 861 1664 903; x_wconf 63' lang='lat' dir='ltr'>quidCHTxt,3quod</span> 
     </span>
     <span class='ocr_line' id='line_1_76' title="bbox 1206 901 1559 931; baseline 0.006 -2"><span class='ocrx_word' id='word_1_352' title='bbox 1206 918 1247 925; x_wconf 89' lang='lat'><strong>—</strong></span> <span class='ocrx_word' id='word_1_353' title='bbox 1268 901 1383 930; x_wconf 83' lang='lat' dir='ltr'>homine</span> <span class='ocrx_word' id='word_1_354' title='bbox 1400 903 1424 930; x_wconf 90' lang='lat' dir='ltr'>C</span> <span class='ocrx_word' id='word_1_355' title='bbox 1439 903 1559 931; x_wconf 79' lang='lat' dir='ltr'>hominem</span> 
     </span>
     <span class='ocr_line' id='line_1_77' title="bbox 1211 942 1627 982; baseline 0.014 -16"><span class='ocrx_word' id='word_1_356' title='bbox 1211 958 1252 966; x_wconf 86' lang='grc'>-.</span> <span class='ocrx_word' id='word_1_357' title='bbox 1272 942 1398 980; x_wconf 87' lang='lat' dir='ltr'>ingenuo</span> <span class='ocrx_word' id='word_1_358' title='bbox 1419 956 1441 980; x_wconf 84' lang='grc' dir='ltr'><strong>χ</strong></span> <span class='ocrx_word' id='word_1_359' title='bbox 1459 953 1468 971; x_wconf 90' lang='lat'>1</span> <span class='ocrx_word' id='word_1_360' title='bbox 1489 943 1513 977; x_wconf 73' lang='grc' dir='ltr'>ψ</span> <span class='ocrx_word' id='word_1_361' title='bbox 1528 946 1627 982; x_wconf 76' lang='lat' dir='ltr'>ingenio</span> 
     </span>
    </p>

    <p class='ocr_par' dir='ltr' id='par_1_41' title="bbox 1209 982 1708 1060">
     <span class='ocr_line' id='line_1_78' title="bbox 1230 982 1708 1020; baseline 0.008 -11"><span class='ocrx_word' id='word_1_362' title='bbox 1230 993 1248 1019; x_wconf 86' lang='lat'>4</span> <span class='ocrx_word' id='word_1_363' title='bbox 1271 982 1437 1010; x_wconf 84' lang='lat' dir='ltr'>stomachor</span> <span class='ocrx_word' id='word_1_364' title='bbox 1450 996 1474 1020; x_wconf 86' lang='grc' dir='ltr'><strong>χ</strong></span> <span class='ocrx_word' id='word_1_365' title='bbox 1490 993 1504 1020; x_wconf 88' lang='lat'>3</span> <span class='ocrx_word' id='word_1_366' title='bbox 1521 984 1708 1013; x_wconf 81' lang='lat' dir='ltr'>Stomachorum</span> 
     </span>
     <span class='ocr_line' id='line_1_79' title="bbox 1209 1022 1530 1060; baseline 0.003 -10"><span class='ocrx_word' id='word_1_367' title='bbox 1209 1038 1249 1044; x_wconf 94' lang='grc'><strong>-</strong></span> <span class='ocrx_word' id='word_1_368' title='bbox 1270 1022 1388 1050; x_wconf 86' lang='lat' dir='ltr'>aliorum</span> <span class='ocrx_word' id='word_1_369' title='bbox 1403 1036 1424 1058; x_wconf 74' lang='grc' dir='ltr'><em>χ</em></span> <span class='ocrx_word' id='word_1_370' title='bbox 1437 1033 1450 1060; x_wconf 88' lang='grc'>3</span> <span class='ocrx_word' id='word_1_371' title='bbox 1466 1023 1530 1051; x_wconf 79' lang='lat' dir='ltr'>alios</span> 
     </span>
    </p>

    <p class='ocr_par' dir='ltr' id='par_1_42' title="bbox 1207 1063 1693 1131">
     <span class='ocr_line' id='line_1_80' title="bbox 1232 1063 1693 1102; baseline 0.011 -13"><span class='ocrx_word' id='word_1_372' title='bbox 1232 1073 1247 1101; x_wconf 77' lang='grc' dir='ltr'><em>ς</em></span> <span class='ocrx_word' id='word_1_373' title='bbox 1271 1072 1327 1090; x_wconf 88' lang='lat' dir='ltr'>non</span> <span class='ocrx_word' id='word_1_374' title='bbox 1342 1063 1367 1090; x_wconf 84' lang='lat' dir='ltr'>C</span> <span class='ocrx_word' id='word_1_375' title='bbox 1380 1073 1428 1091; x_wconf 80' lang='lat' dir='ltr'>non</span> <span class='ocrx_word' id='word_1_376' title='bbox 1441 1065 1507 1092; x_wconf 80' lang='lat' dir='ltr'>modo</span> <span class='ocrx_word' id='word_1_377' title='bbox 1520 1077 1541 1100; x_wconf 78' lang='grc' dir='ltr'><em>χ</em></span> <span class='ocrx_word' id='word_1_378' title='bbox 1559 1073 1572 1102; x_wconf 87' lang='lat'>3</span> <span class='ocrx_word' id='word_1_379' title='bbox 1589 1074 1632 1094; x_wconf 79' lang='lat' dir='ltr'>nec</span> <span class='ocrx_word' id='word_1_380' title='bbox 1646 1076 1693 1094; x_wconf 79' lang='lat' dir='ltr'>non</span> 
     </span>
     <span class='ocr_line' id='line_1_81' title="bbox 1207 1102 1377 1131; baseline -0.012 -1"><span class='ocrx_word' id='word_1_381' title='bbox 1207 1118 1247 1125; x_wconf 89' lang='lat'>—</span> <span class='ocrx_word' id='word_1_382' title='bbox 1267 1102 1296 1130; x_wconf 91' lang='lat' dir='ltr'>in</span> <span class='ocrx_word' id='word_1_383' title='bbox 1311 1102 1336 1131; x_wconf 94' lang='lat' dir='ltr'>C</span> <span class='ocrx_word' id='word_1_384' title='bbox 1350 1103 1377 1130; x_wconf 87' lang='lat' dir='ltr'>d.</span> 
     </span>
    </p>

    <p class='ocr_par' dir='ltr' id='par_1_43' title="bbox 1228 1142 1540 1179">
     <span class='ocr_line' id='line_1_82' title="bbox 1228 1142 1540 1179; baseline 0.013 -10"><span class='ocrx_word' id='word_1_385' title='bbox 1228 1142 1247 1170; x_wconf 91' lang='lat'><strong>6</strong></span> <span class='ocrx_word' id='word_1_386' title='bbox 1269 1149 1328 1170; x_wconf 91' lang='lat' dir='ltr'>tum</span> <span class='ocrx_word' id='word_1_387' title='bbox 1344 1142 1374 1170; x_wconf 93' lang='lat' dir='ltr'>H</span> <span class='ocrx_word' id='word_1_388' title='bbox 1387 1155 1410 1179; x_wconf 81' lang='grc' dir='ltr'><strong>χ</strong></span> <span class='ocrx_word' id='word_1_389' title='bbox 1428 1151 1437 1169; x_wconf 85' lang='lat'>1</span> <span class='ocrx_word' id='word_1_390' title='bbox 1456 1150 1540 1173; x_wconf 83' lang='lat' dir='ltr'>tamen</span> 
     </span>
    </p>

    <p class='ocr_par' dir='ltr' id='par_1_44' title="bbox 1208 1183 1588 1262">
     <span class='ocr_line' id='line_1_83' title="bbox 1231 1183 1546 1222; baseline 0.006 -11"><span class='ocrx_word' id='word_1_391' title='bbox 1231 1184 1247 1211; x_wconf 90' lang='lat'>8</span> <span class='ocrx_word' id='word_1_392' title='bbox 1268 1183 1335 1219; x_wconf 85' lang='lat' dir='ltr'>quia</span> <span class='ocrx_word' id='word_1_393' title='bbox 1351 1183 1381 1211; x_wconf 94' lang='lat' dir='ltr'>H</span> <span class='ocrx_word' id='word_1_394' title='bbox 1395 1184 1461 1220; x_wconf 82' lang='lat' dir='ltr'><em>quod</em></span> <span class='ocrx_word' id='word_1_395' title='bbox 1472 1197 1487 1215; x_wconf 69' lang='lat'>⁵-</span> <span class='ocrx_word' id='word_1_396' title='bbox 1501 1188 1546 1222; x_wconf 82' lang='lat' dir='ltr'>qui</span> 
     </span>
     <span class='ocr_line' id='line_1_84' title="bbox 1208 1223 1588 1262; baseline 0.008 -13"><span class='ocrx_word' id='word_1_397' title='bbox 1208 1238 1245 1245; x_wconf 93' lang='lat'><em>-</em></span> <span class='ocrx_word' id='word_1_398' title='bbox 1266 1223 1330 1261; x_wconf 85' lang='lat' dir='ltr'>quis</span> <span class='ocrx_word' id='word_1_399' title='bbox 1346 1232 1402 1251; x_wconf 87' lang='lat' dir='ltr'>non</span> <span class='ocrx_word' id='word_1_400' title='bbox 1417 1224 1482 1252; x_wconf 89' lang='lat' dir='ltr'>tulit</span> <span class='ocrx_word' id='word_1_401' title='bbox 1494 1237 1515 1260; x_wconf 71' lang='grc' dir='ltr'><em>χ</em></span> <span class='ocrx_word' id='word_1_402' title='bbox 1532 1234 1546 1262; x_wconf 97' lang='grc'>3</span> <span class='ocrx_word' id='word_1_403' title='bbox 1561 1225 1588 1252; x_wconf 91' lang='lat' dir='ltr'>d.</span> 
     </span>
    </p>

    <p class='ocr_par' dir='ltr' id='par_1_45' title="bbox 1209 1262 1670 1412">
     <span class='ocr_line' id='line_1_85' title="bbox 1229 1262 1670 1302; baseline 0.009 -12"><span class='ocrx_word' id='word_1_404' title='bbox 1229 1274 1247 1301; x_wconf 90' lang='lat'>9</span> <span class='ocrx_word' id='word_1_405' title='bbox 1270 1262 1440 1300; x_wconf 85' lang='lat' dir='ltr'>publicanus</span> <span class='ocrx_word' id='word_1_406' title='bbox 1455 1277 1477 1301; x_wconf 84' lang='grc' dir='ltr'><strong>χ</strong></span> <span class='ocrx_word' id='word_1_407' title='bbox 1495 1265 1670 1302; x_wconf 76' lang='lat' dir='ltr'>3publicani1</span> 
     </span>
     <span class='ocr_line' id='line_1_86' title="bbox 1209 1303 1404 1337; baseline 0 -6"><span class='ocrx_word' id='word_1_408' title='bbox 1209 1319 1249 1325; x_wconf 96' lang='lat'>—</span> <span class='ocrx_word' id='word_1_409' title='bbox 1271 1303 1300 1331; x_wconf 87' lang='lat' dir='ltr'>Si</span> <span class='ocrx_word' id='word_1_410' title='bbox 1314 1304 1339 1337; x_wconf 69' lang='grc' dir='ltr'>ψ</span> <span class='ocrx_word' id='word_1_411' title='bbox 1352 1304 1404 1331; x_wconf 82' lang='lat' dir='ltr'>Sed</span> 
     </span>
     <span class='ocr_line' id='line_1_87' title="bbox 1209 1343 1576 1382; baseline 0.005 -11"><span class='ocrx_word' id='word_1_412' title='bbox 1209 1358 1248 1365; x_wconf 92' lang='lat'><em>-</em></span> <span class='ocrx_word' id='word_1_413' title='bbox 1269 1343 1377 1381; x_wconf 88' lang='lat' dir='ltr'>primus</span> <span class='ocrx_word' id='word_1_414' title='bbox 1392 1343 1416 1371; x_wconf 90' lang='lat' dir='ltr'>C</span> <span class='ocrx_word' id='word_1_415' title='bbox 1429 1345 1455 1379; x_wconf 75' lang='grc' dir='ltr'>ψ</span> <span class='ocrx_word' id='word_1_416' title='bbox 1465 1347 1576 1382; x_wconf 83' lang='lat' dir='ltr'>primum</span> 
     </span>
     <span class='ocr_line' id='line_1_88' title="bbox 1209 1384 1430 1412; baseline 0.005 -1"><span class='ocrx_word' id='word_1_417' title='bbox 1209 1399 1254 1407; x_wconf 86' lang='lat'><strong>—</strong></span> <span class='ocrx_word' id='word_1_418' title='bbox 1272 1384 1325 1411; x_wconf 80' lang='lat' dir='ltr'>esse</span> <span class='ocrx_word' id='word_1_419' title='bbox 1340 1384 1364 1410; x_wconf 92' lang='lat' dir='ltr'>C</span> <span class='ocrx_word' id='word_1_420' title='bbox 1378 1395 1390 1410; x_wconf 78' lang='lat' dir='ltr'>e</span> <span class='ocrx_word' id='word_1_421' title='bbox 1408 1393 1430 1412; x_wconf 76' lang='lat' dir='ltr'>et</span> 
     </span>
    </p>

    <p class='ocr_par' dir='ltr' id='par_1_46' title="bbox 1211 1424 1526 1500">
     <span class='ocr_line' id='line_1_89' title="bbox 1215 1424 1526 1460; baseline -0.003 -7"><span class='ocrx_word' id='word_1_422' title='bbox 1215 1434 1250 1453; x_wconf 86' lang='lat'>10</span> <span class='ocrx_word' id='word_1_423' title='bbox 1271 1424 1350 1453; x_wconf 87' lang='lat' dir='ltr'>illam</span> <span class='ocrx_word' id='word_1_424' title='bbox 1366 1424 1390 1451; x_wconf 88' lang='lat' dir='ltr'>C</span> <span class='ocrx_word' id='word_1_425' title='bbox 1405 1436 1427 1460; x_wconf 79' lang='grc' dir='ltr'><strong>χ</strong></span> <span class='ocrx_word' id='word_1_426' title='bbox 1444 1433 1453 1450; x_wconf 84' lang='grc' dir='ltr'><strong>ι</strong></span> <span class='ocrx_word' id='word_1_427' title='bbox 1472 1435 1526 1452; x_wconf 83' lang='lat' dir='ltr'>eam</span> 
     </span>
     <span class='ocr_line' id='line_1_90' title="bbox 1211 1465 1502 1500; baseline -0.003 -8"><span class='ocrx_word' id='word_1_428' title='bbox 1211 1480 1251 1486; x_wconf 89' lang='lat'><em>-</em></span> <span class='ocrx_word' id='word_1_429' title='bbox 1270 1465 1349 1492; x_wconf 86' lang='lat' dir='ltr'>sortis</span> <span class='ocrx_word' id='word_1_430' title='bbox 1361 1477 1382 1498; x_wconf 70' lang='grc' dir='ltr'><em>χ</em></span> <span class='ocrx_word' id='word_1_431' title='bbox 1397 1465 1502 1500; x_wconf 75' lang='lat' dir='ltr'>ifortis</span> 
     </span>
    </p>
   </div>
   <div class='ocr_carea' id='block_1_18' title="bbox 1215 1500 1894 1542">
    <p class='ocr_par' dir='ltr' id='par_1_47' title="bbox 1215 1500 1894 1542">
     <span class='ocr_line' id='line_1_91' title="bbox 1215 1500 1894 1542; baseline -0.003 -10"><span class='ocrx_word' id='word_1_432' title='bbox 1215 1513 1247 1542; x_wconf 82' lang='lat'>¹3</span> <span class='ocrx_word' id='word_1_433' title='bbox 1271 1503 1384 1532; x_wconf 87' lang='lat' dir='ltr'>nomine</span> <span class='ocrx_word' id='word_1_434' title='bbox 1399 1502 1423 1530; x_wconf 94' lang='lat' dir='ltr'>C</span> <span class='ocrx_word' id='word_1_435' title='bbox 1439 1513 1521 1531; x_wconf 79' lang='lat' dir='ltr'>nomen</span> <span class='ocrx_word' id='word_1_436' title='bbox 1544 1505 1638 1540; x_wconf 75' lang='lat' dir='ltr'>(sed“</span> <span class='ocrx_word' id='word_1_437' title='bbox 1652 1500 1832 1542; x_wconf 59' lang='lat' dir='ltr'>nomini’fiaep.</span> <span class='ocrx_word' id='word_1_438' title='bbox 1890 1517 1894 1520; x_wconf 89' lang='lat'><strong>·</strong></span> 
     </span>
    </p>
   </div>
   <div class='ocr_carea' id='block_1_19' title="bbox 1205 1544 1839 2419">
    <p class='ocr_par' dir='ltr' id='par_1_48' title="bbox 1312 1544 1720 1579">
     <span class='ocr_line' id='line_1_92' title="bbox 1312 1544 1720 1579; baseline 0 -7"><span class='ocrx_word' id='word_1_439' title='bbox 1312 1545 1361 1572; x_wconf 84' lang='lat' dir='ltr'>lin.</span> <span class='ocrx_word' id='word_1_440' title='bbox 1376 1554 1394 1570; x_wconf 91' lang='lat' dir='ltr'><strong><em>a</em></strong></span> <span class='ocrx_word' id='word_1_441' title='bbox 1409 1553 1477 1570; x_wconf 85' lang='lat' dir='ltr'>man.</span> <span class='ocrx_word' id='word_1_442' title='bbox 1493 1544 1563 1579; x_wconf 85' lang='lat' dir='ltr'>rec.)</span> <span class='ocrx_word' id='word_1_443' title='bbox 1586 1556 1607 1579; x_wconf 73' lang='grc' dir='ltr'><em>χ</em></span> <span class='ocrx_word' id='word_1_444' title='bbox 1625 1552 1641 1571; x_wconf 65' lang='grc' dir='ltr'>ι’</span> <span class='ocrx_word' id='word_1_445' title='bbox 1653 1554 1720 1572; x_wconf 74' lang='lat' dir='ltr'>omne</span> 
     </span>
    </p>

    <p class='ocr_par' dir='ltr' id='par_1_49' title="bbox 1216 1583 1613 1623">
     <span class='ocr_line' id='line_1_93' title="bbox 1216 1583 1613 1623; baseline -0.008 -9"><span class='ocrx_word' id='word_1_446' title='bbox 1216 1595 1251 1623; x_wconf 83' lang='lat'>14</span> <span class='ocrx_word' id='word_1_447' title='bbox 1272 1583 1343 1622; x_wconf 87' lang='lat' dir='ltr'>legis</span> <span class='ocrx_word' id='word_1_448' title='bbox 1453 1583 1529 1621; x_wconf 85' lang='lat' dir='ltr'>leges</span> <span class='ocrx_word' id='word_1_449' title='bbox 1543 1583 1572 1611; x_wconf 91' lang='lat' dir='ltr'>T</span> <span class='ocrx_word' id='word_1_450' title='bbox 1586 1584 1613 1611; x_wconf 90' lang='lat' dir='ltr'>d.</span> 
     </span>
    </p>

    <p class='ocr_par' dir='ltr' id='par_1_50' title="bbox 1208 1623 1574 1659">
     <span class='ocr_line' id='line_1_94' title="bbox 1208 1623 1574 1659; baseline -0.005 -6"><span class='ocrx_word' id='word_1_451' title='bbox 1208 1641 1249 1648; x_wconf 93' lang='lat'>——</span> <span class='ocrx_word' id='word_1_452' title='bbox 1268 1624 1404 1653; x_wconf 80' lang='lat' dir='ltr'>sodalitiis</span> <span class='ocrx_word' id='word_1_453' title='bbox 1422 1623 1574 1659; x_wconf 74' lang='lat' dir='ltr'>rsblidariis</span> 
     </span>
    </p>

    <p class='ocr_par' dir='ltr' id='par_1_51' title="bbox 1207 1664 1495 1694">
     <span class='ocr_line' id='line_1_95' title="bbox 1207 1664 1495 1694; baseline -0.007 0"><span class='ocrx_word' id='word_1_454' title='bbox 1207 1681 1249 1689; x_wconf 89' lang='lat'>—-</span> <span class='ocrx_word' id='word_1_455' title='bbox 1268 1674 1364 1694; x_wconf 84' lang='lat' dir='ltr'>omnes</span> <span class='ocrx_word' id='word_1_456' title='bbox 1380 1664 1404 1693; x_wconf 91' lang='lat' dir='ltr'>C</span> <span class='ocrx_word' id='word_1_457' title='bbox 1418 1667 1495 1692; x_wconf 83' lang='lat' dir='ltr'>omnis</span> 
     </span>
    </p>

    <p class='ocr_par' dir='ltr' id='par_1_52' title="bbox 1211 1703 1746 1744">
     <span class='ocr_line' id='line_1_96' title="bbox 1211 1703 1746 1744; baseline -0.007 -10"><span class='ocrx_word' id='word_1_458' title='bbox 1211 1716 1245 1744; x_wconf 84' lang='grc' dir='ltr'>ις</span> <span class='ocrx_word' id='word_1_459' title='bbox 1267 1705 1393 1734; x_wconf 78' lang='lat' dir='ltr'>edititios</span> <span class='ocrx_word' id='word_1_460' title='bbox 1407 1718 1428 1741; x_wconf 73' lang='grc' dir='ltr'><em>χ</em></span> <span class='ocrx_word' id='word_1_461' title='bbox 1446 1713 1457 1732; x_wconf 92' lang='grc' dir='ltr'>ι</span> <span class='ocrx_word' id='word_1_462' title='bbox 1475 1705 1564 1733; x_wconf 78' lang='lat' dir='ltr'>editios</span> <span class='ocrx_word' id='word_1_463' title='bbox 1575 1716 1596 1739; x_wconf 75' lang='grc' dir='ltr'><em>χ</em></span> <span class='ocrx_word' id='word_1_464' title='bbox 1614 1703 1746 1741; x_wconf 83' lang='lat' dir='ltr'>3ediatios</span> 
     </span>
    </p>

    <p class='ocr_par' dir='ltr' id='par_1_53' title="bbox 1213 1743 1612 1783">
     <span class='ocr_line' id='line_1_97' title="bbox 1213 1743 1612 1783; baseline -0.008 -9"><span class='ocrx_word' id='word_1_465' title='bbox 1213 1756 1246 1783; x_wconf 91' lang='lat'>¹7</span> <span class='ocrx_word' id='word_1_466' title='bbox 1269 1745 1349 1773; x_wconf 89' lang='lat' dir='ltr'>nulla</span> <span class='ocrx_word' id='word_1_467' title='bbox 1363 1745 1392 1772; x_wconf 95' lang='lat' dir='ltr'>T</span> <span class='ocrx_word' id='word_1_468' title='bbox 1405 1758 1432 1778; x_wconf 76' lang='grc' dir='ltr'>ς,</span> <span class='ocrx_word' id='word_1_469' title='bbox 1444 1757 1467 1782; x_wconf 78' lang='grc' dir='ltr'><strong>χ</strong></span> <span class='ocrx_word' id='word_1_470' title='bbox 1486 1753 1510 1776; x_wconf 89' lang='grc'>1,</span> <span class='ocrx_word' id='word_1_471' title='bbox 1529 1753 1543 1781; x_wconf 88' lang='grc'>3</span> <span class='ocrx_word' id='word_1_472' title='bbox 1557 1743 1612 1772; x_wconf 86' lang='lat' dir='ltr'><em>ulla</em></span> 
     </span>
    </p>

    <p class='ocr_par' dir='ltr' id='par_1_54' title="bbox 1207 1780 1839 1855">
     <span class='ocr_line' id='line_1_98' title="bbox 1207 1780 1839 1822; baseline -0.006 -9"><span class='ocrx_word' id='word_1_473' title='bbox 1207 1801 1248 1808; x_wconf 89' lang='lat'>--</span> <span class='ocrx_word' id='word_1_474' title='bbox 1268 1784 1403 1814; x_wconf 87' lang='lat' dir='ltr'>tribuaria</span> <span class='ocrx_word' id='word_1_475' title='bbox 1424 1785 1448 1813; x_wconf 91' lang='lat' dir='ltr'>C</span> <span class='ocrx_word' id='word_1_476' title='bbox 1463 1785 1480 1812; x_wconf 92' lang='lat' dir='ltr'>S</span> <span class='ocrx_word' id='word_1_477' title='bbox 1493 1784 1522 1812; x_wconf 92' lang='lat' dir='ltr'>T</span> <span class='ocrx_word' id='word_1_478' title='bbox 1536 1797 1557 1820; x_wconf 75' lang='grc' dir='ltr'><em>χ</em></span> <span class='ocrx_word' id='word_1_479' title='bbox 1575 1793 1601 1818; x_wconf 86' lang='lat'>1,</span> <span class='ocrx_word' id='word_1_480' title='bbox 1617 1793 1632 1822; x_wconf 88' lang='lat'>3</span> <span class='ocrx_word' id='word_1_481' title='bbox 1648 1783 1673 1817; x_wconf 69' lang='grc' dir='ltr'>ψ</span> <span class='ocrx_word' id='word_1_482' title='bbox 1693 1780 1839 1810; x_wconf 73' lang='lat' dir='ltr'>tribu-&#39;aria</span> 
     </span>
     <span class='ocr_line' id='line_1_99' title="bbox 1314 1824 1484 1855; baseline -0.006 -3"><span class='ocrx_word' id='word_1_483' title='bbox 1314 1838 1330 1855; x_wconf 75' lang='lat'>5-</span> <span class='ocrx_word' id='word_1_484' title='bbox 1344 1824 1484 1852; x_wconf 79' lang='lat' dir='ltr'>tributarii</span> 
     </span>
    </p>

    <p class='ocr_par' dir='ltr' id='par_1_55' title="bbox 1210 1864 1766 1902">
     <span class='ocr_line' id='line_1_100' title="bbox 1210 1864 1766 1902; baseline -0.005 -9"><span class='ocrx_word' id='word_1_485' title='bbox 1210 1875 1241 1894; x_wconf 82' lang='lat'>21</span> <span class='ocrx_word' id='word_1_486' title='bbox 1267 1864 1492 1902; x_wconf 65' lang='lat' dir='ltr'>praetermitteret</span> <span class='ocrx_word' id='word_1_487' title='bbox 1505 1876 1525 1898; x_wconf 76' lang='grc' dir='ltr'>χ,</span> <span class='ocrx_word' id='word_1_488' title='bbox 1543 1872 1556 1900; x_wconf 86' lang='grc'>3</span> <span class='ocrx_word' id='word_1_489' title='bbox 1568 1864 1766 1900; x_wconf 77' lang='lat' dir='ltr'>praeterminere</span> 
     </span>
    </p>

    <p class='ocr_par' dir='ltr' id='par_1_56' title="bbox 1210 1904 1532 1942">
     <span class='ocr_line' id='line_1_101' title="bbox 1210 1904 1532 1942; baseline -0.006 -9"><span class='ocrx_word' id='word_1_490' title='bbox 1210 1915 1245 1933; x_wconf 84' lang='lat'>22</span> <span class='ocrx_word' id='word_1_491' title='bbox 1267 1904 1373 1942; x_wconf 87' lang='lat' dir='ltr'>putarit</span> <span class='ocrx_word' id='word_1_492' title='bbox 1387 1905 1412 1938; x_wconf 71' lang='grc' dir='ltr'>ψ</span> <span class='ocrx_word' id='word_1_493' title='bbox 1422 1905 1532 1942; x_wconf 81' lang='lat' dir='ltr'>putavit</span> 
     </span>
    </p>

    <p class='ocr_par' dir='ltr' id='par_1_57' title="bbox 1209 1944 1427 1983">
     <span class='ocr_line' id='line_1_102' title="bbox 1209 1944 1427 1983; baseline -0.014 -10"><span class='ocrx_word' id='word_1_494' title='bbox 1209 1955 1243 1983; x_wconf 85' lang='lat'>²3</span> <span class='ocrx_word' id='word_1_495' title='bbox 1267 1952 1295 1972; x_wconf 81' lang='lat' dir='ltr'>et</span> <span class='ocrx_word' id='word_1_496' title='bbox 1311 1944 1334 1971; x_wconf 94' lang='lat' dir='ltr'>C</span> <span class='ocrx_word' id='word_1_497' title='bbox 1349 1947 1427 1972; x_wconf 76' lang='lat' dir='ltr'>etiam</span> 
     </span>
    </p>

    <p class='ocr_par' dir='ltr' id='par_1_58' title="bbox 1206 1984 1410 2012">
     <span class='ocr_line' id='line_1_103' title="bbox 1206 1984 1410 2012; baseline 0 0"><span class='ocrx_word' id='word_1_498' title='bbox 1206 2000 1248 2006; x_wconf 88' lang='lat'>-—-</span> <span class='ocrx_word' id='word_1_499' title='bbox 1268 1984 1318 2012; x_wconf 84' lang='lat' dir='ltr'>ista</span> <span class='ocrx_word' id='word_1_500' title='bbox 1332 1984 1356 2011; x_wconf 90' lang='lat' dir='ltr'>C</span> <span class='ocrx_word' id='word_1_501' title='bbox 1369 1986 1410 2012; x_wconf 78' lang='lat' dir='ltr'>ita</span> 
     </span>
    </p>

    <p class='ocr_par' dir='ltr' id='par_1_59' title="bbox 1208 2023 1490 2061">
     <span class='ocr_line' id='line_1_104' title="bbox 1208 2023 1490 2061; baseline -0.011 -8"><span class='ocrx_word' id='word_1_502' title='bbox 1208 2034 1247 2061; x_wconf 83' lang='lat'>24</span> <span class='ocrx_word' id='word_1_503' title='bbox 1268 2023 1404 2061; x_wconf 80' lang='lat' dir='ltr'>copiosius</span> <span class='ocrx_word' id='word_1_504' title='bbox 1419 2023 1449 2051; x_wconf 89' lang='lat' dir='ltr'>H</span> <span class='ocrx_word' id='word_1_505' title='bbox 1463 2024 1490 2050; x_wconf 82' lang='lat' dir='ltr'>d.</span> 
     </span>
    </p>

    <p class='ocr_par' dir='ltr' id='par_1_60' title="bbox 1208 2069 1495 2103">
     <span class='ocr_line' id='line_1_105' title="bbox 1208 2069 1495 2103; baseline -0.014 -10"><span class='ocrx_word' id='word_1_506' title='bbox 1208 2074 1243 2103; x_wconf 78' lang='lat'>25</span> <span class='ocrx_word' id='word_1_507' title='bbox 1266 2071 1327 2092; x_wconf 81' lang='lat' dir='ltr'>tum</span> <span class='ocrx_word' id='word_1_508' title='bbox 1341 2076 1361 2099; x_wconf 80' lang='grc' dir='ltr'><em>χ</em></span> <span class='ocrx_word' id='word_1_509' title='bbox 1381 2073 1389 2090; x_wconf 83' lang='lat'>1</span> <span class='ocrx_word' id='word_1_510' title='bbox 1411 2069 1495 2090; x_wconf 79' lang='lat' dir='ltr'>tamen</span> 
     </span>
    </p>

    <p class='ocr_par' dir='ltr' id='par_1_61' title="bbox 1205 2103 1524 2142">
     <span class='ocr_line' id='line_1_106' title="bbox 1205 2103 1524 2142; baseline 0 -13"><span class='ocrx_word' id='word_1_511' title='bbox 1205 2119 1242 2129; x_wconf 69' lang='lat'>-</span> <span class='ocrx_word' id='word_1_512' title='bbox 1266 2103 1355 2142; x_wconf 87' lang='lat' dir='ltr'>igitur</span> <span class='ocrx_word' id='word_1_513' title='bbox 1368 2116 1389 2138; x_wconf 76' lang='grc' dir='ltr'><em>χ</em></span> <span class='ocrx_word' id='word_1_514' title='bbox 1407 2113 1416 2131; x_wconf 89' lang='grc' dir='ltr'>ι</span> <span class='ocrx_word' id='word_1_515' title='bbox 1432 2105 1524 2141; x_wconf 80' lang='lat' dir='ltr'>agitur</span> 
     </span>
    </p>

    <p class='ocr_par' dir='ltr' id='par_1_62' title="bbox 1208 2139 1654 2181">
     <span class='ocr_line' id='line_1_107' title="bbox 1208 2139 1654 2181; baseline -0.009 -9"><span class='ocrx_word' id='word_1_516' title='bbox 1208 2143 1245 2172; x_wconf 87' lang='grc'>26</span> <span class='ocrx_word' id='word_1_517' title='bbox 1267 2143 1456 2181; x_wconf 82' lang='lat' dir='ltr'>cujuscunque</span> <span class='ocrx_word' id='word_1_518' title='bbox 1470 2156 1491 2178; x_wconf 68' lang='grc' dir='ltr'><em>χ</em></span> <span class='ocrx_word' id='word_1_519' title='bbox 1510 2150 1519 2169; x_wconf 85' lang='grc' dir='ltr'>ι</span> <span class='ocrx_word' id='word_1_520' title='bbox 1538 2139 1654 2179; x_wconf 83' lang='lat' dir='ltr'>cujusque</span> 
     </span>
    </p>

    <p class='ocr_par' dir='ltr' id='par_1_63' title="bbox 1206 2183 1379 2211">
     <span class='ocr_line' id='line_1_108' title="bbox 1206 2183 1379 2211; baseline -0.012 1"><span class='ocrx_word' id='word_1_521' title='bbox 1206 2199 1245 2205; x_wconf 85' lang='lat'>—</span> <span class='ocrx_word' id='word_1_522' title='bbox 1265 2190 1292 2211; x_wconf 91' lang='lat' dir='ltr'>et</span> <span class='ocrx_word' id='word_1_523' title='bbox 1308 2183 1337 2211; x_wconf 91' lang='lat' dir='ltr'>H</span> <span class='ocrx_word' id='word_1_524' title='bbox 1351 2184 1379 2210; x_wconf 86' lang='lat' dir='ltr'>d.</span> 
     </span>
    </p>

    <p class='ocr_par' dir='ltr' id='par_1_64' title="bbox 1205 2219 1830 2300">
     <span class='ocr_line' id='line_1_109' title="bbox 1205 2219 1830 2259; baseline -0.005 -8"><span class='ocrx_word' id='word_1_525' title='bbox 1205 2238 1245 2246; x_wconf 89' lang='lat'><em>-</em></span> <span class='ocrx_word' id='word_1_526' title='bbox 1266 2222 1472 2251; x_wconf 85' lang='lat' dir='ltr'>consenfionem</span> <span class='ocrx_word' id='word_1_527' title='bbox 1497 2220 1522 2249; x_wconf 93' lang='lat' dir='ltr'>C</span> <span class='ocrx_word' id='word_1_528' title='bbox 1544 2221 1709 2259; x_wconf 77' lang='lat' dir='ltr'>confeffi&#39;onom</span> <span class='ocrx_word' id='word_1_529' title='bbox 1737 2219 1766 2249; x_wconf 88' lang='lat' dir='ltr'><strong>H</strong></span> <span class='ocrx_word' id='word_1_530' title='bbox 1779 2232 1803 2257; x_wconf 85' lang='grc' dir='ltr'><em>χ</em></span> <span class='ocrx_word' id='word_1_531' title='bbox 1819 2228 1830 2247; x_wconf 83' lang='grc' dir='ltr'>ι</span> 
     </span>
     <span class='ocr_line' id='line_1_110' title="bbox 1305 2262 1522 2300; baseline -0.005 -10"><span class='ocrx_word' id='word_1_532' title='bbox 1305 2262 1522 2300; x_wconf 70' lang='lat' dir='ltr'>totfinstonemque</span> 
     </span>
    </p>

    <p class='ocr_par' dir='ltr' id='par_1_65' title="bbox 1206 2298 1833 2380">
     <span class='ocr_line' id='line_1_111' title="bbox 1206 2298 1833 2341; baseline -0.008 -9"><span class='ocrx_word' id='word_1_533' title='bbox 1206 2313 1240 2340; x_wconf 88' lang='lat'>27</span> <span class='ocrx_word' id='word_1_534' title='bbox 1263 2313 1325 2341; x_wconf 88' lang='lat' dir='ltr'>quae</span> <span class='ocrx_word' id='word_1_535' title='bbox 1341 2302 1452 2330; x_wconf 85' lang='lat' dir='ltr'>honeste</span> <span class='ocrx_word' id='word_1_536' title='bbox 1468 2302 1492 2329; x_wconf 81' lang='lat' dir='ltr'>C</span> <span class='ocrx_word' id='word_1_537' title='bbox 1507 2301 1651 2338; x_wconf 67' lang='lat' dir='ltr'><em>honestaque</em></span> <span class='ocrx_word' id='word_1_538' title='bbox 1665 2299 1696 2327; x_wconf 89' lang='lat' dir='ltr'>H</span> <span class='ocrx_word' id='word_1_539' title='bbox 1710 2312 1736 2334; x_wconf 72' lang='lat' dir='ltr'>r,</span> <span class='ocrx_word' id='word_1_540' title='bbox 1749 2298 1774 2333; x_wconf 77' lang='grc' dir='ltr'>ψ</span> <span class='ocrx_word' id='word_1_541' title='bbox 1788 2299 1833 2328; x_wconf 80' lang='lat' dir='ltr'>ho·</span> 
     </span>
     <span class='ocr_line' id='line_1_112' title="bbox 1311 2342 1595 2380; baseline -0.007 -10"><span class='ocrx_word' id='word_1_542' title='bbox 1311 2344 1419 2380; x_wconf 63' lang='lat' dir='ltr'>nulleque</span> <span class='ocrx_word' id='word_1_543' title='bbox 1433 2355 1456 2379; x_wconf 85' lang='grc' dir='ltr'><strong>χ</strong></span> <span class='ocrx_word' id='word_1_544' title='bbox 1470 2351 1483 2378; x_wconf 88' lang='grc'>3</span> <span class='ocrx_word' id='word_1_545' title='bbox 1501 2342 1595 2378; x_wconf 66' lang='lat' dir='ltr'><em>housse</em></span> 
     </span>
    </p>

    <p class='ocr_par' dir='ltr' id='par_1_66' title="bbox 1206 2382 1679 2419">
     <span class='ocr_line' id='line_1_113' title="bbox 1206 2382 1679 2419; baseline -0.006 -8"><span class='ocrx_word' id='word_1_546' title='bbox 1206 2397 1244 2405; x_wconf 93' lang='lat'>—-</span> <span class='ocrx_word' id='word_1_547' title='bbox 1264 2382 1454 2412; x_wconf 74' lang='lat' dir='ltr'>nominaretur</span> <span class='ocrx_word' id='word_1_548' title='bbox 1465 2395 1487 2419; x_wconf 72' lang='grc' dir='ltr'><em>χ</em></span> <span class='ocrx_word' id='word_1_549' title='bbox 1505 2390 1514 2409; x_wconf 95' lang='grc' dir='ltr'>ι</span> <span class='ocrx_word' id='word_1_550' title='bbox 1533 2383 1679 2410; x_wconf 74' lang='lat' dir='ltr'>nominasur</span> 
     </span>
    </p>
   </div>
   <div class='ocr_carea' id='block_1_20' title="bbox 1355 1598 1441 1605">
    <p class='ocr_par' dir='ltr' id='par_1_67' title="bbox 1355 1598 1441 1605">
     <span class='ocr_line' id='line_1_114' title="bbox 1355 1598 1441 1605; baseline 0 0"><span class='ocrx_word' id='word_1_551' title='bbox 1355 1598 1441 1605; x_wconf 95' lang='lat' dir='ltr'> </span> 
     </span>
    </p>
   </div>
  </div>
 </body>
</html>
