<?xml version="1.0" encoding="UTF-8"?>
<!DOCTYPE html PUBLIC "-//W3C//DTD XHTML 1.0 Transitional//EN"
    "http://www.w3.org/TR/xhtml1/DTD/xhtml1-transitional.dtd">
<html xmlns="http://www.w3.org/1999/xhtml" xml:lang="en" lang="en">
 <head>
  <title>
</title>
<meta http-equiv="Content-Type" content="text/html;charset=utf-8" />
  <meta name='ocr-system' content='tesseract 3.04.00' />
  <meta name='ocr-capabilities' content='ocr_page ocr_carea ocr_par ocr_line ocrx_word'/>
</head>
<body>
  <div class='ocr_page' id='page_1' title='image "./operacumindicibu05ciceuoft_0089.png"; bbox 0 0 2212 2835; ppageno 0'>
   <div class='ocr_carea' id='block_1_1' title="bbox 685 171 1742 215">
    <p class='ocr_par' dir='ltr' id='par_1_1' title="bbox 685 171 1742 215">
     <span class='ocr_line' id='line_1_1' title="bbox 685 171 1742 215; baseline 0.006 -6"><span class='ocrx_word' id='word_1_1' title='bbox 685 171 820 209; x_wconf 86' lang='lat' dir='ltr'>PRO</span> <span class='ocrx_word' id='word_1_2' title='bbox 880 172 932 209; x_wconf 91' lang='lat' dir='ltr'>A.</span> <span class='ocrx_word' id='word_1_3' title='bbox 993 171 1400 212; x_wconf 90' lang='lat' dir='ltr'><strong>CLUENTIO.</strong></span> <span class='ocrx_word' id='word_1_4' title='bbox 1699 177 1742 215; x_wconf 71' lang='lat'>81</span> 
     </span>
    </p>
   </div>
   <div class='ocr_carea' id='block_1_2' title="bbox 349 268 1751 2579">
    <p class='ocr_par' dir='ltr' id='par_1_2' title="bbox 350 268 1751 1122">
     <span class='ocr_line' id='line_1_2' title="bbox 350 268 1750 325; baseline 0.002 -18"><span class='ocrx_word' id='word_1_5' title='bbox 350 269 461 307; x_wconf 83' lang='lat' dir='ltr'>vobis</span> <span class='ocrx_word' id='word_1_6' title='bbox 484 269 765 322; x_wconf 75' lang='lat' dir='ltr'>rempublicam</span> <span class='ocrx_word' id='word_1_7' title='bbox 788 278 826 308; x_wconf 93' lang='lat' dir='ltr'>et</span> <span class='ocrx_word' id='word_1_8' title='bbox 845 268 1018 308; x_wconf 80' lang='lat' dir='ltr'>fortunas</span> <span class='ocrx_word' id='word_1_9' title='bbox 1034 270 1114 309; x_wconf 80' lang='lat' dir='ltr'>suas</span> <span class='ocrx_word' id='word_1_10' title='bbox 1135 271 1363 310; x_wconf 70' lang='lat' dir='ltr'>commisisse</span> <span class='ocrx_word' id='word_1_11' title='bbox 1381 286 1389 310; x_wconf 92' lang='lat'>:</span> <span class='ocrx_word' id='word_1_12' title='bbox 1416 271 1542 325; x_wconf 86' lang='lat' dir='ltr'>ipsum</span> <span class='ocrx_word' id='word_1_13' title='bbox 1564 272 1640 310; x_wconf 84' lang='lat' dir='ltr'>fine</span> <span class='ocrx_word' id='word_1_14' title='bbox 1660 286 1750 311; x_wconf 81' lang='lat' dir='ltr'>cura</span> 
     </span>
     <span class='ocr_line' id='line_1_3' title="bbox 351 335 1749 391; baseline 0.003 -18"><span class='ocrx_word' id='word_1_15' title='bbox 351 335 421 373; x_wconf 81' lang='lat' dir='ltr'>effe</span> <span class='ocrx_word' id='word_1_16' title='bbox 440 351 448 374; x_wconf 77' lang='grc' dir='ltr'>ε</span> <span class='ocrx_word' id='word_1_17' title='bbox 481 350 559 374; x_wconf 88' lang='lat' dir='ltr'>non</span> <span class='ocrx_word' id='word_1_18' title='bbox 582 345 766 380; x_wconf 81' lang='lat' dir='ltr'>metuere,</span> <span class='ocrx_word' id='word_1_19' title='bbox 797 349 845 373; x_wconf 92' lang='lat' dir='ltr'>ne</span> <span class='ocrx_word' id='word_1_20' title='bbox 865 336 950 388; x_wconf 86' lang='lat' dir='ltr'>lege</span> <span class='ocrx_word' id='word_1_21' title='bbox 969 350 1025 381; x_wconf 84' lang='lat' dir='ltr'>ea,</span> <span class='ocrx_word' id='word_1_22' title='bbox 1058 350 1176 389; x_wconf 83' lang='lat' dir='ltr'>quarn</span> <span class='ocrx_word' id='word_1_23' title='bbox 1198 351 1399 390; x_wconf 80' lang='lat' dir='ltr'>nunquam</span> <span class='ocrx_word' id='word_1_24' title='bbox 1420 338 1497 391; x_wconf 87' lang='lat' dir='ltr'>ipse</span> <span class='ocrx_word' id='word_1_25' title='bbox 1517 338 1678 391; x_wconf 84' lang='lat' dir='ltr'>jufferit,</span> <span class='ocrx_word' id='word_1_26' title='bbox 1711 348 1749 377; x_wconf 88' lang='lat' dir='ltr'>et</span> 
     </span>
     <span class='ocr_line' id='line_1_4' title="bbox 352 401 1748 459; baseline 0.004 -20"><span class='ocrx_word' id='word_1_27' title='bbox 352 403 572 455; x_wconf 77' lang='lat' dir='ltr'>quaestione,</span> <span class='ocrx_word' id='word_1_28' title='bbox 607 415 684 454; x_wconf 85' lang='lat' dir='ltr'>qua</span> <span class='ocrx_word' id='word_1_29' title='bbox 703 402 739 439; x_wconf 91' lang='lat' dir='ltr'>se</span> <span class='ocrx_word' id='word_1_30' title='bbox 760 401 930 440; x_wconf 86' lang='lat' dir='ltr'>solutum</span> <span class='ocrx_word' id='word_1_31' title='bbox 951 402 1198 455; x_wconf 86' lang='lat' dir='ltr'>liberumque</span> <span class='ocrx_word' id='word_1_32' title='bbox 1219 403 1289 441; x_wconf 81' lang='lat' dir='ltr'>esse</span> <span class='ocrx_word' id='word_1_33' title='bbox 1315 405 1532 450; x_wconf 79' lang='lat' dir='ltr'>arbitretur,</span> <span class='ocrx_word' id='word_1_34' title='bbox 1564 419 1632 459; x_wconf 87' lang='lat' dir='ltr'>per</span> <span class='ocrx_word' id='word_1_35' title='bbox 1652 418 1748 459; x_wconf 86' lang='lat' dir='ltr'>pau-</span> 
     </span>
     <span class='ocr_line' id='line_1_5' title="bbox 352 469 1747 522; baseline 0.003 -14"><span class='ocrx_word' id='word_1_36' title='bbox 352 483 416 508; x_wconf 87' lang='lat' dir='ltr'>cos</span> <span class='ocrx_word' id='word_1_37' title='bbox 441 470 593 521; x_wconf 80' lang='lat' dir='ltr'>judices</span> <span class='ocrx_word' id='word_1_38' title='bbox 625 469 865 522; x_wconf 83' lang='lat' dir='ltr'>astringatur.</span> <span class='ocrx_word' id='word_1_39' title='bbox 899 470 997 522; x_wconf 86' lang='lat' dir='ltr'>Agit</span> <span class='ocrx_word' id='word_1_40' title='bbox 1026 470 1132 508; x_wconf 88' lang='lat' dir='ltr'>enim</span> <span class='ocrx_word' id='word_1_41' title='bbox 1153 471 1203 509; x_wconf 88' lang='lat' dir='ltr'>fic</span> <span class='ocrx_word' id='word_1_42' title='bbox 1229 471 1379 509; x_wconf 82' lang='lat' dir='ltr'>causam</span> <span class='ocrx_word' id='word_1_43' title='bbox 1399 474 1453 510; x_wconf 92' lang='lat' dir='ltr'>T.</span> <span class='ocrx_word' id='word_1_44' title='bbox 1473 473 1622 518; x_wconf 79' lang='lat' dir='ltr'>Attius,</span> <span class='ocrx_word' id='word_1_45' title='bbox 1655 474 1747 512; x_wconf 83' lang='lat' dir='ltr'>ado-</span> 
     </span>
     <span class='ocr_line' id='line_1_6' title="bbox 352 535 1744 590; baseline 0.004 -17"><span class='ocrx_word' id='word_1_46' title='bbox 352 535 493 574; x_wconf 88' lang='lat' dir='ltr'>lescens</span> <span class='ocrx_word' id='word_1_47' title='bbox 514 535 639 574; x_wconf 89' lang='lat' dir='ltr'>bonus</span> <span class='ocrx_word' id='word_1_48' title='bbox 659 545 697 573; x_wconf 87' lang='lat' dir='ltr'>et</span> <span class='ocrx_word' id='word_1_49' title='bbox 718 535 891 581; x_wconf 81' lang='lat' dir='ltr'>disertus,</span> <span class='ocrx_word' id='word_1_50' title='bbox 923 550 1058 575; x_wconf 90' lang='lat' dir='ltr'>omnes</span> <span class='ocrx_word' id='word_1_51' title='bbox 1079 537 1181 575; x_wconf 86' lang='lat' dir='ltr'>cives</span> <span class='ocrx_word' id='word_1_52' title='bbox 1212 536 1362 590; x_wconf 87' lang='lat' dir='ltr'>legibus</span> <span class='ocrx_word' id='word_1_53' title='bbox 1391 539 1716 584; x_wconf 63' lang='lat' dir='ltr'>teneriomnibus</span> <span class='ocrx_word' id='word_1_54' title='bbox 1737 556 1744 578; x_wconf 93' lang='lat'>:</span> 
     </span>
     <span class='ocr_line' id='line_1_7' title="bbox 350 601 1747 648; baseline 0.004 -9"><span class='ocrx_word' id='word_1_55' title='bbox 350 615 417 640; x_wconf 90' lang='lat' dir='ltr'>vos</span> <span class='ocrx_word' id='word_1_56' title='bbox 437 601 650 647; x_wconf 82' lang='lat' dir='ltr'>attenditis,</span> <span class='ocrx_word' id='word_1_57' title='bbox 675 611 712 640; x_wconf 90' lang='lat' dir='ltr'>et</span> <span class='ocrx_word' id='word_1_58' title='bbox 732 603 872 641; x_wconf 86' lang='lat' dir='ltr'>auditis</span> <span class='ocrx_word' id='word_1_59' title='bbox 893 602 1055 648; x_wconf 84' lang='lat' dir='ltr'>filentio,</span> <span class='ocrx_word' id='word_1_60' title='bbox 1080 603 1176 642; x_wconf 87' lang='lat' dir='ltr'>ficut</span> <span class='ocrx_word' id='word_1_61' title='bbox 1196 602 1319 642; x_wconf 89' lang='lat' dir='ltr'>facere</span> <span class='ocrx_word' id='word_1_62' title='bbox 1339 603 1509 643; x_wconf 70' lang='lat' dir='ltr'>debetis.&gt;</span> <span class='ocrx_word' id='word_1_63' title='bbox 1529 607 1583 643; x_wconf 74' lang='lat' dir='ltr'>A.</span> <span class='ocrx_word' id='word_1_64' title='bbox 1600 605 1747 644; x_wconf 82' lang='lat' dir='ltr'>Cluen-</span> 
     </span>
     <span class='ocr_line' id='line_1_8' title="bbox 351 669 1747 725; baseline 0.003 -19"><span class='ocrx_word' id='word_1_65' title='bbox 351 669 442 714; x_wconf 85' lang='lat' dir='ltr'>tius,</span> <span class='ocrx_word' id='word_1_66' title='bbox 478 682 593 722; x_wconf 86' lang='lat' dir='ltr'>eques</span> <span class='ocrx_word' id='word_1_67' title='bbox 612 670 831 715; x_wconf 81' lang='lat' dir='ltr'>Romanus,</span> <span class='ocrx_word' id='word_1_68' title='bbox 866 669 1018 709; x_wconf 81' lang='lat' dir='ltr'>causam</span> <span class='ocrx_word' id='word_1_69' title='bbox 1044 670 1138 709; x_wconf 91' lang='lat' dir='ltr'>dicit</span> <span class='ocrx_word' id='word_1_70' title='bbox 1159 684 1201 708; x_wconf 84' lang='lat' dir='ltr'>ea</span> <span class='ocrx_word' id='word_1_71' title='bbox 1220 671 1318 724; x_wconf 86' lang='lat' dir='ltr'>lege,</span> <span class='ocrx_word' id='word_1_72' title='bbox 1347 685 1423 725; x_wconf 86' lang='lat' dir='ltr'>qua</span> <span class='ocrx_word' id='word_1_73' title='bbox 1442 671 1527 725; x_wconf 84' lang='lat' dir='ltr'>lege</span> <span class='ocrx_word' id='word_1_74' title='bbox 1547 672 1747 718; x_wconf 77' lang='lat' dir='ltr'>senatores,</span> 
     </span>
     <span class='ocr_line' id='line_1_9' title="bbox 350 733 1748 792; baseline 0.003 -19"><span class='ocrx_word' id='word_1_75' title='bbox 350 744 389 773; x_wconf 90' lang='lat' dir='ltr'>et</span> <span class='ocrx_word' id='word_1_76' title='bbox 409 735 451 781; x_wconf 89' lang='lat' dir='ltr'>ii,</span> <span class='ocrx_word' id='word_1_77' title='bbox 473 737 543 789; x_wconf 90' lang='lat' dir='ltr'>qui</span> <span class='ocrx_word' id='word_1_78' title='bbox 564 733 831 789; x_wconf 75' lang='lat' dir='ltr'>magistratum</span> <span class='ocrx_word' id='word_1_79' title='bbox 851 736 1085 784; x_wconf 86' lang='lat' dir='ltr'>habuerunt,</span> <span class='ocrx_word' id='word_1_80' title='bbox 1114 737 1183 776; x_wconf 91' lang='lat' dir='ltr'>soli</span> <span class='ocrx_word' id='word_1_81' title='bbox 1211 747 1416 778; x_wconf 84' lang='lat' dir='ltr'>tenentur:</span> <span class='ocrx_word' id='word_1_82' title='bbox 1449 737 1550 777; x_wconf 91' lang='lat' dir='ltr'>mihi</span> <span class='ocrx_word' id='word_1_83' title='bbox 1568 751 1637 792; x_wconf 88' lang='lat' dir='ltr'>per</span> <span class='ocrx_word' id='word_1_84' title='bbox 1657 752 1748 778; x_wconf 87' lang='lat' dir='ltr'>eum</span> 
     </span>
     <span class='ocr_line' id='line_1_10' title="bbox 351 803 1747 857; baseline 0.004 -17"><span class='ocrx_word' id='word_1_85' title='bbox 351 803 533 849; x_wconf 88' lang='lat' dir='ltr'>recusare,</span> <span class='ocrx_word' id='word_1_86' title='bbox 565 813 604 842; x_wconf 90' lang='lat' dir='ltr'>et</span> <span class='ocrx_word' id='word_1_87' title='bbox 624 804 664 841; x_wconf 89' lang='lat' dir='ltr'>in</span> <span class='ocrx_word' id='word_1_88' title='bbox 695 817 781 842; x_wconf 86' lang='lat' dir='ltr'>arce</span> <span class='ocrx_word' id='word_1_89' title='bbox 811 804 906 857; x_wconf 85' lang='lat' dir='ltr'>legis</span> <span class='ocrx_word' id='word_1_90' title='bbox 938 804 1106 857; x_wconf 84' lang='lat' dir='ltr'>praefidia</span> <span class='ocrx_word' id='word_1_91' title='bbox 1125 805 1352 844; x_wconf 90' lang='lat' dir='ltr'>constituere</span> <span class='ocrx_word' id='word_1_92' title='bbox 1377 805 1607 844; x_wconf 65' lang='lat' dir='ltr'>defentionis</span> <span class='ocrx_word' id='word_1_93' title='bbox 1638 820 1747 852; x_wconf 78' lang='lat' dir='ltr'>meae,</span> 
     </span>
     <span class='ocr_line' id='line_1_11' title="bbox 351 869 1751 926; baseline 0.003 -19"><span class='ocrx_word' id='word_1_94' title='bbox 351 883 429 908; x_wconf 89' lang='lat' dir='ltr'>non</span> <span class='ocrx_word' id='word_1_95' title='bbox 449 869 554 909; x_wconf 88' lang='lat' dir='ltr'>licet.</span> <span class='ocrx_word' id='word_1_96' title='bbox 588 870 625 908; x_wconf 91' lang='lat' dir='ltr'>Si</span> <span class='ocrx_word' id='word_1_97' title='bbox 646 870 859 909; x_wconf 78' lang='lat' dir='ltr'>obtinuerit</span> <span class='ocrx_word' id='word_1_98' title='bbox 879 870 1031 909; x_wconf 85' lang='lat' dir='ltr'>causam</span> <span class='ocrx_word' id='word_1_99' title='bbox 1053 871 1273 918; x_wconf 86' lang='lat' dir='ltr'>Cluentius,</span> <span class='ocrx_word' id='word_1_100' title='bbox 1304 871 1416 911; x_wconf 82' lang='lat' dir='ltr'>sicuti</span> <span class='ocrx_word' id='word_1_101' title='bbox 1436 872 1554 911; x_wconf 89' lang='lat' dir='ltr'>vestra</span> <span class='ocrx_word' id='word_1_102' title='bbox 1570 873 1751 926; x_wconf 84' lang='lat' dir='ltr'>aequitate</span> 
     </span>
     <span class='ocr_line' id='line_1_12' title="bbox 351 936 1746 994; baseline 0.003 -20"><span class='ocrx_word' id='word_1_103' title='bbox 351 936 435 974; x_wconf 88' lang='lat' dir='ltr'>nixi</span> <span class='ocrx_word' id='word_1_104' title='bbox 455 936 705 982; x_wconf 84' lang='lat' dir='ltr'>confidimus,</span> <span class='ocrx_word' id='word_1_105' title='bbox 727 936 1018 982; x_wconf 83' lang='lat' dir='ltr'>existimabunt,</span> <span class='ocrx_word' id='word_1_106' title='bbox 1054 938 1094 976; x_wconf 89' lang='lat' dir='ltr'>id</span> <span class='ocrx_word' id='word_1_107' title='bbox 1123 939 1228 992; x_wconf 90' lang='lat' dir='ltr'>quod</span> <span class='ocrx_word' id='word_1_108' title='bbox 1255 940 1340 984; x_wconf 91' lang='lat' dir='ltr'>erit,</span> <span class='ocrx_word' id='word_1_109' title='bbox 1368 940 1574 978; x_wconf 74' lang='lat' dir='ltr'>obtinuisse</span> <span class='ocrx_word' id='word_1_110' title='bbox 1594 949 1746 994; x_wconf 85' lang='lat' dir='ltr'>propter</span> 
     </span>
     <span class='ocr_line' id='line_1_13' title="bbox 352 1003 1749 1059; baseline 0.003 -18"><span class='ocrx_word' id='word_1_111' title='bbox 352 1003 631 1049; x_wconf 87' lang='lat' dir='ltr'>innocentiam,</span> <span class='ocrx_word' id='word_1_112' title='bbox 654 1004 840 1056; x_wconf 87' lang='lat' dir='ltr'>quoniam</span> <span class='ocrx_word' id='word_1_113' title='bbox 867 1004 920 1042; x_wconf 90' lang='lat' dir='ltr'>ita</span> <span class='ocrx_word' id='word_1_114' title='bbox 950 1003 1124 1043; x_wconf 90' lang='lat' dir='ltr'>defensus</span> <span class='ocrx_word' id='word_1_115' title='bbox 1159 1005 1231 1050; x_wconf 86' lang='lat' dir='ltr'>fit;</span> <span class='ocrx_word' id='word_1_116' title='bbox 1263 1005 1304 1043; x_wconf 89' lang='lat' dir='ltr'>in</span> <span class='ocrx_word' id='word_1_117' title='bbox 1335 1005 1419 1058; x_wconf 86' lang='lat' dir='ltr'>lege</span> <span class='ocrx_word' id='word_1_118' title='bbox 1449 1016 1592 1052; x_wconf 83' lang='lat' dir='ltr'>autem,</span> <span class='ocrx_word' id='word_1_119' title='bbox 1629 1020 1749 1059; x_wconf 82' lang='lat' dir='ltr'>quam</span> 
     </span>
     <span class='ocr_line' id='line_1_14' title="bbox 351 1069 1186 1122; baseline 0.002 -15"><span class='ocrx_word' id='word_1_120' title='bbox 351 1070 538 1122; x_wconf 84' lang='lat' dir='ltr'>attingere</span> <span class='ocrx_word' id='word_1_121' title='bbox 558 1070 739 1115; x_wconf 90' lang='lat' dir='ltr'>noluerit,</span> <span class='ocrx_word' id='word_1_122' title='bbox 760 1070 922 1122; x_wconf 88' lang='lat' dir='ltr'>praefidii</span> <span class='ocrx_word' id='word_1_123' title='bbox 942 1069 1042 1109; x_wconf 86' lang='lat' dir='ltr'>nihil</span> <span class='ocrx_word' id='word_1_124' title='bbox 1061 1070 1186 1110; x_wconf 81' lang='lat' dir='ltr'>fuiffe.</span> 
     </span>
    </p>

    <p class='ocr_par' dir='ltr' id='par_1_3' title="bbox 349 1136 1749 2444">
     <span class='ocr_line' id='line_1_15' title="bbox 407 1136 1748 1192; baseline 0.002 -17"><span class='ocrx_word' id='word_1_125' title='bbox 407 1137 491 1175; x_wconf 91' lang='lat' dir='ltr'>Hic</span> <span class='ocrx_word' id='word_1_126' title='bbox 512 1149 616 1175; x_wconf 89' lang='lat' dir='ltr'>nunc</span> <span class='ocrx_word' id='word_1_127' title='bbox 637 1136 690 1174; x_wconf 91' lang='lat' dir='ltr'>est</span> <span class='ocrx_word' id='word_1_128' title='bbox 723 1136 925 1188; x_wconf 86' lang='lat' dir='ltr'>quiddam,</span> <span class='ocrx_word' id='word_1_129' title='bbox 961 1137 1067 1190; x_wconf 88' lang='lat' dir='ltr'>quod</span> <span class='ocrx_word' id='word_1_130' title='bbox 1086 1137 1132 1175; x_wconf 91' lang='lat' dir='ltr'>ad</span> <span class='ocrx_word' id='word_1_131' title='bbox 1153 1150 1216 1175; x_wconf 88' lang='lat' dir='ltr'>me</span> <span class='ocrx_word' id='word_1_132' title='bbox 1236 1137 1437 1191; x_wconf 83' lang='lat' dir='ltr'>pertineat,</span> <span class='ocrx_word' id='word_1_133' title='bbox 1474 1139 1520 1177; x_wconf 91' lang='lat' dir='ltr'>de</span> <span class='ocrx_word' id='word_1_134' title='bbox 1553 1152 1632 1192; x_wconf 87' lang='lat' dir='ltr'>quo</span> <span class='ocrx_word' id='word_1_135' title='bbox 1661 1148 1748 1178; x_wconf 84' lang='lat' dir='ltr'>ante</span> 
     </span>
     <span class='ocr_line' id='line_1_16' title="bbox 351 1202 1748 1258; baseline 0.001 -16"><span class='ocrx_word' id='word_1_136' title='bbox 351 1203 447 1248; x_wconf 86' lang='lat' dir='ltr'>dixi,</span> <span class='ocrx_word' id='word_1_137' title='bbox 469 1204 576 1256; x_wconf 92' lang='lat' dir='ltr'>quod</span> <span class='ocrx_word' id='word_1_138' title='bbox 595 1215 666 1255; x_wconf 88' lang='lat' dir='ltr'>ego</span> <span class='ocrx_word' id='word_1_139' title='bbox 686 1202 833 1256; x_wconf 91' lang='lat' dir='ltr'>populo</span> <span class='ocrx_word' id='word_1_140' title='bbox 864 1204 1046 1242; x_wconf 86' lang='lat' dir='ltr'>Romano</span> <span class='ocrx_word' id='word_1_141' title='bbox 1079 1203 1251 1257; x_wconf 87' lang='lat' dir='ltr'>praestare</span> <span class='ocrx_word' id='word_1_142' title='bbox 1285 1204 1461 1251; x_wconf 89' lang='lat' dir='ltr'>debeam,</span> <span class='ocrx_word' id='word_1_143' title='bbox 1495 1206 1683 1258; x_wconf 87' lang='lat' dir='ltr'>quoniam</span> <span class='ocrx_word' id='word_1_144' title='bbox 1716 1207 1748 1245; x_wconf 83' lang='lat' dir='ltr'>is</span> 
     </span>
     <span class='ocr_line' id='line_1_17' title="bbox 351 1269 1749 1325; baseline 0.002 -18"><span class='ocrx_word' id='word_1_145' title='bbox 351 1283 446 1308; x_wconf 87' lang='lat' dir='ltr'>meae</span> <span class='ocrx_word' id='word_1_146' title='bbox 467 1270 553 1308; x_wconf 86' lang='lat' dir='ltr'>vitae</span> <span class='ocrx_word' id='word_1_147' title='bbox 573 1269 690 1308; x_wconf 87' lang='lat' dir='ltr'>status</span> <span class='ocrx_word' id='word_1_148' title='bbox 724 1269 791 1315; x_wconf 88' lang='lat' dir='ltr'>est,</span> <span class='ocrx_word' id='word_1_149' title='bbox 823 1278 867 1308; x_wconf 90' lang='lat' dir='ltr'>ut</span> <span class='ocrx_word' id='word_1_150' title='bbox 897 1270 1025 1309; x_wconf 89' lang='lat' dir='ltr'>omnis</span> <span class='ocrx_word' id='word_1_151' title='bbox 1046 1269 1148 1309; x_wconf 91' lang='lat' dir='ltr'>mihi</span> <span class='ocrx_word' id='word_1_152' title='bbox 1168 1284 1259 1310; x_wconf 82' lang='lat' dir='ltr'>cura</span> <span class='ocrx_word' id='word_1_153' title='bbox 1277 1280 1393 1324; x_wconf 78' lang='lat' dir='ltr'>atque</span> <span class='ocrx_word' id='word_1_154' title='bbox 1416 1285 1528 1325; x_wconf 88' lang='lat' dir='ltr'>opera</span> <span class='ocrx_word' id='word_1_155' title='bbox 1553 1272 1671 1325; x_wconf 83' lang='lat' dir='ltr'>posita</span> <span class='ocrx_word' id='word_1_156' title='bbox 1705 1273 1749 1311; x_wconf 79' lang='lat' dir='ltr'>fit</span> 
     </span>
     <span class='ocr_line' id='line_1_18' title="bbox 349 1337 1747 1394; baseline 0.002 -18"><span class='ocrx_word' id='word_1_157' title='bbox 349 1338 392 1376; x_wconf 90' lang='lat' dir='ltr'>in</span> <span class='ocrx_word' id='word_1_158' title='bbox 412 1339 596 1377; x_wconf 88' lang='lat' dir='ltr'>omnium</span> <span class='ocrx_word' id='word_1_159' title='bbox 614 1337 796 1391; x_wconf 85' lang='lat' dir='ltr'>periculis</span> <span class='ocrx_word' id='word_1_160' title='bbox 827 1337 1093 1378; x_wconf 89' lang='lat' dir='ltr'>defendendis.</span> <span class='ocrx_word' id='word_1_161' title='bbox 1126 1339 1265 1386; x_wconf 90' lang='lat' dir='ltr'>Video,</span> <span class='ocrx_word' id='word_1_162' title='bbox 1287 1349 1444 1393; x_wconf 86' lang='lat' dir='ltr'>quanta,</span> <span class='ocrx_word' id='word_1_163' title='bbox 1480 1349 1518 1379; x_wconf 90' lang='lat' dir='ltr'>et</span> <span class='ocrx_word' id='word_1_164' title='bbox 1539 1354 1657 1394; x_wconf 89' lang='lat' dir='ltr'>quam</span> <span class='ocrx_word' id='word_1_165' title='bbox 1678 1355 1747 1394; x_wconf 77' lang='lat' dir='ltr'>pe=</span> 
     </span>
     <span class='ocr_line' id='line_1_19' title="bbox 349 1404 1746 1459; baseline 0.002 -16"><span class='ocrx_word' id='word_1_166' title='bbox 349 1405 523 1451; x_wconf 87' lang='lat' dir='ltr'>riculosa,</span> <span class='ocrx_word' id='word_1_167' title='bbox 555 1414 594 1444; x_wconf 89' lang='lat' dir='ltr'>et</span> <span class='ocrx_word' id='word_1_168' title='bbox 628 1419 747 1458; x_wconf 87' lang='lat' dir='ltr'>quam</span> <span class='ocrx_word' id='word_1_169' title='bbox 776 1404 940 1451; x_wconf 86' lang='lat' dir='ltr'>infinita,</span> <span class='ocrx_word' id='word_1_170' title='bbox 982 1406 1141 1459; x_wconf 85' lang='lat' dir='ltr'>quaestio</span> <span class='ocrx_word' id='word_1_171' title='bbox 1173 1415 1342 1445; x_wconf 90' lang='lat' dir='ltr'>tentetur</span> <span class='ocrx_word' id='word_1_172' title='bbox 1372 1407 1418 1446; x_wconf 91' lang='lat' dir='ltr'>ab</span> <span class='ocrx_word' id='word_1_173' title='bbox 1449 1407 1746 1453; x_wconf 79' lang='lat' dir='ltr'>accusatoribus,</span> 
     </span>
     <span class='ocr_line' id='line_1_20' title="bbox 349 1472 1747 1528; baseline 0.002 -18"><span class='ocrx_word' id='word_1_174' title='bbox 349 1485 443 1511; x_wconf 88' lang='lat' dir='ltr'>cum</span> <span class='ocrx_word' id='word_1_175' title='bbox 463 1486 547 1512; x_wconf 89' lang='lat' dir='ltr'>eam</span> <span class='ocrx_word' id='word_1_176' title='bbox 568 1472 712 1526; x_wconf 87' lang='lat' dir='ltr'>legem,</span> <span class='ocrx_word' id='word_1_177' title='bbox 733 1487 819 1526; x_wconf 84' lang='lat' dir='ltr'>quae</span> <span class='ocrx_word' id='word_1_178' title='bbox 839 1473 880 1511; x_wconf 92' lang='lat' dir='ltr'>in</span> <span class='ocrx_word' id='word_1_179' title='bbox 901 1472 1074 1511; x_wconf 88' lang='lat' dir='ltr'>nostrum</span> <span class='ocrx_word' id='word_1_180' title='bbox 1094 1473 1271 1512; x_wconf 87' lang='lat' dir='ltr'>ordinem</span> <span class='ocrx_word' id='word_1_181' title='bbox 1302 1473 1440 1527; x_wconf 86' lang='lat' dir='ltr'>scripta</span> <span class='ocrx_word' id='word_1_182' title='bbox 1460 1475 1518 1520; x_wconf 87' lang='lat' dir='ltr'>fit,</span> <span class='ocrx_word' id='word_1_183' title='bbox 1549 1475 1591 1513; x_wconf 92' lang='lat' dir='ltr'>in</span> <span class='ocrx_word' id='word_1_184' title='bbox 1620 1488 1747 1528; x_wconf 88' lang='lat' dir='ltr'>popu-</span> 
     </span>
     <span class='ocr_line' id='line_1_21' title="bbox 350 1538 1745 1595; baseline 0.003 -19"><span class='ocrx_word' id='word_1_185' title='bbox 350 1538 436 1577; x_wconf 91' lang='lat' dir='ltr'>lum</span> <span class='ocrx_word' id='word_1_186' title='bbox 457 1539 684 1577; x_wconf 86' lang='lat' dir='ltr'>Romanum</span> <span class='ocrx_word' id='word_1_187' title='bbox 705 1538 910 1577; x_wconf 85' lang='lat' dir='ltr'>transferre</span> <span class='ocrx_word' id='word_1_188' title='bbox 929 1549 1132 1578; x_wconf 86' lang='lat' dir='ltr'>conentur.</span> <span class='ocrx_word' id='word_1_189' title='bbox 1165 1540 1256 1590; x_wconf 83' lang='lat' dir='ltr'>Qa</span> <span class='ocrx_word' id='word_1_190' title='bbox 1276 1540 1315 1578; x_wconf 92' lang='lat' dir='ltr'>in</span> <span class='ocrx_word' id='word_1_191' title='bbox 1336 1539 1421 1593; x_wconf 84' lang='lat' dir='ltr'>lege</span> <span class='ocrx_word' id='word_1_192' title='bbox 1439 1541 1506 1585; x_wconf 86' lang='lat' dir='ltr'>est,</span> <span class='ocrx_word' id='word_1_193' title='bbox 1524 1542 1588 1595; x_wconf 84' lang='lat' dir='ltr'>qui</span> <span class='ocrx_word' id='word_1_194' title='bbox 1603 1542 1745 1580; x_wconf 79' lang='lat' dir='ltr'>coierit:</span> 
     </span>
     <span class='ocr_line' id='line_1_22' title="bbox 351 1605 1749 1660; baseline 0.004 -18"><span class='ocrx_word' id='word_1_195' title='bbox 351 1605 457 1657; x_wconf 89' lang='lat' dir='ltr'>quod</span> <span class='ocrx_word' id='word_1_196' title='bbox 477 1619 594 1658; x_wconf 86' lang='lat' dir='ltr'>quam</span> <span class='ocrx_word' id='word_1_197' title='bbox 615 1605 690 1643; x_wconf 85' lang='lat' dir='ltr'>late</span> <span class='ocrx_word' id='word_1_198' title='bbox 710 1614 850 1658; x_wconf 86' lang='lat' dir='ltr'>pateat,</span> <span class='ocrx_word' id='word_1_199' title='bbox 882 1606 1035 1644; x_wconf 82' lang='lat' dir='ltr'>videtis.</span> <span class='ocrx_word' id='word_1_200' title='bbox 1069 1607 1314 1645; x_wconf 74' lang='lat' dir='ltr'>Convenerit:</span> <span class='ocrx_word' id='word_1_201' title='bbox 1346 1621 1453 1660; x_wconf 83' lang='lat' dir='ltr'>aeque</span> <span class='ocrx_word' id='word_1_202' title='bbox 1478 1607 1679 1647; x_wconf 87' lang='lat' dir='ltr'>infinitum</span> <span class='ocrx_word' id='word_1_203' title='bbox 1711 1618 1749 1647; x_wconf 91' lang='lat' dir='ltr'>et</span> 
     </span>
     <span class='ocr_line' id='line_1_23' title="bbox 351 1671 1746 1726; baseline 0.004 -17"><span class='ocrx_word' id='word_1_204' title='bbox 351 1672 543 1710; x_wconf 87' lang='lat' dir='ltr'>incertum</span> <span class='ocrx_word' id='word_1_205' title='bbox 564 1672 629 1710; x_wconf 88' lang='lat' dir='ltr'>est.</span> <span class='ocrx_word' id='word_1_206' title='bbox 664 1673 908 1726; x_wconf 67' lang='lat' dir='ltr'>Consetfirit:</span> <span class='ocrx_word' id='word_1_207' title='bbox 939 1671 1014 1711; x_wconf 92' lang='lat' dir='ltr'>hoc</span> <span class='ocrx_word' id='word_1_208' title='bbox 1037 1687 1124 1711; x_wconf 88' lang='lat' dir='ltr'>vero</span> <span class='ocrx_word' id='word_1_209' title='bbox 1145 1687 1237 1711; x_wconf 90' lang='lat' dir='ltr'>cum</span> <span class='ocrx_word' id='word_1_210' title='bbox 1258 1673 1450 1712; x_wconf 88' lang='lat' dir='ltr'>incertum</span> <span class='ocrx_word' id='word_1_211' title='bbox 1470 1683 1509 1713; x_wconf 88' lang='lat' dir='ltr'>et</span> <span class='ocrx_word' id='word_1_212' title='bbox 1529 1675 1746 1721; x_wconf 89' lang='lat' dir='ltr'>infinitum,</span> 
     </span>
     <span class='ocr_line' id='line_1_24' title="bbox 351 1738 1746 1794; baseline 0.004 -19"><span class='ocrx_word' id='word_1_213' title='bbox 351 1748 436 1776; x_wconf 90' lang='lat' dir='ltr'>tum</span> <span class='ocrx_word' id='word_1_214' title='bbox 469 1738 677 1776; x_wconf 87' lang='lat' dir='ltr'>obscurum</span> <span class='ocrx_word' id='word_1_215' title='bbox 708 1748 746 1776; x_wconf 90' lang='lat' dir='ltr'>et</span> <span class='ocrx_word' id='word_1_216' title='bbox 779 1739 980 1778; x_wconf 86' lang='lat' dir='ltr'>occultum</span> <span class='ocrx_word' id='word_1_217' title='bbox 1012 1740 1079 1778; x_wconf 91' lang='lat' dir='ltr'>est.</span> <span class='ocrx_word' id='word_1_218' title='bbox 1116 1741 1309 1794; x_wconf 55' lang='lat' dir='ltr'>Fqffizmve</span> <span class='ocrx_word' id='word_1_219' title='bbox 1342 1741 1569 1794; x_wconf 75' lang='lat' dir='ltr'>testimonium</span> <span class='ocrx_word' id='word_1_220' title='bbox 1599 1741 1746 1781; x_wconf 78' lang='lat' dir='ltr'>dixerit.</span> 
     </span>
     <span class='ocr_line' id='line_1_25' title="bbox 351 1805 1748 1861; baseline 0.004 -18"><span class='ocrx_word' id='word_1_221' title='bbox 351 1806 451 1857; x_wconf 86' lang='lat' dir='ltr'>Qis</span> <span class='ocrx_word' id='word_1_222' title='bbox 473 1805 520 1844; x_wconf 92' lang='lat' dir='ltr'>de</span> <span class='ocrx_word' id='word_1_223' title='bbox 540 1805 652 1859; x_wconf 89' lang='lat' dir='ltr'>plebe</span> <span class='ocrx_word' id='word_1_224' title='bbox 674 1807 852 1844; x_wconf 85' lang='lat' dir='ltr'>Romana</span> <span class='ocrx_word' id='word_1_225' title='bbox 873 1806 1138 1846; x_wconf 83' lang='lat' dir='ltr'>testimonium</span> <span class='ocrx_word' id='word_1_226' title='bbox 1156 1808 1257 1847; x_wconf 84' lang='lat' dir='ltr'>dixit</span> <span class='ocrx_word' id='word_1_227' title='bbox 1278 1821 1466 1861; x_wconf 85' lang='lat' dir='ltr'>unquam,</span> <span class='ocrx_word' id='word_1_228' title='bbox 1488 1809 1553 1847; x_wconf 88' lang='lat' dir='ltr'>cui</span> <span class='ocrx_word' id='word_1_229' title='bbox 1573 1823 1651 1848; x_wconf 93' lang='lat' dir='ltr'>non</span> <span class='ocrx_word' id='word_1_230' title='bbox 1672 1808 1748 1849; x_wconf 90' lang='lat' dir='ltr'>hoc</span> 
     </span>
     <span class='ocr_line' id='line_1_26' title="bbox 350 1872 1747 1927; baseline 0.004 -17"><span class='ocrx_word' id='word_1_231' title='bbox 350 1872 583 1925; x_wconf 87' lang='lat' dir='ltr'>periculum,</span> <span class='ocrx_word' id='word_1_232' title='bbox 606 1874 659 1911; x_wconf 91' lang='lat' dir='ltr'>T.</span> <span class='ocrx_word' id='word_1_233' title='bbox 682 1873 794 1912; x_wconf 85' lang='lat' dir='ltr'>Attio</span> <span class='ocrx_word' id='word_1_234' title='bbox 814 1875 979 1919; x_wconf 54' lang='lat' dir='ltr'>auctore,</span> <span class='ocrx_word' id='word_1_235' title='bbox 1011 1883 1188 1927; x_wconf 83' lang='lat' dir='ltr'>paratum</span> <span class='ocrx_word' id='word_1_236' title='bbox 1220 1874 1292 1913; x_wconf 79' lang='lat' dir='ltr'>effe</span> <span class='ocrx_word' id='word_1_237' title='bbox 1313 1875 1468 1913; x_wconf 82' lang='lat' dir='ltr'>videatis</span> <span class='ocrx_word' id='word_1_238' title='bbox 1487 1875 1500 1913; x_wconf 87' lang='lat'>?</span> <span class='ocrx_word' id='word_1_239' title='bbox 1533 1876 1640 1915; x_wconf 91' lang='lat' dir='ltr'>Nam</span> <span class='ocrx_word' id='word_1_240' title='bbox 1661 1876 1747 1915; x_wconf 91' lang='lat' dir='ltr'>dic-</span> 
     </span>
     <span class='ocr_line' id='line_1_27' title="bbox 353 1939 1748 1996; baseline 0.004 -20"><span class='ocrx_word' id='word_1_241' title='bbox 353 1949 483 1977; x_wconf 85' lang='lat' dir='ltr'>turum</span> <span class='ocrx_word' id='word_1_242' title='bbox 505 1939 666 1992; x_wconf 84' lang='lat' dir='ltr'>quidem</span> <span class='ocrx_word' id='word_1_243' title='bbox 689 1949 802 1985; x_wconf 89' lang='lat' dir='ltr'>certe,</span> <span class='ocrx_word' id='word_1_244' title='bbox 821 1940 846 1978; x_wconf 90' lang='lat' dir='ltr'>fi</span> <span class='ocrx_word' id='word_1_245' title='bbox 862 1939 938 1979; x_wconf 90' lang='lat' dir='ltr'>hoc</span> <span class='ocrx_word' id='word_1_246' title='bbox 953 1941 1151 1993; x_wconf 85' lang='lat' dir='ltr'>judicium</span> <span class='ocrx_word' id='word_1_247' title='bbox 1172 1941 1278 1995; x_wconf 87' lang='lat' dir='ltr'>plebi</span> <span class='ocrx_word' id='word_1_248' title='bbox 1299 1942 1486 1980; x_wconf 79' lang='lat' dir='ltr'>Romanae</span> <span class='ocrx_word' id='word_1_249' title='bbox 1507 1943 1748 1996; x_wconf 84' lang='lat' dir='ltr'>propofitum</span> 
     </span>
     <span class='ocr_line' id='line_1_28' title="bbox 352 2007 1746 2062; baseline 0.003 -18"><span class='ocrx_word' id='word_1_250' title='bbox 352 2007 410 2051; x_wconf 74' lang='lat' dir='ltr'>iit,</span> <span class='ocrx_word' id='word_1_251' title='bbox 428 2008 627 2045; x_wconf 89' lang='lat' dir='ltr'>nerninem</span> <span class='ocrx_word' id='word_1_252' title='bbox 645 2021 817 2060; x_wconf 87' lang='lat' dir='ltr'>unquam</span> <span class='ocrx_word' id='word_1_253' title='bbox 839 2007 908 2046; x_wconf 85' lang='lat' dir='ltr'>effe</span> <span class='ocrx_word' id='word_1_254' title='bbox 928 2008 1132 2048; x_wconf 86' lang='lat' dir='ltr'>confirmo.</span> <span class='ocrx_word' id='word_1_255' title='bbox 1161 2009 1232 2048; x_wconf 88' lang='lat' dir='ltr'>Sed</span> <span class='ocrx_word' id='word_1_256' title='bbox 1253 2008 1328 2047; x_wconf 93' lang='lat' dir='ltr'>hoc</span> <span class='ocrx_word' id='word_1_257' title='bbox 1345 2010 1532 2062; x_wconf 82' lang='lat' dir='ltr'>polliceor</span> <span class='ocrx_word' id='word_1_258' title='bbox 1546 2010 1746 2056; x_wconf 79' lang='lat' dir='ltr'>omnibus,</span> 
     </span>
     <span class='ocr_line' id='line_1_29' title="bbox 354 2072 1745 2129; baseline 0.004 -19"><span class='ocrx_word' id='word_1_259' title='bbox 354 2073 378 2110; x_wconf 80' lang='lat' dir='ltr'>fi</span> <span class='ocrx_word' id='word_1_260' title='bbox 399 2074 462 2111; x_wconf 89' lang='lat' dir='ltr'>cui</span> <span class='ocrx_word' id='word_1_261' title='bbox 484 2073 581 2112; x_wconf 87' lang='lat' dir='ltr'>forte</span> <span class='ocrx_word' id='word_1_262' title='bbox 601 2072 672 2112; x_wconf 84' lang='lat' dir='ltr'>hac</span> <span class='ocrx_word' id='word_1_263' title='bbox 693 2075 776 2128; x_wconf 87' lang='lat' dir='ltr'>lege</span> <span class='ocrx_word' id='word_1_264' title='bbox 796 2075 1000 2128; x_wconf 82' lang='lat' dir='ltr'>negotium</span> <span class='ocrx_word' id='word_1_265' title='bbox 1022 2075 1233 2121; x_wconf 78' lang='lat' dir='ltr'>facessetur,</span> <span class='ocrx_word' id='word_1_266' title='bbox 1267 2077 1335 2129; x_wconf 89' lang='lat' dir='ltr'>qui</span> <span class='ocrx_word' id='word_1_267' title='bbox 1357 2077 1439 2129; x_wconf 84' lang='lat' dir='ltr'>lege</span> <span class='ocrx_word' id='word_1_268' title='bbox 1460 2090 1539 2115; x_wconf 88' lang='lat' dir='ltr'>non</span> <span class='ocrx_word' id='word_1_269' title='bbox 1561 2086 1745 2122; x_wconf 85' lang='lat' dir='ltr'>teneatur,</span> 
     </span>
     <span class='ocr_line' id='line_1_30' title="bbox 353 2139 1745 2196; baseline 0.004 -20"><span class='ocrx_word' id='word_1_270' title='bbox 353 2139 379 2176; x_wconf 86' lang='lat' dir='ltr'><strong>fi</strong></span> <span class='ocrx_word' id='word_1_271' title='bbox 399 2141 429 2178; x_wconf 91' lang='lat' dir='ltr'>is</span> <span class='ocrx_word' id='word_1_272' title='bbox 452 2141 509 2178; x_wconf 91' lang='lat' dir='ltr'>uti</span> <span class='ocrx_word' id='word_1_273' title='bbox 529 2154 592 2178; x_wconf 91' lang='lat' dir='ltr'>me</span> <span class='ocrx_word' id='word_1_274' title='bbox 613 2140 807 2180; x_wconf 90' lang='lat' dir='ltr'>defensore</span> <span class='ocrx_word' id='word_1_275' title='bbox 827 2142 1007 2188; x_wconf 90' lang='lat' dir='ltr'>voluerit,</span> <span class='ocrx_word' id='word_1_276' title='bbox 1024 2157 1087 2181; x_wconf 89' lang='lat' dir='ltr'>me</span> <span class='ocrx_word' id='word_1_277' title='bbox 1105 2144 1136 2195; x_wconf 90' lang='lat' dir='ltr'>ej</span> <span class='ocrx_word' id='word_1_278' title='bbox 1145 2157 1186 2181; x_wconf 84' lang='lat' dir='ltr'>us</span> <span class='ocrx_word' id='word_1_279' title='bbox 1207 2143 1357 2181; x_wconf 82' lang='lat' dir='ltr'>causam</span> <span class='ocrx_word' id='word_1_280' title='bbox 1375 2143 1469 2196; x_wconf 84' lang='lat' dir='ltr'>legis</span> <span class='ocrx_word' id='word_1_281' title='bbox 1487 2143 1657 2196; x_wconf 86' lang='lat' dir='ltr'>praefidio</span> <span class='ocrx_word' id='word_1_282' title='bbox 1677 2144 1745 2181; x_wconf 87' lang='lat' dir='ltr'>de-</span> 
     </span>
     <span class='ocr_line' id='line_1_31' title="bbox 352 2205 1747 2262; baseline 0.002 -19"><span class='ocrx_word' id='word_1_283' title='bbox 352 2205 576 2252; x_wconf 83' lang='lat' dir='ltr'>fensurum3</span> <span class='ocrx_word' id='word_1_284' title='bbox 621 2218 660 2246; x_wconf 89' lang='lat' dir='ltr'>et</span> <span class='ocrx_word' id='word_1_285' title='bbox 695 2208 754 2246; x_wconf 93' lang='lat' dir='ltr'>vel</span> <span class='ocrx_word' id='word_1_286' title='bbox 784 2208 844 2247; x_wconf 84' lang='lat' dir='ltr'>his</span> <span class='ocrx_word' id='word_1_287' title='bbox 875 2209 1091 2262; x_wconf 89' lang='lat' dir='ltr'>judicibus,</span> <span class='ocrx_word' id='word_1_288' title='bbox 1122 2210 1181 2248; x_wconf 91' lang='lat' dir='ltr'>vel</span> <span class='ocrx_word' id='word_1_289' title='bbox 1216 2223 1348 2248; x_wconf 86' lang='lat' dir='ltr'>eorum</span> <span class='ocrx_word' id='word_1_290' title='bbox 1384 2210 1589 2255; x_wconf 79' lang='lat' dir='ltr'>similibus,</span> <span class='ocrx_word' id='word_1_291' title='bbox 1633 2209 1747 2248; x_wconf 85' lang='lat' dir='ltr'>facile</span> 
     </span>
     <span class='ocr_line' id='line_1_32' title="bbox 352 2271 1746 2328; baseline 0.002 -20"><span class='ocrx_word' id='word_1_292' title='bbox 352 2271 622 2324; x_wconf 83' lang='lat' dir='ltr'>probaturum,</span> <span class='ocrx_word' id='word_1_293' title='bbox 639 2282 675 2311; x_wconf 87' lang='lat' dir='ltr'>et</span> <span class='ocrx_word' id='word_1_294' title='bbox 691 2275 801 2312; x_wconf 88' lang='lat' dir='ltr'>omni</span> <span class='ocrx_word' id='word_1_295' title='bbox 822 2289 885 2313; x_wconf 92' lang='lat' dir='ltr'>me</span> <span class='ocrx_word' id='word_1_296' title='bbox 904 2274 1118 2314; x_wconf 82' lang='lat' dir='ltr'>defensione</span> <span class='ocrx_word' id='word_1_297' title='bbox 1140 2276 1297 2313; x_wconf 86' lang='lat' dir='ltr'>usurum</span> <span class='ocrx_word' id='word_1_298' title='bbox 1319 2274 1390 2313; x_wconf 82' lang='lat' dir='ltr'>effe</span> <span class='ocrx_word' id='word_1_299' title='bbox 1406 2275 1501 2328; x_wconf 87' lang='lat' dir='ltr'>legis</span> <span class='ocrx_word' id='word_1_300' title='bbox 1519 2290 1528 2314; x_wconf 70' lang='grc' dir='ltr'>ε</span> <span class='ocrx_word' id='word_1_301' title='bbox 1551 2288 1627 2327; x_wconf 85' lang='lat' dir='ltr'>qua</span> <span class='ocrx_word' id='word_1_302' title='bbox 1642 2287 1746 2312; x_wconf 88' lang='lat' dir='ltr'>nunc</span> 
     </span>
     <span class='ocr_line' id='line_1_33' title="bbox 352 2338 1744 2394; baseline 0.001 -19"><span class='ocrx_word' id='word_1_303' title='bbox 352 2347 395 2375; x_wconf 89' lang='lat' dir='ltr'>ut</span> <span class='ocrx_word' id='word_1_304' title='bbox 417 2347 513 2383; x_wconf 83' lang='lat' dir='ltr'>utar,</span> <span class='ocrx_word' id='word_1_305' title='bbox 535 2338 582 2375; x_wconf 88' lang='lat' dir='ltr'>ab</span> <span class='ocrx_word' id='word_1_306' title='bbox 616 2351 674 2384; x_wconf 89' lang='lat' dir='ltr'>eo,</span> <span class='ocrx_word' id='word_1_307' title='bbox 705 2342 816 2393; x_wconf 86' lang='lat' dir='ltr'>cujus</span> <span class='ocrx_word' id='word_1_308' title='bbox 837 2341 1028 2380; x_wconf 69' lang='lat' dir='ltr'>voluntati</span> <span class='ocrx_word' id='word_1_309' title='bbox 1059 2340 1159 2380; x_wconf 86' lang='lat' dir='ltr'>mihi</span> <span class='ocrx_word' id='word_1_310' title='bbox 1190 2342 1539 2394; x_wconf 79' lang='lat' dir='ltr'>obtemperandum</span> <span class='ocrx_word' id='word_1_311' title='bbox 1570 2340 1635 2384; x_wconf 89' lang='lat' dir='ltr'>est,</span> <span class='ocrx_word' id='word_1_312' title='bbox 1667 2353 1744 2378; x_wconf 89' lang='lat' dir='ltr'>non</span> 
     </span>
     <span class='ocr_line' id='line_1_34' title="bbox 353 2405 594 2444; baseline -0.004 0"><span class='ocrx_word' id='word_1_313' title='bbox 353 2405 594 2444; x_wconf 86' lang='lat' dir='ltr'>conceditur.</span> 
     </span>
    </p>

    <p class='ocr_par' dir='ltr' id='par_1_4' title="bbox 407 2471 1746 2526">
     <span class='ocr_line' id='line_1_35' title="bbox 407 2471 1746 2526; baseline 0 -15"><span class='ocrx_word' id='word_1_314' title='bbox 407 2472 559 2511; x_wconf 89' lang='lat' dir='ltr'><strong>LVIII.</strong></span> <span class='ocrx_word' id='word_1_315' title='bbox 593 2471 687 2510; x_wconf 93' lang='lat' dir='ltr'>Non</span> <span class='ocrx_word' id='word_1_316' title='bbox 707 2472 812 2511; x_wconf 83' lang='lat' dir='ltr'>enim</span> <span class='ocrx_word' id='word_1_317' title='bbox 833 2473 955 2512; x_wconf 85' lang='lat' dir='ltr'>debeo</span> <span class='ocrx_word' id='word_1_318' title='bbox 986 2475 1175 2521; x_wconf 86' lang='lat' dir='ltr'>dubitare,</span> <span class='ocrx_word' id='word_1_319' title='bbox 1207 2475 1378 2526; x_wconf 72' lang='lat' dir='ltr'>Judites‚</span> <span class='ocrx_word' id='word_1_320' title='bbox 1411 2473 1520 2526; x_wconf 86' lang='lat' dir='ltr'>quin,</span> <span class='ocrx_word' id='word_1_321' title='bbox 1550 2473 1574 2512; x_wconf 85' lang='lat' dir='ltr'>si</span> <span class='ocrx_word' id='word_1_322' title='bbox 1596 2487 1671 2526; x_wconf 84' lang='lat' dir='ltr'>qua</span> <span class='ocrx_word' id='word_1_323' title='bbox 1700 2473 1746 2512; x_wconf 87' lang='lat' dir='ltr'>ad</span> 
     </span>
    </p>

    <p class='ocr_par' dir='ltr' id='par_1_5' title="bbox 491 2539 1439 2579">
     <span class='ocr_line' id='line_1_36' title="bbox 491 2539 1439 2579; baseline 0 -2"><span class='ocrx_word' id='word_1_324' title='bbox 491 2540 528 2577; x_wconf 96' lang='lat' dir='ltr'>T</span> <span class='ocrx_word' id='word_1_325' title='bbox 541 2553 564 2577; x_wconf 92' lang='lat' dir='ltr'>o</span> <span class='ocrx_word' id='word_1_326' title='bbox 581 2552 632 2578; x_wconf 84' lang='lat' dir='ltr'>M.</span> <span class='ocrx_word' id='word_1_327' title='bbox 666 2539 717 2579; x_wconf 87' lang='lat' dir='ltr'>V.</span> <span class='ocrx_word' id='word_1_328' title='bbox 1407 2542 1439 2578; x_wconf 73' lang='lat' dir='ltr'>L</span> 
     </span>
    </p>
   </div>
  </div>
 </body>
</html>
