2212 2835
699 202 840 240 PRO
898 201 948 239 L.
1008 201 1321 240 FLACCO.
1644 216 1716 257 271

328 301 469 358 praedia
488 301 628 341 habere
648 302 814 341 voluisti.
847 302 1026 340 Omnino
1045 302 1218 348 mallem,
1253 304 1316 355 (et
1343 304 1465 356 magis
1494 313 1571 342 erat
1592 312 1721 350 tuum,

330 370 356 408 fi
389 379 427 407 te
452 368 556 407 craffi
582 369 663 422 agri
693 368 954 420 delestabant)
982 367 1048 406 hic
1074 368 1218 406 alicubi
1243 370 1284 407 in
1312 369 1564 409 Crustumino
1590 380 1654 409 aut
1681 372 1722 410 in

330 436 518 489 Capenati
546 433 756 488 paraviffes.
787 435 936 472 Verum
966 434 1071 472 esto:
1111 435 1268 472 Catonis
1301 435 1353 472 est
1383 435 1546 481 di&um‚
1575 437 1723 490 pedibus

329 500 546 555 compergfizri
552 501 755 554 pecuniam.
788 501 926 552 Longe
950 499 1113 538 omnino
1139 513 1160 537 a
1187 501 1324 538 Tiberi
1352 501 1397 538 ad
1420 502 1611 541 Caicum:
1644 518 1723 556 quo

328 568 370 606 in'
400 568 487 605 loco
515 567 632 605 etiam
662 568 937 618 Agamemnon
967 579 1060 604 cum
1091 567 1262 605 exercitu
1294 567 1454 612 erraffet,
1486 569 1554 607 nifi
1583 569 1724 608 ducem

329 630 553 685 Telephum
573 631 786 670 invenisset.
810 631 881 669 Sed
901 631 1073 670 concedo
1093 631 1133 670 id
1153 646 1328 685 quoque:
1352 633 1497 686 placuit
1517 635 1722 688 oppidum,

328 698 434 751 regio
454 698 654 736 dele&avit
672 713 681 736 z
713 697 876 737 emiss‘es.

384 765 516 803 XXX.
553 765 743 816 Amyntas
772 764 824 802 est
847 778 999 817 genere,
1029 763 1189 810 honore,
1220 765 1514 811 existimatione,
1545 768 1723 819 pecunia,

327 831 506 884 princeps
527 831 632 869 illius
653 831 834 869 civitatis.
854 832 986 883 Hujus
1007 831 1173 877 socrum,
1196 832 1402 871 mulierem
1418 833 1609 874 imbecilli
1627 847 1723 872 con-

328 897 415 942 filii,
446 897 530 935 satis
552 897 804 950 locupletem,
836 898 996 951 pellexit
1016 899 1210 937 Decianus
1238 899 1285 937 ad
1312 899 1408 944 sese3
1440 909 1491 944 et,
1523 913 1614 938 curn
1642 901 1721 945 illa,

329 964 425 1017 quid
445 972 631 1016 ageretur,
662 964 834 1009 nesciret,
866 964 907 1002 in
927 964 1147 1018 poffeffione
1167 966 1399 1018 praediorum
1427 966 1506 1018 ejus
1534 965 1724 1005 familiam

330 1030 434 1069 suam
454 1030 681 1069 collocavit:
705 1044 865 1069 uxorem
886 1031 1048 1070 abduxit
1067 1032 1114 1070 ab
1135 1033 1309 1084 Amynta
1330 1042 1588 1085 praegnantem
1604 1051 1616 1078 3
1640 1047 1724 1086 quas

328 1097 478 1150 peperit
497 1097 597 1149 apud
618 1097 838 1136 Decianum
857 1097 992 1142 filiam,
1023 1096 1216 1150 hodieque
1235 1099 1336 1150 apud
1364 1099 1583 1137 Decianum
1609 1099 1661 1137 est
1687 1108 1726 1138 et

329 1176 426 1202 uxor
445 1165 640 1214 Amyntae,
671 1172 710 1201 et
728 1162 822 1201 filia.

385 1230 499 1268 Num
518 1229 614 1281 quid
633 1228 772 1267 harum
795 1243 922 1268 rerum
943 1243 962 1267 a
982 1243 1045 1268 me
1065 1229 1239 1282 fingitur,
1263 1231 1434 1269 Deciane
1453 1231 1466 1267 ?
1489 1232 1623 1270 Sciunt
1643 1232 1726 1271 haec

329 1309 462 1335 omnes
483 1295 650 1341 nobiles,
681 1295 807 1334 sciunt
827 1296 921 1334 boni
940 1297 1025 1342 viri,
1057 1297 1182 1347 sciunt
1201 1297 1368 1350 denique
1395 1298 1512 1336 nostri
1531 1299 1724 1345 homines,

329 1362 454 1401 sciunt
473 1362 687 1402 mediocres
708 1363 977 1416 negotiatores.
1010 1363 1182 1416 Exurge,
1214 1365 1414 1416 Amynta:
1447 1375 1575 1419 repete
1601 1380 1621 1404 a
1641 1367 1726 1405 De-

330 1429 457 1474 ciano,
487 1443 565 1468 non
585 1429 804 1482 pecuniam,
827 1443 906 1468 non
924 1429 1065 1483 praedia
1076 1447 1089 1475 3
1121 1429 1271 1468 socrum
1292 1431 1459 1483 denique
1480 1432 1550 1470 fibi
1568 1431 1724 1471 habeat:

330 1495 500 1534 restituat
533 1510 695 1535 uxorem
712 1514 724 1542 3
757 1495 887 1534 reddat
921 1495 1059 1534 misero
1093 1496 1191 1548 patri
1225 1496 1362 1535 filiam.
1394 1497 1501 1536 Nam
1536 1500 1725 1545 membra,

330 1575 416 1614 quae
435 1562 651 1601 debilitavit
670 1562 875 1615 lapidibus,
906 1561 1086 1607 fustibus,
1116 1561 1217 1601 ferro
1233 1581 1245 1608 3
1278 1577 1430 1609 manus,
1462 1579 1555 1617 quas
1584 1576 1726 1605 contu-

330 1628 414 1673 dit3
446 1628 604 1681 digitos,
634 1641 732 1680 quos
760 1627 980 1682 confregit3
1012 1641 1162 1674 nervos,
1193 1642 1290 1681 quos
1317 1630 1502 1675 concidit,
1534 1632 1728 1670 restituere

331 1706 409 1731 non
430 1693 581 1746 potest:
613 1693 749 1739 filiam,
781 1693 919 1739 filiam,
950 1694 1127 1747 inquam,
1159 1695 1372 1734 aerumnoso
1396 1696 1509 1748 patri,
1541 1698 1726 1742 Deciane,

331 1759 456 1797 redde.

385 1825 483 1864 Haec
514 1824 657 1863 Flacco
687 1838 766 1863 non
797 1825 966 1878 probaffe
995 1835 1031 1864 te
1062 1826 1244 1864 miraris?
1277 1826 1367 1872 Cui,
1399 1827 1538 1880 quaeso,
1572 1829 1727 1868 tandem

330 1891 527 1944 probasti?
569 1891 799 1944 Emptiones
838 1891 967 1937 falsas,
1008 1892 1242 1946 praediorum
1279 1893 1594 1947 proscriptiones,
1635 1910 1728 1934 cum

331 1957 571 1996 mulierculis
609 1968 737 2010 aperta
773 1959 1131 2012 circumscriptione
1167 1959 1313 1998 fecisti.
1355 1962 1484 1999 Tutor
1516 1961 1576 2000 his
1614 1964 1727 2001 rebus

333 2024 560 2062 Graecorum
586 2024 738 2077 legibus
759 2025 1025 2065 adscribendus
1053 2025 1160 2065 fuit:
1193 2027 1501 2066 Polemocratem
1529 2029 1726 2082 scripsisti,

333 2091 613 2128 mercenarium
633 2100 672 2129 et
691 2091 958 2130 administrum
978 2093 1226 2132 consiliorum
1247 2103 1419 2133 tuorum.
1452 2096 1651 2134 Adduems
1677 2096 1729 2133 est

333 2157 373 2194 in
389 2156 584 2208 judicium
607 2158 891 2197 Polemocrates
912 2159 958 2197 de
979 2160 1070 2198 dolo
1090 2160 1206 2206 malo,
1236 2170 1274 2198 et
1294 2161 1340 2198 de
1358 2161 1504 2206 fraude,
1535 2176 1555 2199 a
1583 2163 1726 2205 Dione,

333 2221 449 2274 hujus
471 2223 585 2275 ipsius
607 2224 736 2262 tutelae
756 2226 927 2264 nomine.
962 2227 1043 2278 Qi
1070 2227 1276 2265 concursus
1303 2241 1351 2265 ex
1377 2228 1528 2280 oppidis
1550 2228 1726 2265 finitimis

334 2289 535 2340 undique?
567 2290 634 2341 qui
669 2290 776 2328 dolor
809 2292 1058 2330 animorum?
1095 2307 1179 2345 quae
1217 2294 1400 2346 querela?
1437 2294 1726 2331 Condemnatus

334 2356 386 2394 est
409 2356 690 2394 Polemocrates
712 2357 905 2396 sententiis
932 2359 1144 2399 omnibus:
1176 2360 1291 2398 irritae
1327 2360 1580 2403 venditiones,
1614 2360 1727 2397 irritae

334 2422 641 2475 proscriptiones.
684 2423 778 2461 Non
815 2423 990 2463 restituis.
1034 2424 1171 2464 Defers
1206 2426 1251 2463 ad
1287 2427 1553 2477 Pergamenos,
1593 2434 1634 2462 ut
1668 2426 1726 2463 illi

334 2489 545 2542 reciperent
578 2490 617 2527 in
653 2489 732 2527 suas
767 2489 892 2528 literas
928 2491 1100 2542 publicas
1132 2491 1324 2544 praeclaras
1357 2491 1650 2544 proscriptiones
1687 2502 1725 2530 et
