2212 2835
919 206 1119 260 [25]

948 429 1099 463 PRO

382 614 460 671 A.
554 609 1187 672 CLUENTIO
1277 611 1644 674 AVITO

739 880 1101 921 ORATIO
1173 880 1298 921 XIV.²

327 1106 360 1145 I.
492 1104 563 1143 NI
572 1103 621 1142 M
629 1103 884 1143 ADVERT
895 1103 927 1148 I,
956 1103 1129 1154 Judices,
1153 1117 1315 1143 omnem
1336 1104 1561 1144 accusatoris
1582 1106 1723 1144 oratio-

522 1184 612 1209 nem
634 1170 674 1208 in
695 1170 787 1209 duas
814 1169 975 1208 divisam
1006 1169 1077 1208 effe
1096 1179 1248 1224 partes:
1281 1184 1446 1223 quarum
1477 1172 1595 1210 altera
1623 1172 1725 1211 mihi

325 1235 400 1274 niti
419 1244 457 1274 et
475 1250 708 1290 magnopere
728 1235 922 1275 confidere
940 1236 1141 1275 videbatur
1164 1236 1309 1275 invidia
1332 1237 1416 1290 jam
1437 1237 1644 1277 inveterata
1656 1240 1724 1292 ju-

325 1303 420 1342 dicii
438 1304 598 1356 Juniani
613 1322 626 1349 ;
657 1304 774 1343 altera
795 1304 1068 1343 tantummodo
1088 1303 1377 1343 consuetudinis
1398 1304 1508 1343 causa
1527 1306 1665 1344 timide
1689 1316 1727 1345 et

326 1370 546 1411 diffidenter
574 1371 762 1425 attingere
794 1371 984 1411 rationem
1015 1371 1192 1410 veneficii
1226 1371 1472 1411 criminum:
1505 1386 1581 1425 qua
1611 1373 1658 1411 de
1689 1387 1727 1412 re

325 1438 411 1492 lege
440 1438 493 1477 est
527 1438 608 1478 haec
628 1439 786 1492 quaestio
821 1439 1040 1478 constituta.
1072 1440 1208 1493 Itaque
1238 1438 1340 1478 mihi
1371 1448 1522 1478 certum
1554 1439 1608 1478 est
1626 1439 1728 1480 hanc

325 1505 487 1545 eandem
506 1506 833 1552 distributionem,
868 1507 1024 1546 invidiae
1043 1515 1082 1546 et
1101 1506 1330 1552 criminum,
1360 1506 1411 1545 fic
1439 1508 1479 1546 in
1509 1505 1728 1546 defenfione

327 1571 482 1617 servare,
516 1582 560 1611 ut
580 1586 714 1611 omnes
735 1572 970 1626 intelligant,
988 1571 1090 1610 nihil
1110 1585 1174 1610 me
1193 1585 1265 1611 nec
1286 1571 1550 1626 subterfugere
1569 1573 1727 1613 voluiffe

327 1638 538 1684 reticendo,
561 1653 631 1678 nec
651 1639 850 1678 obscurare
870 1639 1047 1678 dicendo.

383 1705 455 1744 Sed
475 1720 568 1744 cum
589 1707 799 1752 confidero,
820 1707 1018 1760 quomodo
1035 1705 1137 1746 mihi
1157 1707 1196 1745 in
1218 1714 1380 1760 utraque
1400 1719 1439 1745 re
1459 1706 1504 1746 s1t
1523 1705 1725 1747 elaboran-

326 1771 436 1817 dum,
469 1773 585 1812 altera
603 1787 702 1826 pars,
738 1787 782 1811 ea
800 1788 885 1827 quae
903 1774 1057 1828 propria
1076 1773 1129 1812 est
1153 1773 1295 1826 judicii
1315 1773 1440 1819 vestri,
1472 1783 1510 1812 et
1540 1774 1747 1828 legitimae·

327 1838 502 1877 veneficii
523 1839 755 1892 quaestionis,
788 1853 854 1893 per
873 1839 974 1878 mihi
996 1839 1134 1885 brevis,
1157 1848 1195 1879 et
1214 1853 1294 1878 non
1314 1853 1478 1893 magnae,
1500 1840 1542 1879 in
1562 1841 1728 1880 dicendo

327 1905 587 1944 contentionis
608 1904 691 1943 fore
710 1906 888 1951 videtur;
921 1906 1036 1944 altera
1065 1915 1210 1951 autem,
1245 1920 1331 1958 quae
1361 1906 1500 1959 procul
1531 1920 1551 1945 a
1573 1907 1728 1960 judicio

327 1981 475 2010 remota
495 1972 560 2017 est,
595 1986 679 2025 quae
699 1973 953 2011 concionibus
975 1972 1147 2011 seditiose
1167 1973 1370 2011 concitatis
1397 1973 1728 2014 accommodatior

327 2036 393 2081 est,
425 2051 544 2090 quam
565 2038 784 2090 tranquillis
804 2038 1088 2091 moderatisque
1102 2038 1278 2091 judiciis,
1301 2037 1505 2092 prospicio,
1534 2049 1728 2092 quantum

327 2104 367 2142 in
387 2105 534 2157 agendo
555 2105 809 2150 difficultatis,
825 2115 863 2144 et
884 2114 1076 2158 quantum
1098 2105 1252 2151 laboris,
1274 2106 1319 2144 fit
1338 2104 1530 2145 habitura.

358 2171 428 2208 Sed
447 2172 488 2210 in
510 2170 582 2209 hac
603 2181 706 2210 tanta
726 2172 955 2210 difficultate
989 2172 1055 2210 illa
1086 2186 1150 2210 me
1181 2185 1237 2211 res
1259 2182 1404 2218 tamen,
1430 2172 1604 2224 Judices,
1626 2186 1724 2211 con-

329 2236 481 2282 solatur,
503 2239 608 2291 quod
636 2252 701 2277 vos
725 2239 771 2278 de
791 2239 1023 2277 criminibus
1054 2238 1104 2276 fic
1125 2238 1253 2277 audire
1273 2239 1494 2286 consuestis,
1526 2249 1569 2278 ut
1588 2253 1724 2278 eorum

329 2317 488 2341 omnem
510 2305 795 2344 dissolutionem
821 2306 868 2344 ab
899 2315 1046 2344 oratore
1067 2305 1271 2358 quaeratis:
1305 2315 1348 2344 ut
1376 2320 1454 2345 non
1483 2306 1723 2351 existimetis,

328 2370 416 2422 plus
439 2383 504 2408 vos
526 2370 571 2407 ad
591 2371 750 2411 salutem
771 2386 834 2411 reo
855 2372 984 2425 largiri
1015 2382 1204 2425 oportere,
1237 2386 1357 2425 quam
1378 2382 1566 2425 quantum
1588 2371 1725 2409 defen-

284 2447 287 2451 '
331 2436 402 2481 sor,
433 2436 641 2489 purgandis
662 2438 906 2483 criminibus,
929 2439 1126 2491 consequi,
1148 2448 1187 2476 et
1206 2438 1370 2477 dicendo
1390 2438 1564 2490 probare,
1586 2447 1726 2491 potue—

331 2503 394 2543 rit.
433 2505 495 2542 De
526 2503 671 2543 invidia
700 2514 830 2545 autem
852 2505 901 2543 sle
931 2506 1032 2544 inter
1052 2519 1118 2544 vos
1151 2505 1358 2558 disceptare
1385 2504 1546 2551 debetis,
1570 2514 1612 2544 ut
1632 2518 1725 2552 non,

414 2572 485 2609 To
502 2583 553 2610 M.
586 2571 637 2609 V.
1385 2572 1423 2609 D
