2212 2835
509 175 551 200 ⁴2
983 156 1387 194 ORATIO

476 175 523 215 ²³

475 258 718 298 incumbenti
739 256 783 293 ad
804 257 882 308 ejus
902 254 1128 306 perniciem,
1151 253 1318 306 populus
1340 253 1541 290 Romanus
1562 251 1730 305 eripuit?
1753 254 1864 292 Sem-

475 338 540 378 per
561 325 600 361 in
623 323 691 361 hac
713 323 865 361 civitate
886 321 1002 359 nimis
1023 320 1173 373 magnis
1195 319 1456 357 accusatorum
1477 319 1614 371 opibus
1637 328 1673 356 et
1701 319 1866 372 populus

476 389 684 434 universus,
715 398 753 426 et
774 388 957 441 sapientes
977 399 1020 424 ac
1042 386 1214 424 multum
1236 385 1276 423 in
1296 385 1489 437 posterum
1511 384 1782 437 prospicientes
1798 385 1867 436 ju-

476 456 594 500 dices,
617 455 848 493 restiterunt.
881 452 988 491 Nolo
1008 451 1200 490 accusator
1220 452 1258 489 in
1275 451 1468 503 judicium
1489 451 1704 503 potentiam
1725 449 1868 495 afferat,

477 536 555 560 non
576 522 656 559 vim
678 522 862 572 majorem
881 519 1064 571 aliquam,
1096 532 1174 556 non
1198 518 1462 556 auctoritatem
1489 517 1759 561 excellentem,
1791 528 1870 554 non

478 588 641 626 nimiam
670 587 859 640 gratiam:
892 586 1038 624 valeant
1064 583 1146 623 haec
1173 584 1302 622 omnia
1329 584 1374 621 ad
1401 583 1562 621 salutem
1583 583 1869 626 innocentium,

478 654 525 692 ad
545 667 658 706 opem
680 652 970 706 impotentium,
1001 651 1048 689 ad
1067 650 1257 688 auxilium
1277 649 1607 694 calamitosorum,-
1640 650 1679 687 in
1701 647 1872 702 periculo

480 733 582 763 vero,
613 728 650 756 et
680 719 719 756 in
750 717 935 770 pernicie,
966 716 1128 760 civium,
1161 715 1420 767 repudientur.
1459 715 1580 759 Nam,
1611 714 1638 752 fi
1672 714 1760 767 quis
1794 712 1871 751 hoc

482 785 579 824 forte
609 785 725 829 dicet,
759 785 949 821 Catonem
981 781 1248 819 descensurum
1279 781 1326 817 ad
1356 781 1611 819 accusandum
1642 794 1721 819 non
1747 779 1871 825 fuiffe,

482 850 550 889 nisi
585 850 688 903 prius
721 849 768 887 de
799 848 908 887 causa
935 846 1164 900 judicasset,
1205 845 1381 897 ianuam
1421 845 1573 898 legem,
1614 846 1794 896 Judices,
1834 854 1874 883 et

482 917 656 955 miseram
690 915 955 954 conditionem
990 912 1160 951 instituet
1192 911 1373 964 periculis
1412 909 1637 956 hominum,
1677 911 1703 948 fi
1742 911 1872 949 existi-

483 984 620 1028 mabit,
653 982 851 1035 judicium
889 979 1114 1018 accusatoris
1152 979 1193 1016 in
1231 991 1340 1016 reum
1380 991 1448 1032 pro
1485 977 1614 1031 aliquo
1651 977 1875 1031 praejudicio

482 1050 604 1089 valere
620 1058 811 1102 oportere.

536 1117 691 1155 XXIX.
724 1116 810 1168 Ego
831 1124 944 1153 tuum
965 1113 1184 1158 confilium,
1216 1114 1329 1158 Cato,
1359 1122 1515 1165 propter
1541 1112 1728 1166 singulare
1755 1111 1876 1151 animi

484 1184 563 1221 mei
583 1183 628 1220 de
649 1191 713 1220 tua
733 1182 873 1219 virtute
887 1180 1097 1232 judicium,
1128 1180 1341 1231 vituperare
1361 1192 1438 1216 non
1459 1179 1578 1217 audeo
1598 1193 1607 1217 :
1630 1178 1816 1217 nonnulla
1834 1179 1876 1216 in

485 1263 522 1288 re
543 1249 696 1287 forsitan
717 1247 971 1292 conformare,
1001 1255 1040 1284 et
1067 1246 1201 1284 leviter
1227 1245 1440 1290 emendare,
1471 1245 1623 1298 poffim.
1654 1247 1740 1284 Non
1763 1246 1878 1284 multa

478 1325 606 1369 peccas
619 1344 629 1360 ,
661 1314 791 1367 inquit
810 1314 875 1352 ille
894 1312 1100 1352 fortiffimo
1119 1312 1201 1351 viro
1221 1311 1343 1350 senior
1362 1311 1540 1365 magister
1555 1330 1566 1357 ς
1583 1311 1665 1365 st’d’
1680 1312 1723 1363 st
1731 1320 1875 1364 peccas,

487 1392 523 1421 te
538 1396 659 1434 regere
666 1380 811 1435 pqfficm.
834 1381 889 1419 At
904 1393 974 1433 ego
991 1388 1028 1417 te
1046 1377 1236 1417 veriffime
1253 1377 1417 1416 dixerim
1439 1390 1594 1430 peccare
1615 1376 1730 1423 nihil,
1751 1390 1878 1430 neque

487 1448 566 1486 ulla
586 1448 626 1485 in
647 1460 686 1485 re
706 1456 742 1485 te
761 1446 833 1484 effe
853 1445 1091 1498 hujusmodi,
1113 1453 1157 1482 ut
1176 1443 1423 1496 corrigendus
1444 1444 1587 1497 potius,
1608 1456 1728 1497 quam
1746 1442 1880 1482 leviter

487 1512 753 1558 inflectendus,
783 1511 854 1550 effe
874 1511 1035 1550 videare.
1067 1509 1203 1549 Finxit
1221 1510 1327 1548 enim
1348 1518 1385 1548 te
1403 1509 1480 1562 ipsa
1506 1519 1639 1548 natura
1664 1510 1711 1547 ad
1736 1508 1878 1548 hones-

488 1589 621 1624 tatem,
652 1578 893 1631 gravitatem,
924 1575 1233 1630 temperantiam,
1264 1575 1575 1628 magnitudinem
1605 1575 1739 1620 animi,
1763 1574 1880 1628 justi-

488 1644 597 1691 dam,
629 1645 674 1683 ad
694 1658 828 1683 omnes
849 1644 1016 1696 denique
1036 1643 1209 1687 virtutes,
1240 1656 1428 1695 magnum
1455 1641 1658 1680 hominem
1683 1650 1723 1680 et
1748 1640 1878 1680 excel-

490 1712 586 1751 sum.
619 1711 786 1750 Acceffit
806 1710 867 1749 his
888 1719 947 1749 tot
965 1709 1137 1748 doctrina
1156 1722 1234 1746 non
1255 1709 1462 1752 moderata,
1493 1721 1564 1746 nec
1584 1707 1705 1752 mitis,
1735 1707 1811 1752 sed,
1837 1715 1881 1746 ut

489 1777 589 1816 mihi
622 1778 786 1823 videtur,
818 1777 932 1830 paulo
962 1775 1124 1828 asperior
1153 1782 1190 1811 et
1216 1773 1359 1818 durior,
1390 1787 1508 1824 quam
1540 1782 1606 1811 aut
1632 1773 1782 1818 veritas,
1813 1781 1880 1811 aut

489 1853 636 1887 natura,
667 1843 843 1895 patiatur.
871 1843 938 1887 Et,
960 1840 1145 1894 quoniam
1166 1852 1243 1877 non
1262 1838 1314 1876 est
1335 1838 1445 1876 nobis
1466 1837 1547 1876 haec
1567 1838 1687 1877 oratio
1706 1837 1882 1877 habenda

491 1918 556 1947 aut
583 1922 675 1946 cum
701 1909 879 1962 imperita
911 1907 1176 1951 multitudine,
1206 1915 1271 1944 aut
1302 1905 1342 1943 in
1373 1905 1503 1958 aquuo
1533 1914 1725 1944 conventu
1754 1905 1881 1958 agres-

491 1976 607 2020 tium,
639 1975 816 2013 audacius
848 1975 962 2028 paulo
993 1973 1039 2012 de
1070 1973 1201 2012 studiis
1233 1971 1499 2017 humanitatis,
1531 1985 1615 2025 quae
1645 1980 1682 2010 et
1713 1970 1814 2010 mihi
1843 1979 1883 2010 et

492 2043 599 2080 vobis
620 2050 710 2079 nota
728 2052 764 2079 et
779 2041 952 2093 jucunda
972 2040 1071 2085 sunt,
1102 2039 1316 2092 disputabo.

548 2109 594 2147 111
625 2108 688 2146 M.
724 2109 883 2152 Catone,
914 2106 1085 2158 JudiceS‚
1116 2104 1197 2144 haec
1229 2105 1341 2150 bona,
1371 2119 1456 2158 quae
1488 2105 1662 2143 videmus
1689 2105 1818 2143 divina
1844 2112 1900 2143 et‘

493 2174 656 2228 egregia,
688 2174 802 2227 ipsius
829 2173 962 2212 scitote
989 2173 1060 2212 effe
1085 2173 1263 2226 propria:
1296 2186 1380 2225 quae
1407 2185 1687 2224 nonnunquam
1718 2171 1883 2224 requiri-

494 2255 596 2286 mus,
626 2254 667 2278 ea
695 2241 781 2278 sunt
807 2241 938 2279 omnia
957 2254 1035 2280 non
1065 2253 1085 2278 a
1109 2248 1254 2283 natura,
1286 2238 1346 2277 sed
1376 2251 1397 2276 a
1427 2237 1620 2291 magistro.
1645 2228 1746 2277 'Fuit
1775 2237 1882 2276 enim

495 2308 654 2360 quidam
688 2307 840 2346 summo
874 2307 1029 2360 ingenio
1062 2306 1132 2351 vir,
1170 2306 1293 2350 Zeno,
1329 2306 1438 2357 cujus
1473 2305 1720 2343 inventorum
1753 2302 1884 2342 aemuli

498 2374 617 2412 Stoici
639 2373 902 2412 nominantur.
934 2373 1066 2425 Hujus
1087 2371 1278 2410 sententia:
1299 2371 1385 2410 sunt
1405 2380 1442 2410 et
1462 2379 1648 2424 praecepta
1667 2368 1880 2423 ejusmodi:

497 2440 714 2492 Sapientem
733 2440 853 2493 gratia
872 2452 1072 2492 nunquam
1093 2439 1253 2484 moveri,
1280 2451 1480 2491 nunquam
1501 2437 1727 2491 cujusquam
1745 2434 1884 2474 delicto
