2212 2835
638 210 776 253 PRO
833 210 887 251 A.
947 206 1360 249 CLUENTIO.
1655 224 1707 264 53

307 324 396 356 ante
415 313 514 354 illud
533 322 688 367 ternpus
708 312 856 366 populo
875 311 1057 364 ignotum
1077 309 1205 350 fuiffet
1223 325 1232 350 :
1264 308 1576 363 indigniffimum
1596 323 1710 362 porro

307 385 513 428 videretur,
534 382 847 420 circum-ventum
868 377 940 416 effe
959 378 1209 416 innocentem
1227 378 1390 430 pecunia
1409 392 1418 415 :
1451 375 1551 416 hanc
1572 377 1711 415 deinde

307 450 564 504 suspicionem
597 454 751 499 augeret
784 444 929 483 Staleni
958 444 1204 498 improbitaS,
1240 451 1279 481 et
1313 443 1595 481 nonnullorum
1627 445 1709 496 ejus

305 516 495 557 similium
509 513 694 567 judicum
713 511 940 565 turpitudo:
968 511 1121 549 causam
1140 518 1270 548 autern
1289 518 1416 562 ageret
1437 510 1485 547 L.
1504 510 1707 558 Qintius,

306 583 429 623 homo
448 595 542 620 cum
561 581 714 619 summa
733 578 915 632 potestate
932 578 1128 631 praeditus,
1146 587 1233 616 tum
1249 576 1294 614 ad
1311 576 1609 614 inflammandos
1625 577 1709 614 ani-

306 662 393 688 mos
414 647 682 687 multitudinis
703 645 1045 684 accommodatus:
1067 644 1262 682 summam
1279 643 1339 680 illi
1353 642 1504 695 judicio
1522 641 1711 680 invidiam

307 715 595 767 infamiamque
608 712 681 751 effe
701 712 923 751 conflatam.
956 712 1090 764 Atque
1110 711 1151 749 in
1173 709 1275 748 hanc
1297 709 1496 747 flammam
1517 717 1711 746 recentem

308 783 358 821 C.
381 781 562 834 Junium,
583 780 652 833 qui
672 779 733 817 illi
753 778 954 832 quaestioni
974 776 1191 831 praefuerat‚
1224 777 1410 829 injectum
1431 774 1502 812 effe
1528 774 1708 819 memini,

306 857 347 888 et
364 849 481 887 illum
501 847 706 886 hominem
728 846 949 891 aedilitium,
968 845 1051 898 jam
1073 845 1282 882 Praetorem
1303 841 1554 895 opinionibus
1576 840 1710 879 horni-

307 929 405 954 num
426 915 698 959 constitutum,
720 926 799 952 non
820 911 1095 965 disceptatione
1115 910 1288 954 dicendi,
1305 909 1367 947 sed
1388 908 1558 946 clamore
1576 906 1712 945 homi-

307 995 420 1027 num,
442 982 489 1019 de
509 980 609 1027 foro,
636 990 750 1032 atque
770 980 864 1017 adeo
884 979 931 1017 de
951 979 1120 1023 civitate,
1148 977 1221 1016 effe
1240 976 1450 1014 sublatum.
1483 975 1626 1026 Neque
1646 986 1713 1012 me

306 1050 474 1103 poenitet
492 1047 570 1086 hoc
589 1047 719 1100 potius
741 1055 929 1099 tempore,
951 1058 1070 1098 quam
1091 1044 1175 1089 illo,
1196 1043 1347 1082 causam
1371 1044 1420 1080 A.
1444 1041 1620 1080 Cluentii
1640 1041 1710 1079 de-

307 1115 477 1154 fendere.
513 1113 636 1153 Causa
655 1113 760 1150 enim
782 1120 913 1150 manet
933 1111 1082 1155 eadem,
1099 1124 1186 1162 quae
1206 1109 1349 1147 mutari
1370 1107 1478 1146 nullo
1498 1107 1616 1145 modo
1636 1119 1709 1160 po-

308 1183 402 1223 test:
426 1180 609 1233 temporis
630 1179 814 1231 iniquitas
830 1187 949 1230 atque
962 1176 1107 1216 invidia
1122 1175 1281 1220 receffit,
1300 1183 1357 1219 ut,
1376 1173 1480 1226 quod
1497 1174 1537 1211 in
1554 1183 1710 1226 tempo-

307 1261 348 1287 re
367 1247 461 1286 mali
481 1245 572 1291 fuit,
590 1244 691 1284 nihil
712 1244 834 1290 obfit3
862 1243 969 1296 quod
989 1243 1030 1280 in
1050 1241 1159 1281 causa
1179 1241 1273 1280 boni
1291 1239 1383 1285 fuit,
1405 1239 1535 1292 profit.
1557 1239 1708 1291 Itaque,

306 1329 412 1354 nunc
434 1312 768 1368 quemadmodum
797 1311 942 1356 audiar,
976 1309 1112 1354 sentio,
1140 1321 1219 1347 non
1239 1307 1358 1346 modo
1377 1307 1423 1345 ab
1444 1306 1506 1351 iis,
1540 1318 1711 1358 quorum

302 1381 502 1436 judicium
522 1389 637 1433 atque
655 1377 817 1432 potestas
837 1377 905 1423 est,
937 1376 999 1415 sed
1019 1376 1137 1414 etiam
1162 1375 1209 1413 ab
1244 1373 1338 1419 illis,
1366 1385 1536 1426 quorum
1557 1380 1711 1410 tantum

307 1448 361 1486 est
375 1447 621 1486 existimatio.
645 1447 699 1484 At
716 1454 802 1483 tum
818 1444 844 1483 fi
861 1444 1044 1488 dicerem,
1063 1456 1142 1481 non
1158 1441 1324 1480 audirer:
1348 1454 1427 1478 non
1443 1438 1549 1492 quod
1564 1438 1637 1476 alia
1653 1451 1710 1476 res

306 1514 410 1560 effet,
432 1514 564 1553 immo
577 1513 726 1557 eadem,
748 1511 810 1549 sed
830 1520 983 1563 tempus
1004 1509 1123 1548 ahud.
1147 1508 1193 1547 Id
1213 1508 1306 1546 adeo
1324 1508 1374 1545 fic
1395 1505 1628 1559 cognoscite.

354 1581 488 1619 XXX.
521 1580 623 1631 Qis
644 1588 730 1616 tum
751 1577 907 1615 auderet
927 1576 1065 1620 dicere,
1089 1583 1295 1612 nocentem
1315 1573 1620 1611 condemnatum
1640 1570 1712 1609 effe

309 1645 608 1699 Oppianicum?
640 1644 726 1697 quis
756 1656 861 1681 nunc
882 1642 922 1680 id
942 1641 1056 1679 audet
1077 1653 1212 1693 negare
1231 1640 1243 1676 ?
1277 1639 1376 1690 Qis
1397 1648 1483 1676 tum
1509 1637 1629 1690 poffet
1649 1650 1710 1674 ar-

307 1725 436 1765 guere,
472 1712 519 1750 ab
542 1711 765 1764 Oppianico
789 1709 987 1763 judicium
1017 1716 1211 1746 tentatum
1232 1705 1302 1745 effe
1328 1704 1524 1758 pecunia?
1556 1704 1642 1759 quis
1671 1702 1712 1740 id

308 1777 385 1818 hoc
406 1787 580 1832 tempore
599 1776 757 1815 infitiari
786 1775 910 1829 potest
927 1775 940 1812 ?
974 1774 1054 1812 Cui
1073 1782 1159 1811 tum
1179 1773 1313 1811 liceret
1343 1772 1493 1816 docere,
1517 1769 1710 1822 Oppiani-

306 1857 400 1883 cum
421 1858 531 1884 reum
550 1842 697 1882 factum
717 1841 790 1880 effe
810 1851 896 1879 tum
915 1840 1097 1892 denique,
1120 1852 1213 1877 cum
1233 1839 1385 1876 duobus
1406 1835 1594 1890 proximis
1612 1848 1714 1888 prae-

303 1911 463 1963 judiciis
483 1909 762 1949 condemnatus
782 1907 899 1947 effet?
930 1906 1018 1960 quis
1038 1905 1104 1951 est,
1139 1904 1208 1958 qui
1229 1904 1270 1942 id
1299 1902 1375 1942 hoc
1406 1912 1580 1956 tempore
1599 1900 1711 1939 infir-

310 1990 414 2015 mare
433 1975 623 2015 conetur?
1281 1963 1284 1966 ’

365 2044 510 2095 Qare,
541 2041 686 2080 invidia
715 2049 876 2084 remota,
906 2051 1025 2092 quam
1046 2037 1126 2076 dies
1148 2035 1357 2089 mitigavit,
1388 2033 1510 2073 oratio
1537 2046 1623 2071 mea
1642 2031 1711 2070 de-

310 2117 462 2161 precata
481 2108 547 2154 est,
578 2107 698 2146 vestra
727 2106 822 2144 fides
857 2113 974 2157 atque
994 2104 1152 2156 aequitas
1182 2116 1202 2140 a
1233 2101 1403 2140 veritatis
1437 2098 1712 2152 disceptatione

311 2176 470 2227 rejecit3
498 2175 594 2228 quid
625 2175 678 2213 est
698 2182 890 2227 praeterea,
922 2171 1028 2224 quod
1061 2171 1103 2208 in
1134 2168 1243 2208 causa
1272 2166 1540 2219 relinquatUr?
1572 2163 1711 2203 Versa-

312 2251 391 2278 tam
411 2241 481 2279 effe
501 2243 540 2279 in
555 2241 708 2293 judicio
727 2239 949 2293 pecuniam,
972 2237 1117 2276 constat
1136 2251 1144 2274 :
1167 2249 1209 2273 ea
1229 2234 1413 2287 quaeritur
1433 2231 1536 2270 unde
1555 2228 1710 2283 profec-

312 2317 350 2345 ta
371 2307 415 2345 fit
432 2325 442 2351 ς
467 2307 513 2344 ab
534 2307 764 2351 accusatore,
782 2319 830 2344 an
849 2306 897 2344 ab
915 2318 991 2343 reo,
1022 2302 1235 2342 Accusator
1255 2301 1350 2338 dicit
1370 2299 1452 2337 haec
1472 2313 1481 2335 ε
1515 2297 1712 2340 Primum,

312 2372 536 2426 graviffimis
557 2372 789 2423 criminibus
809 2370 1047 2415 accusabam,
1084 2378 1128 2406 ut
1158 2367 1256 2406 nihil
1284 2379 1381 2419 opus
1401 2363 1489 2401 effet
1517 2361 1708 2414 pecunia:

290 2449 293 2452 ’
311 2439 465 2485 deinde,
497 2437 802 2477 condemnatum
823 2436 1077 2480 adducebam‚
1106 2443 1150 2472 ut
1170 2447 1218 2472 ne
1238 2432 1334 2484 eripi
1355 2428 1514 2482 quidem
1547 2427 1712 2480 pecunia

312 2505 432 2560 poffet
449 2520 458 2544 t
505 2504 699 2558 postremo
713 2531 724 2549 ‚
769 2503 886 2542 etiam
925 2502 951 2540 fi
982 2501 1178 2540 absolutus
1212 2498 1299 2538 effet
1315 2526 1329 2543 ,
1375 2507 1549 2534 mearum
1580 2502 1711 2532 tamen
