2212 2835
631 235 766 274 PRO
828 234 880 273 A.
939 234 1346 274 CLUENTIO.
1643 248 1685 286 51

295 337 390 376 H—S
414 348 564 381 1QCXL,
594 335 634 374 in
655 336 822 388 fingulos
848 336 999 388 judices
1020 336 1233 380 distributa,
1266 349 1356 373 eum
1377 346 1585 373 numerum
1607 334 1690 372 sen-

299 404 509 441 tentiarum
540 401 728 439 conficere
758 402 964 446 debebant,
996 411 1039 439 ut
1071 402 1117 439 ad
1150 401 1371 445 cumulum,
1404 401 1465 453 spe
1499 402 1693 453 majorum

298 470 561 522 praemiorum,
594 467 709 519 ipfius
731 467 873 505 Staleni
904 466 1088 505 sententia
1118 466 1278 519 septima
1302 467 1453 504 decima
1482 468 1689 505 accederet.

298 535 430 587 Atque
449 534 566 572 etiam
587 533 672 571 casu
695 542 794 578 tum,
817 533 922 585 quod
942 533 1040 571 illud
1060 542 1215 586 repente
1236 542 1314 570 erat
1334 532 1495 577 factum,
1519 533 1691 570 Stalenus

297 600 376 652 ipse
397 614 474 638 non
495 599 620 637 aderat
637 615 644 637 :
681 599 833 637 causam
854 599 979 638 nescio
998 613 1118 652 quam
1138 599 1238 652 apud
1253 599 1428 651 judicem
1449 597 1690 636 defendebat.

299 666 429 704 Facile
449 665 524 704 hoc
545 666 686 704 Avitus
721 665 951 718 patiebatur,
984 665 1097 704 facile
1119 666 1337 710 Canutius;
1369 674 1406 703 at
1440 678 1517 703 non
1541 665 1691 717 Oppia-

298 733 424 778 nicus,
447 746 570 785 n-eque
586 742 768 785 patronus
789 734 869 786 ejus
891 733 939 771 L.
963 733 1176 785 Qintius:
1200 733 1282 785 qui,
1302 746 1395 771 cum
1416 731 1504 770 effet
1524 745 1570 770 eo
1589 742 1691 769 tern-

297 814 390 853 pore
424 800 603 838 tribunus
635 800 773 853 plebis,
807 800 1031 838 convicium
1063 801 1111 838 C.
1140 800 1274 851 Junio,
1304 799 1429 851 judici
1459 798 1692 851 quaestionis,

297 867 519 905 maximum
540 866 648 911 fecit,
672 868 723 906 Ut
742 881 785 905 ne
790 867 871 921 stne
889 868 1031 906 Staleno
1051 867 1087 905 in
1107 867 1281 918 confilium
1295 867 1414 904 iretur
1428 882 1442 905 :
1464 878 1635 918 cumque
1655 865 1695 902 id

298 934 335 971 ei
354 947 422 986 per
441 934 601 972 viatores
621 933 796 972 consulto
817 933 1075 986 negligentius
1097 934 1158 986 agi
1178 933 1382 978 videretur,
1403 932 1481 986 ipse
1496 946 1516 970 e
1537 932 1695 985 publico

294 1000 447 1051 judicio
468 1000 514 1037 ad
535 1000 730 1051 privatum
750 999 891 1037 Staleni
916 1000 1115 1051 judicium
1137 999 1330 1052 profectus
1350 999 1416 1044 est,
1449 1008 1487 1037 et
1506 999 1605 1037 illud
1625 1012 1695 1051 pro

299 1066 484 1120 potestate
499 1066 648 1104 dimitti
662 1066 794 1117 juffit:
819 1066 1017 1104 Stalenum
1037 1065 1116 1119 ipse
1136 1065 1183 1103 ad
1203 1065 1378 1104 subsellia
1392 1065 1564 1104 adduxit.
1585 1066 1695 1103 Con—

300 1133 467 1186 surgitur
487 1133 527 1171 in
548 1132 768 1177 confilium,
789 1146 883 1170 cum
902 1131 1105 1170 sententias
1128 1132 1383 1184 Oppianicus,
1405 1146 1491 1184 quae
1510 1141 1597 1171 tum
1617 1142 1697 1170 erat

300 1199 476 1253 potestas,
499 1197 625 1251 palam
647 1196 738 1235 ferri
759 1197 854 1235 velle
873 1197 1035 1242 dixiffet,
1068 1206 1113 1235 ut
1131 1197 1306 1236 Stalenus
1328 1198 1420 1236 scire
1444 1197 1577 1250 poffet,
1600 1198 1696 1250 quid

299 1265 443 1317 cuique
463 1264 677 1302 deberetur.
706 1263 1015 1316 Variajudicum
1035 1276 1196 1316 genera:
1233 1263 1445 1301 nummarii
1464 1264 1602 1316 pauci3
1635 1263 1697 1301 sed

300 1344 436 1370 omnes
455 1330 554 1369 irati.
588 1331 646 1368 Ut
665 1330 734 1383 qui
754 1330 925 1383 accipere
951 1330 991 1367 in
1013 1343 1152 1383 campo
1173 1329 1420 1374 consuerunt,
1448 1331 1494 1368 iis
1513 1329 1695 1368 candida-

301 1398 363 1443 tis,
386 1411 555 1451 quorum
585 1410 769 1435 nummos
790 1395 998 1450 suppreffos
1027 1395 1099 1434 effe
1118 1405 1270 1449 putant,
1302 1396 1558 1435 inimiciffimi
1577 1396 1698 1434 solent

300 1463 401 1509 effe3
433 1464 484 1502 fic
505 1462 693 1515 ejusmodi
717 1463 868 1516 judices
890 1461 1018 1500 infesti
1039 1471 1125 1500 tum
1147 1476 1210 1500 reo
1238 1471 1432 1502 venerant.
1465 1463 1604 1502 Caeteri
1624 1476 1696 1500 no-

298 1531 563 1570 centiffimum
583 1530 654 1568 effe
674 1530 956 1568 arbitrabantur
971 1547 983 1574 ς
1006 1529 1069 1567 sed
1089 1528 1304 1581 spectabant
1325 1529 1526 1568 sententias
1547 1543 1696 1575 eorum,

302 1610 399 1648 quos
420 1605 619 1648 corruptos
642 1596 839 1648 putabant,
863 1603 906 1632 ut
925 1607 972 1632 ex
992 1594 1038 1632 iis
1060 1593 1347 1640 constituerent,
1364 1609 1385 1633 a
1404 1609 1483 1648 quo
1496 1596 1697 1648 judicium

289 1663 531 1715 ‘corruptum
550 1661 752 1700 videretur.

356 1727 551 1766 XXVIII.
584 1728 688 1765 Ecce
709 1728 782 1766 tibi
802 1727 990 1780 ejusmodi
1011 1727 1173 1774 sortitio,
1204 1738 1247 1767 ut
1267 1729 1306 1767 in
1329 1729 1463 1782 primis
1486 1729 1625 1775 Bulbo,
1659 1738 1698 1767 et

301 1793 467 1839 Staieno,
500 1803 537 1831 et
559 1794 706 1839 Guttae,
728 1793 816 1832 effet
830 1794 1104 1847 judicandum.
1136 1797 1298 1833 Summa
1317 1796 1496 1833 omnium
1517 1797 1694 1848 expecta-

300 1859 370 1905 tio,
393 1859 580 1913 quidnam
601 1859 796 1899 sententiae
816 1859 959 1899 ferrent
979 1861 1079 1899 leves
1111 1874 1153 1899 ac
1189 1862 1399 1899 nummarii
1414 1862 1580 1914 judiees.
1618 1864 1693 1900 At-

301 1940 377 1979 que
396 1927 456 1965 illi
486 1940 622 1965 omnes
643 1927 719 1966 fine
739 1927 817 1965 ulla
843 1928 1084 1966 dubitatione
1115 1929 1388 1967 condemnant.
1421 1930 1502 1967 Hic
1523 1939 1609 1968 turn
1632 1931 1694 1967 in-

295 1993 418 2045 jectus
439 1994 491 2032 est
510 1993 739 2033 hominibus
760 1994 976 2048 scrupulus,
1010 2006 1048 2033 et
1068 1996 1242 2048 quaedam
1269 1996 1475 2041 dubitatio,
1508 1997 1696 2048 quidnam

300 2059 388 2098 effet
407 2062 549 2099 aetum.
583 2061 736 2099 Deinde
755 2060 934 2100 homines
955 2062 1153 2116 sapientes,
1183 2076 1230 2100 ex
1250 2073 1375 2101 vetere
1406 2063 1472 2101 illa
1497 2063 1696 2116 disciplina

296 2126 549 2178 judiciorum,
582 2128 650 2180 qui
682 2142 806 2180 neque
826 2128 1016 2167 absolvere
1046 2128 1250 2168 hominem
1271 2130 1584 2168 nocentiffimum
1607 2130 1694 2183 pos-

301 2191 396 2237 sent,
411 2207 535 2247 neque
553 2208 658 2239 eum,
673 2195 719 2232 de
735 2209 814 2247 quo
833 2195 923 2233 effet
943 2206 1024 2234 orta
1039 2196 1213 2249 suspicio,
1233 2197 1395 2249 pecunia
1410 2208 1693 2249 oppugnatum,

302 2272 340 2296 re
361 2259 426 2296 illa
445 2259 657 2313 incognita,
691 2263 819 2314 primo
838 2262 1095 2300 condemnare
1116 2263 1284 2308 vellent,
1318 2277 1395 2301 non
1416 2264 1563 2315 liquere
1582 2264 1693 2300 dixe-

302 2334 405 2362 runt.
430 2325 625 2363 Nonnulli
643 2337 770 2366 autem
787 2327 900 2366 severi
917 2327 1095 2366 homines
1112 2328 1187 2367 hoc
1203 2329 1425 2373 statuerunt,
1443 2343 1520 2380 quo
1533 2329 1695 2380 quisque

303 2391 434 2429 animo
455 2391 549 2443 quid
569 2391 723 2438 faceret,
746 2395 900 2447 spectari
921 2406 1124 2447 oportere;
1156 2406 1207 2441 et,
1231 2397 1254 2434 fi
1276 2396 1340 2433 alii
1362 2397 1521 2448 pecunia
1542 2407 1695 2448 accepti

300 2457 435 2495 ¹verum
451 2458 688 2509 judicabant,
712 2468 840 2498 tamen
871 2460 996 2499 nihilo
1017 2463 1147 2500 minus
1175 2462 1209 2500 se
1242 2461 1495 2514 superioribus
1527 2462 1600 2499 suis
1627 2464 1693 2514 ju-

303 2525 413 2563 diciis
435 2526 603 2564 constare
631 2526 817 2579 putabant
843 2538 1029 2581 oportere.
1064 2530 1197 2581 Itaque
1229 2529 1473 2567 damnarunt.
1510 2530 1696 2581 (Quoque

1296 2596 1334 2633 G
1368 2609 1389 2633 2
