2212 2835
401 211 451 250 70
894 192 1293 231 ORATIO

456 296 545 333 Hoc
568 301 608 330 tu
629 291 732 328 idem
753 289 883 333 facies,
904 289 1047 334 censor,
1081 289 1121 327 in
1142 289 1271 327 senatu
1290 288 1451 341 legendo
1470 290 1482 326 ?
1513 290 1540 327 fi
1559 297 1670 327 erunt
1689 291 1778 342 plu-

400 373 470 404 res,
502 359 570 410 qui
590 357 640 394 ob
670 357 916 394 innocentem
947 355 1285 393 condemnandum
1313 356 1515 408 pecuniam
1548 356 1779 407 acceperint,

399 439 476 462 non
497 423 768 462 animadvertas
791 422 830 459 in
852 434 1000 466 omnes,
1031 421 1093 458 sed
1123 435 1264 474 carpas,
1297 430 1339 459 ut
1359 421 1465 466 velis,
1498 430 1534 458 et
1560 433 1699 473 paucos
1734 433 1781 458 ex

399 490 533 528 multis
565 489 611 526 ad
642 487 897 540 ignominiam
931 486 1108 525 sortiare?
1140 487 1314 525 Habebit
1344 487 1475 539 igitur,
1507 495 1543 523 te
1575 486 1713 524 sciente
1744 494 1781 524 et

399 555 564 599 vidente,
596 554 700 592 curia
719 553 941 597 senatorem,
965 552 1128 605 populus
1145 553 1345 590 Romanus
1360 553 1548 604 judicem,
1570 551 1782 604 respublica

399 621 539 665 civem,
572 620 646 658 sme
665 618 880 671 ignominia
899 631 1149 670 quemquam,
1186 619 1268 670 qui,
1300 618 1345 655 ad
1364 619 1576 670 perniciem
1596 618 1780 655 innocen-

401 687 463 731 tis,
487 686 602 724 fidem
624 684 728 722 suam
750 693 786 722 et
806 684 1033 736 religionem
1054 685 1216 736 pecunia
1234 684 1481 722 commutarit
1499 685 1512 721 ?
1535 693 1586 728 et,
1607 684 1675 735 qui
1694 695 1781 734 pre-

400 756 455 792 tio
476 752 656 790 adductus
677 752 858 803 eripuerit
877 751 1053 803 patriam,
1075 750 1259 796 fortunas,
1290 750 1445 795 liberos,
1467 751 1542 788 civi
1568 749 1778 794 innocenti,

400 821 431 858 is
452 819 626 858 censoriae
646 817 848 855 severitatis
869 826 959 855 nota
979 830 1056 855 non
1087 818 1260 855 inuretur
1277 817 1290 854 ?
1322 818 1389 855 Tu
1409 830 1446 854 es
1467 815 1665 869 praefectus
1692 828 1777 853 mo-

400 886 520 930 ribus,
551 894 594 922 tu
614 883 788 936 magister
818 883 952 921 veteris
973 882 1183 935 disciplinae
1211 891 1250 920 et
1269 882 1487 927 severitatis,
1514 882 1539 920 fi
1560 891 1625 920 aut
1645 881 1782 920 retines

400 963 638 1003 quemquam
668 949 787 987 sciens
818 949 859 986 in
888 948 1030 992 senatu,
1062 947 1199 985 scelere
1229 955 1335 985 tanto
1366 947 1687 991 contaminatum,
1718 955 1782 984 aut

399 1018 544 1061 statuis,
576 1017 644 1068 qui
676 1016 716 1053 in
737 1016 868 1053 eadem
889 1016 1003 1067 culpa
1022 1015 1081 1059 fit,
1112 1028 1190 1053 non
1209 1013 1340 1052 eadem
1359 1027 1473 1067 poena
1492 1014 1594 1052 affici
1627 1022 1780 1067 oporte-

399 1097 437 1121 re
455 1083 467 1119 ?
498 1091 549 1126 et,
571 1094 689 1133 quam
715 1079 979 1119 conditionem
1000 1079 1180 1132 supplicii
1200 1080 1360 1131 majores
1392 1081 1433 1117 in
1460 1079 1562 1118 bello
1581 1079 1782 1118 timiditati

400 1148 536 1186 militis
557 1146 788 1199 propositam
809 1145 879 1183 effe
898 1145 1116 1189 voluerunt,
1147 1145 1307 1182 eandem
1339 1153 1379 1182 tu
1402 1145 1441 1182 in
1467 1158 1559 1197 paee
1577 1144 1783 1184 constitues

399 1213 640 1266 improbitati
661 1211 839 1249 senatoris
858 1211 871 1247 ?
910 1210 1028 1262 Qod
1049 1210 1074 1248 fi
1094 1209 1169 1248 hoc
1189 1210 1411 1263 exemplum
1432 1224 1479 1248 ex
1499 1224 1537 1248 re
1558 1211 1717 1248 militari
1736 1211 1781 1250 ad

399 1278 762 1316 animadverfionem
793 1276 1001 1314 censoriam
1033 1275 1339 1314 transferendum
1370 1275 1472 1321 fuit,
1516 1276 1712 1313 sortitione
1741 1276 1781 1314 id

399 1344 524 1396 ipsum
544 1342 690 1380 factum
708 1341 779 1379 effe
809 1341 982 1394 oportuit
1001 1355 1010 1379 :
1042 1342 1096 1379 fin
1116 1350 1243 1379 autern
1264 1340 1386 1379 sortiri
1407 1341 1453 1378 ad
1472 1354 1641 1394 poenam,
1670 1349 1783 1392 atque

398 1409 607 1448 hominum
628 1408 812 1447 delictum
831 1407 993 1446 fortunae
1008 1407 1158 1460 judicio
1177 1408 1434 1452 committere,
1465 1407 1630 1446 minime
1649 1406 1782 1445 censo-

399 1477 500 1514 rium
517 1475 570 1513 est
582 1494 593 1520 ς
626 1483 727 1513 certe
747 1475 787 1511 in
808 1474 1022 1513 multorum
1043 1482 1201 1526 peccato
1221 1474 1324 1527 carpi
1344 1487 1484 1526 paucos
1504 1473 1549 1512 ad
1569 1472 1782 1527 ignomini-

400 1555 462 1580 am
483 1551 520 1579 et
541 1540 820 1593 turpitudinem
841 1553 919 1578 non
939 1548 1103 1592 oportet.

427 1607 597 1645 XLVII.
630 1606 776 1642 Verum
796 1618 929 1643 omnes
957 1605 1228 1657 intelligimus,
1261 1607 1301 1644 in
1332 1606 1408 1644 istis
1441 1604 1783 1658 subscriptionibus

399 1681 559 1710 ventum
582 1671 773 1724 quendam
795 1671 1020 1723 popularem
1051 1671 1121 1709 effe
1141 1672 1355 1723 quaesitum.
1387 1673 1531 1722 Jaetata
1561 1684 1617 1709 res
1637 1680 1714 1708 erat
1743 1671 1783 1708 in

399 1739 583 1776 concione
614 1751 633 1774 a
666 1738 820 1775 tribuno
852 1736 1052 1774 seditioso:
1086 1737 1281 1789 incognita
1311 1737 1418 1774 causa
1449 1737 1653 1789 probatum
1684 1736 1783 1773 illud

399 1812 474 1840 erat
496 1802 764 1840 multitudini:
797 1802 982 1839 illicitum
1003 1801 1054 1839 est
1071 1811 1203 1839 contra
1221 1803 1345 1840 dicere
1363 1817 1370 1840 z
1405 1815 1520 1839 nemo
1540 1802 1716 1853 denique,
1741 1811 1784 1838 ut

400 1867 618 1906 defenderet
650 1868 877 1904 contrariam
912 1876 1058 1919 partem
1077 1895 1088 1911 ,
1127 1867 1331 1905 laborabat.
1378 1868 1422 1905 In
1450 1867 1635 1904 invidiam
1670 1880 1783 1918 porro

400 1948 580 1986 magnam
612 1932 676 1970 illa
700 1933 846 1984 judicia
866 1943 1072 1971 venerant:
1105 1934 1249 1970 etenim
1280 1934 1409 1985 paucis
1442 1933 1566 1985 postea
1592 1933 1783 1971 menfibus

400 2001 469 2038 alia
491 2000 695 2037 vehemens
727 2009 803 2036 erat
834 2000 873 2037 in
902 1999 1059 2051 judiciis
1091 2013 1137 2037 ex
1168 2000 1362 2037 notatione
1394 1999 1609 2037 tabularum
1642 2000 1784 2037 invidia

401 2067 551 2104 versata.
587 2065 829 2103 I’raete1·mitti
850 2079 868 2102 a
889 2065 1118 2109 censoribus,
1141 2075 1177 2102 et
1199 2065 1355 2117 negligi,
1379 2065 1528 2103 macula
1543 2066 1781 2117 judiciorum

400 2132 500 2185 posse
523 2145 598 2169 non
619 2131 829 2168 videbatur.
863 2131 1068 2176 Homines,
1101 2144 1197 2183 quos
1218 2132 1361 2169 canteris
1384 2131 1499 2174 vitiis,
1532 2140 1644 2182 atque
1674 2132 1783 2168 omni

399 2199 594 2242 dedecore,
617 2196 777 2234 infames
801 2196 992 2241 videbant,
1023 2210 1085 2234 eos
1104 2196 1174 2234 hac
1191 2210 1344 2249 quoque
1365 2196 1637 2248 subscriptione
1655 2207 1783 2234 notare

400 2265 614 2308 voluerunt,
645 2272 682 2300 et
702 2276 746 2299 eo
767 2263 902 2314 magis,
934 2262 1038 2314 quod
1059 2263 1127 2300 illo
1148 2263 1229 2315 ipso
1251 2272 1434 2315 tempore,
1468 2263 1543 2300 illis
1564 2263 1782 2300 censoribus

401 2341 504 2367 erant
530 2329 676 2381 judicia
695 2342 785 2365 cum
807 2328 968 2379 equestri
995 2328 1128 2365 ordine
1147 2330 1433 2366 communicata
1452 2343 1460 2365 2
1494 2337 1536 2365 ut
1566 2327 1781 2365 viderentur

401 2410 464 2447 per
485 2395 692 2433 hominum
713 2394 941 2431 idoneorum
962 2394 1216 2445 ignominiam
1238 2394 1300 2432 sua
1320 2395 1540 2432 auetoritate
1559 2393 1623 2431 illa
1637 2393 1781 2445 judicia

401 2475 492 2499 cum
513 2461 674 2512 equestri
694 2460 826 2498 ordine
847 2459 1132 2513 reprehendisse.
