2212 2835
499 244 576 281 ω
1002 227 1399 265 ORATIO

552 324 664 362 Num
694 324 764 362 tibi
794 323 874 362 haec
895 337 1006 376 parva
1026 323 1202 361 videntur
1221 323 1442 375 adjumenta
1461 332 1498 361 et
1518 322 1678 361 subsidia
1702 323 1875 362 consula-

499 391 586 428 tus?
619 390 792 428 voluntas
814 390 1004 435 militum,
1031 404 1115 442 quae
1135 403 1227 427 cum
1248 403 1312 442 per
1332 389 1366 427 se
1387 389 1484 427 valet
1505 389 1769 433 multitudine,
1791 398 1877 426 tum

497 456 597 508 apud
618 456 700 494 suos
721 456 840 509 gratia
847 474 858 500 3
882 465 967 494 tum
988 469 1074 493 vero
1093 456 1134 493 in
1153 455 1307 493 consule
1325 455 1549 493 declarando
1568 454 1741 493 multum
1760 454 1879 492 etiam

498 522 598 574 apud
619 521 835 560 universum
855 521 1045 574 populum
1066 522 1291 559 Romanum
1312 521 1541 559 auctoritatis
1562 520 1678 559 habet
1696 519 1878 572 suffraga-

498 588 552 625 tio
573 587 770 626 militaris:
802 588 1046 639 imperatores
1067 587 1172 624 enim
1192 587 1361 624 comitiis
1383 586 1655 630 consularibus,
1686 598 1763 623 non
1792 598 1878 623 ver-

498 654 637 691 borum
656 654 893 705 interpretes,
923 652 1157 704 deliguntur.
1189 652 1320 702 Qare
1338 652 1461 704 gravis
1482 652 1534 690 est
1559 651 1625 689 illa
1649 651 1783 695 oratio,
1813 651 1881 688 Me

484 720 650 772 stmcismz
681 719 862 757 rem-cavit
877 734 889 756 .·
920 733 972 756 me
995 717 1125 770 praeda
1155 717 1303 756 donavit
1316 734 1328 756 :
1367 719 1428 756 hoc
1458 718 1541 757 duce
1571 718 1685 770 castra
1715 718 1879 770 cepimus,

484 787 595 838 signa
615 786 820 824 contulimus
834 800 847 823 .·
864 798 1043 837 nunquam
1063 784 1078 820 τ’
1104 798 1120 821 e
1132 784 1216 835 plus
1235 784 1343 821 militi
1357 784 1487 822 laboris
1505 785 1678 837 impoficit,
1697 799 1801 837 quam
1805 782 1883 834 fibi

483 852 638 904 stanpstt
663 851 752 903 ipse,
784 864 861 889 cum
877 849 1010 902 sortis,
1042 859 1118 886 tum
1143 849 1249 886 etiam
1259 848 1371 900 filix.
1404 849 1494 886 Hoc
1520 850 1654 899 quanti
1680 859 1790 901 putas
1810 848 1880 886 effe

499 917 545 954 ad
578 916 723 955 famam
755 915 977 959 hominum,
1012 927 1054 952 ac
1090 913 1357 951 voluntatem?
1399 914 1572 958 Etenim,
1607 914 1633 951 fi
1668 923 1771 951 tanta
1803 914 1879 952 illis

500 982 667 1020 comitiis
698 981 833 1034 religio
863 981 927 1024 est,
959 989 1002 1017 ut
1032 978 1156 1016 adhuc
1188 978 1335 1030 semper
1365 992 1480 1016 omen
1507 978 1667 1017 valuerit
1692 992 1878 1031 praeroga-

501 1049 624 1086 tivum
640 1067 651 1093 ;
683 1047 777 1100 quid
797 1047 942 1089 mirum
960 1045 1026 1091 est,
1057 1046 1097 1084 in
1118 1044 1192 1084 hoc
1212 1043 1407 1084 felicitatis
1426 1044 1570 1084 famam
1590 1045 1881 1098 sermonemque

501 1114 649 1153 valuisse
665 1115 680 1151 ἓ

554 1181 666 1218 ΧΙΧ.
699 1180 784 1224 Sed,
815 1179 838 1217 fi
860 1179 942 1218 haec
962 1178 1101 1217 leviora
1120 1178 1242 1223 ducis,
1270 1191 1353 1230 quae
1374 1177 1460 1216 sunt
1479 1177 1705 1230 graviffima,
1726 1186 1765 1216 et
1783 1176 1882 1215 hanc

501 1247 684 1284 urbanam
705 1245 1012 1298 suffragationem
1032 1245 1191 1283 militari
1211 1244 1433 1297 anteponis;
1466 1244 1545 1282 noli
1566 1244 1745 1282 ludorum
1766 1243 1881 1295 hujus

501 1312 742 1364 elegantiam,
757 1320 795 1348 et
806 1311 921 1349 scenae
935 1310 1277 1363 magnificentiam,
1295 1310 1400 1348 valde
1412 1319 1670 1354 contemnere,
1685 1323 1769 1362 quae
1787 1308 1881 1347 huic

502 1377 712 1416 admodum
732 1376 971 1429 profuerunt.
990 1376 1096 1415 Nam
1116 1377 1211 1428 quid
1228 1390 1298 1429 ego
1314 1376 1454 1421 dicam,
1472 1376 1662 1429 populum
1682 1389 1724 1413 ac
1744 1375 1882 1427 vulgus

501 1443 771 1495 imperitorum
792 1442 891 1480 ludis
912 1455 1141 1494 magnopere
1160 1441 1334 1479 delectari
1352 1443 1365 1479 ?
1397 1442 1525 1480 minus
1553 1442 1605 1479 est
1630 1441 1849 1480 mirandum
1869 1455 1880 1479 ι

502 1522 723 1561 quanquam
744 1506 836 1546 huic
855 1507 971 1545 causae
990 1507 1030 1545 id
1050 1507 1134 1545 satis
1155 1507 1230 1545 est:
1253 1507 1339 1545 sunt
1358 1508 1462 1546 enirn
1482 1508 1617 1560 populi
1637 1521 1678 1545 ac
1699 1507 1881 1545 multitu-

502 1576 601 1614 dinis
621 1575 790 1613 comitia.
815 1575 956 1627 Qare,
979 1573 1004 1611 fi
1026 1573 1170 1626 populo
1190 1573 1370 1612 ludorum
1391 1573 1678 1626 magnificentia
1695 1573 1885 1627 voluptati

501 1642 567 1687 est,
599 1656 675 1680 non
706 1641 758 1679 est
788 1641 1021 1684 mirandum,
1052 1654 1136 1678 earn
1167 1641 1216 1679 L.
1248 1641 1425 1679 Murenae
1450 1640 1550 1693 apud
1575 1640 1768 1693 populum
1793 1653 1884 1693 pro-

502 1706 624 1745 fuiffe.
657 1707 742 1751 Sed,
773 1707 799 1744 fi
826 1705 1056 1757 nosmetipsi,
1088 1706 1156 1756 qui
1183 1714 1220 1743 et
1245 1706 1291 1743 ab
1320 1706 1566 1743 delcetatione
1589 1706 1698 1744 omni
1719 1706 1882 1757 negotiis

503 1773 753 1826 impedimur,
774 1782 811 1810 et
829 1773 871 1810 in
892 1772 968 1824 ipsa
987 1771 1238 1823 occupatione
1257 1770 1522 1808 delectationes
1543 1771 1631 1808 alias
1652 1771 1792 1809 multas
1812 1770 1882 1809 ha—

505 1839 592 1876 bere
618 1837 827 1891 possumus,
858 1837 957 1875 ludis
988 1845 1114 1874 tamen
1135 1836 1383 1881 obleetamur,
1415 1845 1452 1874 et
1477 1836 1685 1881 ducimur;
1717 1836 1810 1888 quid
1841 1847 1883 1874 tu

505 1904 688 1942 admirere
708 1902 754 1940 de
773 1902 1024 1941 multitudine
1043 1902 1195 1940 indocta
1212 1902 1226 1938 ?

560 1970 608 2007 L.
634 1967 756 2014 Otho,
786 1969 843 2006 vir
861 1967 985 2013 fortis,
1012 1981 1120 2006 meus
1142 1967 1376 2013 necessarius,
1398 1968 1559 2020 equestri
1579 1968 1703 2006 ordini
1723 1968 1884 2006 restituit

506 2049 583 2074 non
612 2035 734 2073 solum
761 2035 1002 2087 dignitatem,
1035 2033 1096 2071 sed
1123 2035 1236 2072 etiam
1264 2034 1514 2087 voluptatem.
1547 2036 1680 2086 Itaque
1707 2035 1767 2073 iex
1787 2034 1882 2079 haec,

505 2115 591 2154 quae
625 2101 671 2138 ad
703 2101 814 2138 ludos
850 2101 1027 2153 pertinet,
1062 2099 1114 2137 est
1147 2101 1325 2138 omnium
1356 2100 1575 2152 gratiffima,
1610 2101 1714 2152 quod
1746 2100 1884 2138 hones-

506 2166 648 2205 tiffimo
677 2165 801 2204 ordini
831 2179 922 2204 cum
955 2165 1151 2218 splendore
1181 2164 1327 2203 fruetus
1361 2178 1515 2217 quoque
1546 2166 1799 2217 jucunditatis
1832 2164 1885 2202 est

506 2232 713 2271 restitutus.
746 2232 875 2282 Qare
905 2231 1092 2269 delectant
1122 2230 1313 2275 homines,
1350 2230 1449 2268 mihi
1480 2231 1602 2276 crede,
1626 2231 1733 2276 ·ludi‚
1767 2231 1883 2269 etiam

508 2299 608 2342 illos,
639 2298 707 2350 qui
733 2297 980 2342 dissimulant,
1011 2310 1087 2335 non
1115 2297 1238 2335 solum
1265 2310 1341 2340 eos,
1373 2297 1439 2349 qui
1464 2296 1658 2335 fatentur:
1691 2296 1795 2349 quod
1813 2309 1884 2348 ego

509 2365 548 2402 in
582 2377 667 2402 mea
700 2363 886 2416 petitione
919 2362 1036 2402 senfi:
1078 2376 1165 2400 nam
1201 2376 1269 2401 nos
1304 2376 1459 2414 quoque
1490 2361 1697 2401 habuimus
1736 2362 1883 2400 scenam

508 2429 830 2481 competitricem.
863 2428 980 2479 Qod
1006 2428 1031 2466 fi
1059 2441 1142 2480 ego,
1173 2428 1240 2479 qui
1269 2428 1387 2466 trinos
1413 2427 1524 2466 ludos
1556 2427 1673 2466 aedilis
1702 2425 1883 2469 feceram,

507 2505 635 2532 tamen
657 2494 819 2533 Antonii
837 2493 937 2533 ludis
957 2494 1251 2539 commovebar,
1284 2494 1368 2539 tibi,
1391 2493 1458 2546 qui
1478 2493 1562 2531 casu
1583 2492 1708 2532 nullos
1728 2490 1882 2535 feceras,
