2212 2835
505 204 581 256 306
1013 198 1416 237 ORATIO

504 304 566 342 sed
596 316 642 341 ex
673 301 846 340 moribus
876 301 982 354 ejus,
1014 300 1083 353 qui
1108 300 1305 353 arguitur,
1336 299 1389 338 est
1419 298 1725 352 ponderandum.
1755 300 1900 354 Neque

503 371 609 407 enim
636 369 758 422 potest
786 367 990 420 quisquam
1021 368 1194 406 nostrum
1220 367 1347 405 subito
1377 367 1487 420 fingi,
1519 380 1643 419 neque
1671 367 1899 420 cujusquam

503 444 658 489 repente
678 436 755 473 vita
775 435 917 473 mutari
932 463 943 479 ,
974 443 1039 472 aut
1064 443 1198 472 natura
1217 434 1403 472 converti.
1437 433 1737 486 Circumspicite
1756 433 1898 487 paulis-

503 516 573 555 per
593 502 789 540 mentibus
810 501 938 539 vestris
956 530 967 545 ‚
999 509 1043 539 ut
1062 500 1134 538 alia
1153 500 1380 538 omittamus
1398 530 1409 546 ‚
1440 499 1553 538 hosce
1573 499 1672 553 ipsos
1693 499 1871 539 homines
1885 529 1899 546 ,

504 569 574 621 qui
604 568 697 606 huic
729 567 861 605 affines
891 566 1020 605 sceleri
1048 566 1220 605 fuerunt.
1253 567 1421 605 Catilina
1451 575 1584 605 contra
1614 566 1898 620 rempublicam

504 635 733 687 conjuravit.
767 634 890 686 Cujus
910 647 1015 671 aures
1036 647 1211 686 unquam
1230 632 1306 671 hoc
1334 633 1557 686 respuerunt
1574 662 1585 678 ,
1617 642 1801 672 conatum
1829 632 1901 671 effe

504 700 709 739 hominem
731 699 849 752 usque
868 713 888 736 a
908 699 1073 751 pueritia
1092 713 1169 737 non
1190 699 1315 737 solum
1341 700 1636 753 intemperantia
1666 708 1705 738 et
1733 699 1869 738 scelere
1886 729 1899 745 ‚

504 768 567 805 sed
587 767 704 805 etiam
725 765 1003 804 consuetudine
1023 775 1061 803 et
1082 765 1206 803 studio
1227 766 1267 803 in
1287 767 1397 804 omni
1416 766 1577 819 flagitio,
1608 766 1752 819 stupro,
1782 766 1899 811 caede,

504 832 726 871 versatum?
758 831 859 883 Qis
880 845 970 869 eum
991 840 1123 869 contra
1150 832 1313 884 patriam
1340 841 1579 884 pugnantem
1606 832 1753 884 periisse
1781 833 1899 871 mira·

504 910 590 944 tur,
622 912 741 952 quern
768 897 916 951 semper
941 911 1077 936 omnes
1105 898 1151 936 ad
1177 898 1290 936 civile
1314 898 1563 936 latrocinium
1583 907 1720 936 natum
1740 907 1900 951 putave-

504 966 624 1004 runt?
662 966 762 1017 Qis
797 965 958 1002 Lentuli
993 963 1186 1002 societates
1221 978 1314 1003 cum
1346 964 1561 1010 indicibus,
1593 965 1680 1018 quis
1714 964 1899 1002 insaniam

504 1032 716 1070 libidinum
736 1060 745 1075 ,
778 1032 863 1083 quis
886 1030 1098 1083 perversam
1119 1039 1234 1084 atque
1256 1031 1420 1084 impiam
1442 1032 1669 1084 religionem
1684 1061 1695 1076 ,
1722 1031 1898 1069 recorda—

503 1107 567 1136 tur
583 1127 594 1143 ,
626 1098 694 1150 qui
714 1097 828 1134 illum
849 1106 914 1135 aut
936 1096 1076 1134 nefarie
1098 1096 1275 1150 cogitasse
1293 1127 1303 1142 ,
1335 1106 1400 1136 aut
1427 1097 1541 1136 stulte
1566 1097 1721 1151 speraffe
1737 1127 1748 1143 ‚
1780 1097 1896 1135 mire-

505 1175 567 1204 tur
585 1165 598 1202 ?
630 1164 731 1216 Qis
760 1164 807 1201 de
835 1165 882 1202 C.
907 1162 1082 1216 Cethego
1099 1192 1109 1209 ,
1140 1173 1256 1216 atque
1276 1164 1355 1216 ejus
1377 1164 1417 1202 in
1438 1164 1668 1217 Hispaniam
1688 1163 1900 1217 profectio-

502 1245 564 1276 ne,
596 1244 638 1269 ac
672 1231 720 1268 de
753 1230 909 1268 vulnere
943 1230 1175 1282 QMetelli
1211 1231 1284 1275 Pii,
1315 1230 1474 1283 cogitat,
1505 1230 1569 1269 cui
1603 1245 1683 1269 non
1716 1230 1763 1269 ad
1793 1230 1899 1268 illius

503 1310 660 1349 poenam
680 1309 805 1334 carcer
826 1295 1033 1334 aedificatus
1054 1295 1125 1334 effe
1151 1296 1353 1334 videatur?
1387 1297 1544 1335 Omitto
1568 1305 1721 1335 caeteros
1738 1325 1750 1341 ‚
1781 1309 1828 1333 ne
1855 1296 1900 1333 fit

501 1363 734 1402 infinitum:
768 1372 920 1401 tantum
956 1376 976 1400 a
1009 1363 1119 1401 vobis
1150 1372 1254 1415 peto,
1286 1372 1330 1401 ut
1360 1363 1467 1401 taciti
1496 1363 1542 1403 de
1571 1363 1770 1408 omnibus,
1801 1376 1898 1414 quos

504 1429 712 1483 conjurasse
736 1431 940 1482 cognitum
967 1429 1033 1474 est,
1065 1430 1271 1482 cogitetis;
1303 1429 1543 1483 intelligetis,
1574 1441 1898 1482 unumquemque

504 1496 663 1535 illorum
684 1496 790 1549 prius
811 1509 831 1533 a
851 1495 914 1533 sua
936 1495 1013 1532 vita
1030 1524 1041 1540 ‚
1073 1509 1191 1547 quam
1219 1495 1343 1533 nostra
1369 1495 1581 1549 suspicione
1599 1525 1610 1541 ,
1641 1495 1712 1533 effe
1738 1495 1898 1533 damna-

504 1571 604 1601 tum.
637 1561 769 1615 Ipsum
790 1561 906 1599 illum
927 1561 1166 1599 Autronium
1190 1561 1394 1614 (quoniam
1414 1562 1495 1614 ejus
1517 1575 1661 1600 nomen
1683 1561 1900 1600 finitimum

504 1628 675 1667 maxime
704 1627 757 1666 est
786 1626 902 1680 hujus
932 1627 1105 1681 periculo
1130 1636 1168 1666 et
1194 1628 1369 1680 crimini)
1399 1642 1477 1666 non
1503 1628 1567 1666 sua
1591 1627 1675 1667 haec
1701 1628 1779 1666 vita
1803 1641 1900 1666 con-

503 1695 658 1734 vincit?
689 1694 838 1748 semper
857 1694 994 1740 audax,
1026 1694 1216 1747 petulans,
1246 1694 1502 1733 libidinosus:
1534 1707 1654 1747 quem
1681 1695 1720 1732 in
1748 1693 1898 1746 stupro-

503 1775 592 1799 rum
616 1759 901 1799 defensionibus
929 1774 1007 1798 non
1033 1759 1159 1797 solum
1186 1760 1310 1797 verbis
1337 1761 1395 1798 uti
1422 1759 1714 1812 improbissimis
1739 1759 1898 1797 solitum

504 1826 576 1865 effe
597 1827 738 1864 scimus
756 1855 767 1872 ,
798 1840 932 1865 verum
959 1826 1073 1863 etiam
1103 1826 1244 1879 pugnis
1271 1834 1309 1863 et
1328 1825 1498 1864 calcibus
1519 1841 1527 1863 :
1560 1839 1676 1878 quem
1698 1825 1898 1863 exturbare

504 1892 682 1931 homines
717 1905 737 1929 e
770 1891 1083 1945 possessionibus,
1121 1893 1266 1930 coedem
1300 1890 1422 1930 facere
1455 1892 1673 1930 vicinorum
1693 1921 1704 1937 ‚
1740 1891 1899 1944 spoliare

503 1958 590 1997 fana
615 1958 804 1996 sociorum
823 1987 833 2003 ‚
864 1959 902 1996 vi
929 1968 1113 1997 conatum
1138 1967 1175 1997 et
1193 1958 1308 1997 armis
1330 1958 1536 1997 disturbare
1551 1958 1700 2011 judicia
1716 1987 1728 2003 ‚
1760 1958 1800 1996 in
1824 1958 1897 1995 bo-

504 2026 563 2064 nis
585 2025 695 2063 rebus
716 2038 852 2063 omnes
873 2035 1121 2064 contemnere
1138 2055 1148 2070 ‚
1180 2026 1220 2063 in
1252 2026 1363 2064 malis
1391 2039 1560 2079 pugnare
1587 2034 1720 2063 contra
1745 2025 1867 2063 bonos
1886 2054 1896 2069 ,

504 2105 581 2130 non
602 2091 824 2144 reipublicae
844 2092 976 2129 cedere
994 2121 1004 2138 ,
1037 2106 1114 2130 non
1135 2091 1298 2132 fortunae
1324 2092 1394 2145 ipsi
1420 2092 1684 2130 succumbere.
1717 2091 1850 2142 Hujus
1871 2091 1897 2130 fi
1939 2128 1943 2130 ,

503 2159 612 2198 causa
646 2173 724 2197 non
758 2157 1070 2197 manifestiffimis
1105 2160 1217 2198 rebus
1253 2169 1457 2205 teneretur,
1490 2168 1620 2197 tamen
1649 2172 1741 2197 eum
1770 2171 1896 2197 mores

503 2227 618 2280 ipslus
639 2239 681 2264 ac
702 2226 779 2264 vita
800 2226 1087 2265 convincerent.

558 2293 710 2331 XXVI.
743 2292 939 2345 Agedum,
970 2292 1141 2331 conferte
1177 2307 1281 2331 nunc
1315 2307 1407 2331 cum
1444 2292 1548 2331 illius
1584 2292 1659 2331 vita
1692 2292 1813 2330 vitam
1847 2291 1893 2329 P.

502 2360 637 2411 Syllae,
669 2359 777 2397 vobis
798 2359 1021 2413 populoque
1043 2361 1223 2398 Romano
1248 2360 1481 2398 notiffimam
1498 2389 1507 2404 ‚
1540 2359 1696 2411 Judices
1713 2387 1724 2404 ,
1755 2367 1793 2396 et
1812 2370 1896 2395 eam

501 2434 587 2462 ante
607 2425 740 2463 oculos
769 2425 907 2463 vestros
936 2426 1151 2478 proponite.
1184 2426 1349 2478 Ecquod
1375 2425 1491 2478 hujus
1518 2424 1665 2463 faenum
1691 2433 1756 2462 aut
1781 2435 1892 2460 com-

501 2491 655 2529 missum
674 2520 685 2536 ,
717 2505 793 2529 non
823 2491 948 2530 dicam
976 2491 1155 2531 audacius
1173 2521 1184 2538 ,
1216 2492 1277 2531 scd
1298 2492 1402 2546 quod
1423 2493 1607 2545 cuiquam
1627 2490 1743 2544 paulo
1764 2488 1893 2526 minus
