2212 2835
748 165 887 204 PRO
946 165 995 203 L.
1056 165 1369 204 FLACCO.
1695 166 1768 206 281

322 270 325 271 ’
379 265 566 304 inclusam
587 265 626 303 in
648 265 765 304 literis
787 266 1008 319 reipublicae
1028 266 1171 319 pestem
1190 266 1491 320 deprehendisti,
1515 275 1556 305 tu
1576 267 1771 320 periculo-

379 347 466 371 rum
498 333 654 377 indicia,
685 342 728 370 tu
754 333 882 370 salutis
909 333 1064 378 auxilia,
1095 333 1141 370 ad
1168 346 1231 371 me
1258 342 1296 370 et
1322 333 1368 371 ad
1394 333 1566 372 senatum
1596 334 1770 372 attulisti.

381 399 480 449 Qae
509 398 583 436 tibi
610 408 695 436 tum
723 398 852 450 gratiae
878 398 964 436 sunt
991 411 1012 435 a
1037 411 1101 435 me
1128 398 1248 435 aeiae?
1279 412 1364 449 quae
1388 399 1435 435 ab
1456 399 1617 436 senatu?
1649 413 1733 452 quae
1753 413 1773 437 a

381 465 492 502 bonis
523 464 740 502 omnibus?
771 464 858 516 quis
890 464 978 508 tibi,
1010 464 1096 516 quis
1130 465 1178 501 C.
1211 464 1409 507 Pontinio,
1439 463 1644 503 fortissimo
1674 467 1770 510 viro,

379 542 618 582 quemquam
639 529 788 567 bonum
809 538 961 582 putaret
981 542 1152 581 unquam
1175 542 1253 566 non
1277 528 1452 574 salutem,
1483 543 1617 568 verum
1644 530 1771 569 hono-

377 608 460 633 rem
480 595 622 639 ullum,
654 595 964 647 denegaturum?
998 595 1034 632 O
1057 609 1167 633 nonae
1194 595 1270 632 illae
1298 595 1549 641 Decembres,
1581 610 1679 648 quae,
1711 610 1774 635 me

374 661 546 706 consule,
576 660 700 699 fuistis
720 660 727 698 !
761 675 879 714 quem
900 675 970 715 ego
992 661 1095 700 diem
1116 674 1202 700 vere
1222 661 1388 700 natalem
1414 660 1531 715 hujus
1558 663 1677 709 urbis,
1709 673 1774 701 aut

377 737 479 766 certe
499 727 713 773 salutarem,
744 728 933 782 appellare
952 727 1117 781 pofi‘um.

432 794 544 832 XLI.
578 794 614 831 O
638 808 714 832 nox
736 794 814 839 illa,
846 808 964 846 quam
991 794 1059 832 iste
1085 794 1138 832 est
1163 794 1244 832 dies
1271 793 1511 839 consecutus,
1542 793 1661 833 fausta
1678 794 1772 833 huic

378 860 491 899 urbi!
526 861 708 898 miserum
729 874 806 906 me,
837 870 971 899 metuo
993 875 1040 899 ne
1067 860 1215 899 funesta
1240 862 1366 899 nobis.
1400 862 1482 913 Qi
1510 871 1594 900 tum
1619 862 1772 901 animus

375 927 425 964 L.
450 926 595 971 Flacci,
627 925 744 979 (nihil
765 927 893 965 dicam
913 928 1019 966 enim
1041 927 1086 965 de
1107 928 1187 979 me)
1211 927 1280 979 qui
1299 941 1407 966 amor
1427 927 1467 966 in
1487 929 1665 980 patriam,
1687 942 1773 980 quae

377 993 512 1038 virtus,
547 1007 632 1045 quae
660 993 838 1046 gravitas,
869 994 1030 1032 extitit?
1068 993 1140 1031 Sed
1171 993 1267 1046 quid
1297 1007 1340 1030 ea
1370 1007 1653 1039 commemoro,
1685 1009 1772 1047 quae

375 1066 478 1104 tum,
510 1073 601 1097 cum
629 1060 850 1112 agebantur,
882 1073 961 1097 uno
982 1059 1166 1097 consensu
1191 1059 1386 1104 omnium,
1418 1073 1494 1098 una
1518 1074 1611 1099 voce
1635 1061 1773 1114 populi

376 1125 561 1171 Romani,
592 1139 670 1164 uno
690 1126 792 1163 orbis
819 1135 924 1164 terrae
944 1125 1179 1169 testimonio,
1211 1126 1252 1163 in
1272 1126 1411 1164 caelum
1431 1127 1610 1165 laudibus
1636 1127 1771 1166 effere-

378 1192 546 1231 bantur?
578 1205 682 1230 nunc
704 1205 846 1237 vereor,
878 1205 926 1230 ne
953 1206 1031 1230 non
1059 1192 1177 1230 modo
1204 1206 1281 1230 non
1308 1192 1466 1246 prosint,
1497 1207 1632 1232 verum
1655 1194 1771 1232 etiam

375 1259 523 1312 aliquid
549 1259 687 1298 obfint.
719 1260 881 1298 Etenim
909 1260 1037 1298 multo
1063 1260 1249 1298 acriorem
1276 1259 1547 1312 improborum
1574 1261 1772 1300 interdum

375 1327 606 1365 memoriam
625 1326 696 1365 effe
717 1326 852 1372 sentio,
884 1340 1002 1378 quam
1023 1327 1230 1365 bonorum.
1263 1327 1350 1379 Ego
1374 1336 1425 1372 te,
1456 1327 1482 1365 fi
1503 1327 1599 1379 quid
1619 1328 1770 1381 gravius

374 1394 582 1439 acciderit,
613 1407 686 1447 ego
721 1403 781 1439 te,
813 1394 1000 1446 inquam,
1035 1393 1200 1438 Flacce,
1231 1393 1462 1446 prodidero:
1500 1408 1586 1433 mea
1618 1395 1771 1433 dextera

373 1460 454 1505 illa,
491 1473 575 1498 mea
609 1459 717 1504 fides,
753 1473 837 1498 mea
869 1459 1058 1511 promissa,
1090 1472 1182 1496 cum
1215 1468 1266 1503 te,
1297 1459 1323 1496 fi
1355 1459 1642 1511 rempublicam
1673 1474 1770 1498 con-

374 1525 631 1570 servaremus,
662 1526 842 1563 omnium
879 1525 1071 1562 bonorum
1103 1524 1297 1576 praesidio,
1329 1525 1454 1577 quoad
1485 1525 1654 1571 viveres,
1691 1540 1769 1565 non

375 1592 493 1630 modo
524 1592 743 1635 munitum,
776 1591 836 1628 sed
863 1591 977 1628 ctiam
1010 1600 1213 1635 ornatum,
1245 1589 1326 1628 fore
1356 1591 1577 1643 pollicebar.
1610 1593 1767 1638 Putavi‚

374 1658 530 1711 speravi,
562 1659 678 1696 etiam
705 1658 732 1696 fi
759 1656 881 1696 honos
910 1657 1033 1695 noster
1054 1657 1161 1696 vobis
1183 1657 1294 1695 vilior
1316 1657 1453 1703 fuisset,
1486 1657 1646 1697 salutem
1667 1668 1769 1697 certe

373 1737 498 1762 caram
520 1723 706 1763 futuram.

429 1793 497 1836 At,
529 1792 578 1830 L.
606 1792 793 1830 Flaccum
819 1791 994 1844 quidem,
1026 1791 1198 1842 Judices,
1231 1792 1271 1836 fi,
1301 1792 1406 1844 quod
1434 1792 1502 1830 Dii
1530 1792 1768 1830 immortales

374 1871 490 1896 omen
517 1858 710 1897 avertant!
743 1859 865 1911 gravis
892 1858 1031 1910 injuria
1057 1857 1263 1904 afflixerit,
1297 1872 1496 1910 nunquam
1524 1869 1651 1897 tamen
1677 1872 1768 1912 pro-

375 1923 529 1976 spexisse
549 1925 676 1963 vestrae
696 1925 820 1970 saluti,
852 1925 1079 1963 consuluiffe
1100 1925 1223 1970 vobis,
1251 1925 1396 1970 liberis,
1419 1925 1666 1979 conjugibus,
1687 1924 1769 1963 for-

374 1990 480 2027 tunis
511 1991 654 2035 vestris,
685 1991 918 2044 pcenitebit:
951 1991 1099 2044 semper
1123 1992 1176 2029 ita
1206 1991 1355 2036 sentiet,
1388 1993 1501 2029 talem
1531 1991 1568 2030 se
1593 1992 1769 2030 animum

372 2066 411 2094 et
431 2057 579 2107 generis
600 2057 800 2110 dignitati,
830 2067 867 2094 et
889 2058 1022 2109 pietati
1043 2057 1134 2103 suat,
1165 2067 1203 2095 et
1224 2059 1377 2111 patriae,
1409 2057 1590 2096 debuiffe.
1623 2059 1702 2096 Vos
1723 2071 1771 2096 ne

374 2122 560 2175 poeniteat
581 2123 646 2161 tali
666 2124 742 2161 civi
763 2137 840 2162 non
863 2123 1078 2176 peperciffe,
1102 2138 1168 2176 per
1188 2124 1292 2162 Deos
1313 2124 1551 2162 immortales
1569 2124 1576 2161 l
1596 2124 1766 2175 Judices‚

376 2188 585 2240 providete.
623 2189 777 2240 Qotus
815 2190 920 2227 enim
956 2190 1117 2242 quisque
1151 2189 1226 2234 est,
1263 2191 1330 2242 qui
1365 2189 1463 2227 hanc
1498 2191 1537 2227 in
1574 2189 1768 2241 republica

376 2255 513 2292 seciam
536 2254 724 2307 sequatur,
755 2256 821 2308 qui
844 2257 964 2300 vobis,
996 2258 1063 2308 qui
1085 2256 1192 2294 vestri
1216 2256 1419 2300 iimilibus,
1451 2256 1597 2308 placere
1621 2255 1766 2306 cupiat,

374 2321 443 2372 qui
475 2321 616 2373 optimi
649 2331 761 2373 atque
793 2322 1015 2374 ampliffimi
1047 2323 1231 2374 cujusque
1266 2322 1437 2360 hominis
1474 2331 1587 2373 atque
1621 2320 1766 2358 ordinis

376 2388 640 2425 auctoritatem
662 2388 791 2440 magni
813 2398 949 2439 putet3
982 2402 1073 2427 cum
1095 2389 1203 2427 illam
1225 2391 1324 2426 viani
1347 2389 1414 2425 fibi
1436 2388 1586 2425 videant
1607 2387 1766 2439 expedi-

374 2455 513 2493 tiorem
534 2453 578 2490 ad
600 2452 777 2499 honores,
809 2462 845 2491 et
867 2454 911 2491 ad
931 2456 1076 2500 omnia,
1109 2468 1191 2507 quae
1212 2455 1515 2506 concupiverunt
1535 2453 1546 2489 ?

459 2521 524 2559 To
538 2532 587 2557 M.
613 2519 648 2555 V
654 2549 662 2558 ,
1370 2519 1410 2556 N
1442 2533 1465 2556 n
