2212 2835
356 152 405 191 34
848 135 1248 175 ORATIO

353 234 459 272 causa
492 247 656 286 puerum
686 232 863 278 Theano,
909 232 1014 284 quod
1047 231 1169 269 facere
1186 260 1197 277 ,
1238 231 1306 269 nifi
1341 231 1442 270 ludis
1476 231 1643 284 publicis
1674 238 1738 269 aut

354 301 456 338 festis
477 300 625 344 diebus,
648 307 755 336 antea
775 312 852 336 non
874 297 1030 336 solebat.
1062 298 1204 343 Mater,
1227 296 1325 335 nihil
1346 298 1438 336 mali
1459 298 1593 336 misera
1618 298 1738 350 suspi-

355 381 456 411 cans,
479 367 614 405 mittit.
648 365 719 403 Ille
740 364 774 402 se
795 365 1012 402 Tarentum
1033 363 1222 417 proficisci
1243 377 1336 402 cum
1356 364 1572 409 fimulaffet,
1594 377 1640 402 eo
1659 362 1741 416 ipso

356 434 414 471 die
435 447 539 485 puer,
562 446 653 470 cum
675 430 768 468 hora
787 430 992 468 undecima
1012 431 1051 468 in
1072 430 1233 483 publico
1253 430 1379 468 valens
1399 430 1499 468 visus
1520 429 1621 474 effet,
1654 438 1742 467 ante

356 502 508 537 noctem
530 507 720 541 mortuuS,
751 506 789 534 et
810 497 1002 549 postridie,
1024 505 1229 549 antequam
1251 496 1407 541 luceret,
1429 496 1652 534 combustus
1672 495 1738 533 est.

356 567 486 617 Atque
516 563 620 602 hunc
653 572 805 601 tantum
836 576 1041 601 moerorem
1073 563 1186 600 matri
1217 563 1321 615 prius
1354 561 1563 600 hominum
1595 575 1740 604 rumor,

356 645 472 683 quam
494 630 697 683 quisquam
717 643 763 667 ex
781 629 991 682 Oppianici
1010 628 1171 674 familia,
1185 629 1430 667 renuntiavit.
1450 629 1535 673 Illa,
1553 641 1646 666 cum
1666 640 1743 664 uno

356 707 528 749 tempore
547 695 703 734 audiffet
733 695 803 733 fibi
833 708 912 732 non
932 694 1055 733 solum
1076 694 1218 740 filium,
1252 695 1315 733 sed
1345 695 1461 733 etiam
1491 695 1742 747 exequiarum

356 775 513 807 munus,
530 770 718 814 ereptum,
752 761 939 799 Larinum
959 759 1163 798 confestim
1183 761 1398 798 exanimata
1418 761 1537 805 venit,
1562 769 1599 798 et
1620 760 1676 798 ibi
1696 760 1742 797 de

356 828 506 880 integro
526 827 641 865 funus
657 828 739 878 jam
759 825 906 879 sepulto
926 826 1008 864 filio
1026 825 1133 864 fecit.
1156 827 1250 865 Dies
1272 827 1446 865 nondum
1467 827 1600 865 decem
1621 826 1741 864 inter-

355 893 549 938 cesserant,
574 906 666 931 cum
686 892 752 930 ille
783 893 877 930 alter
896 892 998 930 filius
1019 891 1142 930 infans
1164 902 1332 930 necatur.
1365 894 1501 944 Itaque
1521 892 1633 930 nubit
1655 893 1742 944 Op-

355 960 508 1012 pianico
527 959 714 996 continuo
735 958 857 1002 Saffia,
873 958 1016 996 laetanti
1030 958 1114 1008 jam
1134 958 1278 1000 animo,
1292 966 1331 994 et
1351 957 1414 1008 spe
1433 959 1581 1009 optima
1599 957 1743 994 confir-

355 1034 483 1062 mato:
517 1037 586 1061 nec
607 1025 767 1066 mirum,
799 1036 884 1073 quae
905 1023 940 1059 se
959 1035 1038 1059 non
1065 1022 1304 1074 nuptialibus
1334 1022 1459 1067 donis,
1492 1022 1554 1060 sed
1574 1022 1745 1060 filiorum

353 1089 570 1133 funeribus,
607 1088 806 1126 delinitam
828 1087 987 1125 videret.
1020 1088 1090 1132 Ita,
1125 1087 1229 1138 quod
1263 1087 1389 1125 caeteri
1420 1097 1574 1141 propter
1604 1088 1745 1127 liberos

356 1156 526 1208 pecuniae
561 1153 777 1205 cupidiores
811 1153 932 1190 solent
962 1153 1053 1198 effe,
1089 1153 1153 1190 ille
1184 1162 1340 1206 propter
1372 1155 1575 1206 pecuniam
1605 1155 1746 1193 liberos

356 1221 531 1259 amittere
546 1218 766 1271 jucundum
787 1217 856 1255 effe
877 1218 1002 1256 duxit.

411 1288 464 1325 X.
498 1286 641 1328 Sentio,
663 1284 832 1335 Judices,
853 1298 920 1322 vos
940 1298 1009 1337 pro
1028 1283 1144 1322 vestra
1170 1283 1424 1330 humanitate,
1446 1285 1506 1324 his
1528 1286 1643 1324 tantis
1664 1287 1745 1324 sce-

357 1352 501 1390 leribus
523 1351 685 1389 breviter
704 1363 724 1388 a
745 1364 807 1388 me
828 1350 1104 1395 demonstratis,
1136 1350 1383 1390 vehementer
1414 1351 1485 1390 effe
1511 1361 1745 1391 commotos.

360 1419 452 1470 Qo
479 1416 633 1455 tandem
653 1416 772 1468 igitur
791 1416 922 1453 animo
941 1414 1050 1454 fuiffe
1069 1416 1156 1454 illos
1177 1416 1430 1462 arbitramini,
1457 1418 1598 1469 quibus
1620 1417 1680 1456 his
1701 1418 1749 1456 de

360 1485 471 1522 rebus
487 1497 564 1522 non
581 1482 698 1521 modo
718 1482 950 1520 audiendum
966 1481 1058 1527 fuit,
1076 1496 1209 1521 verum
1225 1484 1341 1521 etiam
1357 1484 1613 1536 judicandum
1630 1485 1642 1521 ?
1665 1485 1745 1522 Vos

360 1550 499 1587 auditis
520 1549 565 1586 de
585 1562 643 1593 eo,
675 1548 715 1585 in
736 1560 852 1599 quem
875 1547 1024 1600 judices
1052 1561 1128 1585 non
1150 1548 1233 1586 estis
1253 1564 1261 1587 ε
1294 1550 1340 1586 de
1360 1562 1419 1593 eo,
1451 1562 1569 1601 quem
1590 1563 1668 1587 non
1688 1550 1747 1587 vi-

361 1616 456 1654 detis
475 1631 484 1653 :
517 1616 562 1652 de
582 1628 639 1659 eo,
662 1627 779 1666 quem
810 1613 924 1651 odiffe
948 1614 1031 1665 jam
1052 1627 1130 1652 non
1150 1614 1303 1667 potestis
1322 1630 1331 1653 ε
1364 1615 1410 1652 de
1440 1629 1499 1659 eo,
1533 1615 1600 1667 qui
1621 1624 1659 1653 et
1679 1628 1747 1653 na—

360 1691 467 1725 turae,
484 1690 535 1718 ‚et
566 1680 731 1732 legibus,
767 1678 947 1716 satisfecit
966 1694 974 1716 :
1007 1692 1126 1730 quem
1160 1680 1262 1731 leges
1295 1681 1426 1725 exilio,
1463 1690 1594 1718 natura
1623 1689 1748 1718 morte

362 1747 563 1784 multavit:
597 1746 736 1783 auditis
756 1758 833 1782 non
855 1744 901 1782 ab
922 1744 1107 1782 inimico:
1130 1745 1268 1782 auditis
1290 1745 1366 1783 fine
1388 1745 1543 1782 testibus
1562 1760 1570 1782 :
1595 1746 1748 1790 auditis,

361 1826 451 1850 cum
472 1825 526 1865 ea,
548 1825 633 1863 quae
653 1810 902 1863 copiofiffime
922 1810 998 1848 dici
1018 1810 1182 1863 possunt,
1205 1811 1370 1849 breviter
1390 1825 1409 1849 a
1429 1825 1491 1848 me
1511 1811 1749 1864 strictimque

362 1880 555 1917 dicuntur.
580 1878 643 1916 Illi
665 1877 869 1915 audiebant
889 1878 934 1915 de
955 1891 1013 1922 eo,
1045 1878 1090 1915 de
1111 1891 1190 1929 quo
1204 1878 1321 1928 jurati
1343 1878 1544 1915 sententias
1565 1877 1662 1915 ferre
1681 1879 1748 1915 de-

363 1946 502 1982 bebant
522 1959 531 1981 :
563 1944 609 1981 de
630 1957 688 1988 eo,
722 1944 829 1996 cujus
852 1942 1042 1995 praesentis
1075 1942 1264 1981 nefarium
1284 1954 1321 1981 et
1341 1943 1640 1982 consceleratum
1662 1944 1749 1982 vul-

363 2021 449 2048 tum
470 2009 744 2047 intuebantur:
778 2009 823 2046 de
850 2023 908 2054 eo,
941 2023 1057 2061 quern
1080 2010 1235 2047 oderant
1267 2020 1420 2063 propter
1446 2010 1672 2048 audaciam:
1705 2011 1751 2048 de

363 2091 421 2122 eo,
449 2090 567 2128 quem
588 2076 694 2113 omni
717 2075 907 2128 supplicio
927 2076 1090 2128 dignum
1122 2075 1192 2114 effe
1221 2077 1437 2114 ducebant:
1471 2076 1673 2114 audiebant
1705 2078 1751 2114 ab

364 2143 668 2182 accusatoribus:
701 2142 904 2180 audiebant
936 2144 1047 2181 verba
1068 2143 1283 2181 multorum
1317 2144 1497 2182 testium:
1532 2144 1750 2189 audiebant,

363 2224 455 2248 cum
490 2221 718 2260 unaquaque
750 2209 794 2246 de
826 2222 864 2246 re
896 2223 915 2246 a
949 2210 992 2247 P.
1023 2210 1204 2254 Caninio,
1237 2209 1396 2247 homine
1427 2210 1748 2262 eloquentiflimo,

363 2275 525 2328 graviter
545 2284 583 2312 et
602 2274 667 2312 diu
689 2274 892 2312 diceretur.

404 2343 456 2379 Et
471 2341 522 2378 est
538 2339 756 2392 quisquam,
774 2341 856 2393 qui,
871 2354 961 2379 cum
979 2340 1060 2379 haec
1078 2342 1313 2394 cognoverit,
1331 2341 1506 2394 suspicari
1524 2341 1647 2394 poffit,
1664 2342 1751 2394 Op-

366 2408 560 2460 pianicum
587 2406 736 2458 judicio
755 2406 972 2460 oppressum
992 2417 1029 2446 et
1050 2408 1362 2448 circumventum
1383 2408 1453 2447 effe
1474 2407 1750 2447 innocentem?
