2212 2835
430 244 505 282 174
863 222 1263 262 ORATIO
1346 222 1401 261 ΙΙ.

425 340 471 364 ex
504 325 577 362 suis
605 324 780 362 faucibus
807 332 976 375 ereptam
1003 320 1072 359 effe
1101 321 1234 373 luget:
1267 334 1351 372 quae
1379 319 1538 372 quidem
1565 319 1682 358 laetari
1709 319 1809 359 mihi

424 391 586 434 videtur,
618 389 722 441 quod
745 397 889 426 tantam
911 387 1051 440 pestem
1071 386 1298 429 evomuerit,
1330 383 1502 437 forasque
1521 385 1735 438 projecerit.

481 456 531 493 ΙΙ.
567 457 621 493 At
651 457 676 493 fi
703 455 789 507 quis
817 454 868 492 est
895 454 994 498 talis,
1025 453 1154 504 quales
1175 452 1245 490 effe
1271 465 1404 490 omnes
1432 452 1645 503 oportebat,
1676 451 1745 503 qui
1770 450 1812 489 in

425 521 501 560 hoc
523 521 617 574 ipso,
639 522 678 558 in
699 534 777 574 quo
798 520 945 558 exultat
964 529 1001 557 et
1022 518 1237 571 triumphat
1257 519 1377 556 oratio
1397 531 1494 562 mea,
1517 531 1580 555 me
1601 517 1812 555 vehemen-

427 597 482 626 ter
507 587 667 631 accuset,
700 586 804 639 quod
832 595 911 624 tam
940 585 1144 638 capitalem
1171 583 1320 622 hostem
1347 598 1424 622 non
1450 582 1813 636 comprehenderim

427 654 571 707 potius,
601 668 717 706 quarn
739 653 960 697 emiserim3
993 666 1071 690 non
1099 651 1151 689 est
1177 651 1245 689 ista
1271 664 1356 688 mea
1375 650 1500 704 culpa,
1532 650 1721 701 Qirites‚
1752 648 1813 687 sed

427 730 664 773 temporum.
697 721 981 771 Interemptum
1001 718 1071 756 effe
1090 718 1139 756 L.
1166 717 1388 762 Catilinam,
1419 727 1456 755 et
1481 717 1698 770 graviffimo
1724 715 1814 768 sup-

428 786 546 838 plicio
566 784 759 829 affectum,
785 783 1019 836 jampridem
1038 782 1264 835 oportebat:
1297 783 1413 834 idque
1440 796 1461 820 a
1484 796 1547 820 me
1566 791 1604 820 et
1624 794 1708 820 mos
1730 794 1814 819 ma-

422 854 570 903 jorum,
603 861 640 888 et
660 850 774 903 hujus
796 850 950 903 imperii
971 849 1158 892 severitas,
1180 857 1218 885 et
1238 848 1460 900 respublica,
1483 848 1710 900 postulabat.
1743 846 1815 885 Sed

429 932 545 969 quam
568 918 711 956 multos
732 916 841 955 fuisse
861 916 1018 969 putatiS,
1049 915 1132 967 qui,
1164 927 1249 966 quae
1269 927 1341 966 ego
1361 913 1562 959 deferrem,
1586 927 1664 951 non
1683 913 1814 950 crede-

430 994 513 1022 rent
532 985 543 1020 ?
567 998 682 1036 quam
704 984 863 1026 multos,
885 982 952 1034 qui
973 990 1128 1034 propter
1149 980 1351 1018 stultitiam
1372 994 1449 1018 non
1470 979 1675 1033 putarent?
1697 992 1814 1031 quam

428 1052 589 1095 multos,
620 1052 688 1102 qui
708 1052 823 1088 etiam
844 1048 1118 1088 defenderent?
1151 1061 1268 1100 quam
1296 1047 1454 1093 multos,
1477 1049 1545 1100 qui
1565 1057 1719 1101 propter
1737 1047 1817 1084 im-

429 1118 661 1170 probitatem
682 1116 880 1154 faverent?
912 1117 972 1153 Ac
994 1115 1034 1159 fi,
1065 1114 1213 1152 sublato
1240 1113 1322 1158 illo,
1354 1114 1495 1165 depelli
1521 1127 1542 1151 a
1568 1113 1676 1152 vobis
1703 1125 1818 1151 omne

429 1183 646 1236 periculum
661 1182 904 1235 judicarem3
930 1182 1013 1232 jam
1033 1179 1183 1232 pridem
1203 1192 1275 1231 ego
1295 1180 1343 1217 L.
1368 1179 1578 1217 Catilinam
1598 1193 1676 1217 non
1700 1177 1819 1217 modo

430 1249 584 1288 invidiae
605 1262 713 1292 meae,
745 1260 878 1285 verum
899 1246 1015 1284 etiam
1036 1245 1137 1290 vitae,
1163 1243 1335 1298 periculo
1363 1244 1602 1283 sustulissem.
1634 1243 1708 1283 Sed
1725 1256 1819 1282 cum

431 1316 616 1358 viderem,
647 1327 694 1352 ne
714 1313 822 1352 vobis
843 1312 1001 1365 quidem
1022 1311 1205 1349 omnibus
1227 1324 1265 1348 re
1284 1311 1400 1348 etiam
1421 1320 1505 1349 tum
1527 1311 1699 1364 probata,
1721 1309 1747 1347 fi
1767 1309 1818 1346 il-

431 1381 531 1425 lum,
563 1389 605 1418 ut
624 1389 700 1418 erat
721 1379 896 1423 meritus,
926 1387 1052 1416 morte
1071 1376 1300 1422 multaffem‚
1333 1375 1428 1421 fore,
1451 1386 1495 1415 ut
1513 1378 1593 1429 ejus
1615 1375 1734 1414 socios
1754 1376 1818 1412 in-

434 1448 534 1486 vidia
553 1445 745 1499 oppressus
765 1444 940 1498 persequi
966 1458 1044 1482 non
1072 1443 1243 1496 poffem3
1275 1456 1358 1481 rem
1383 1442 1460 1481 huc
1481 1442 1638 1488 deduxi,
1670 1450 1713 1480 ut
1733 1450 1820 1479 tum

433 1513 559 1567 palam
579 1525 747 1565 pugnare
767 1510 931 1564 possetis,
962 1523 1055 1548 cum
1075 1508 1224 1548 hostem
1244 1518 1371 1561 aperte
1389 1509 1581 1547 videretis.

490 1580 621 1632 Qem
641 1578 800 1631 quidem
821 1590 892 1629 ego
910 1575 1072 1620 hostem,
1105 1575 1293 1628 Qirites‚
1324 1587 1443 1627 quam
1462 1573 1708 1612 vehementer
1727 1571 1820 1611 foris

431 1646 505 1685 effe
526 1645 743 1685 timendum
763 1653 911 1697 putem,
944 1643 1035 1681 licet
1061 1642 1153 1680 hinc
1180 1641 1419 1694 intelligatis,
1450 1642 1555 1694 quod
1581 1641 1679 1679 illud
1704 1640 1822 1678 etiam

435 1711 593 1750 moleste
612 1710 707 1756 fero,
738 1710 843 1762 quod
869 1722 916 1746 ex
942 1708 1037 1746 urbe
1066 1721 1203 1759 parum
1232 1707 1443 1745 comitatus
1470 1707 1619 1745 exierit.
1658 1706 1822 1743 Utinam

437 1778 502 1816 ille
522 1791 654 1816 omnes
674 1776 801 1814 secum
822 1775 902 1813 suas
924 1774 1052 1826 copias
1072 1771 1273 1811 eduxisset!
1298 1771 1532 1824 Tongillum
1553 1770 1652 1809 mihi
1672 1771 1820 1816 eduxit,

438 1858 555 1896 quem
576 1855 700 1881 amare
720 1843 759 1879 in
781 1849 962 1894 praetexta
980 1839 1173 1877 calumnia
1192 1847 1358 1891 coeperat
1374 1855 1387 1882 ;
1420 1838 1644 1876 Publicium
1664 1846 1702 1874 et
1722 1837 1822 1875 Mu-

438 1911 603 1953 natium,
635 1921 801 1960 quorum
823 1920 873 1944 aes
890 1906 1059 1943 alienum
1080 1905 1320 1942 contractum
1341 1904 1380 1941 in
1402 1903 1544 1956 popina
1569 1902 1724 1941 nullum
1747 1902 1823 1940 rei-

438 1976 602 2028 publicae
633 1984 785 2012 motum
818 1972 948 2011 afferre
983 1980 1153 2025 poterat:
1190 1970 1347 2022 reIIquit
1380 1983 1476 2022 quos
1510 1969 1641 2007 viros?
1679 1976 1825 2022 quanto

439 2042 562 2079 alieno
583 2054 664 2084 aere,
696 2053 812 2092 quam
833 2039 1011 2082 valentes,
1043 2050 1160 2089 quam
1182 2036 1329 2074 nobiles
1347 2035 1361 2072 ?

495 2108 568 2145 111.
601 2108 733 2158 Itaque
751 2120 820 2158 ego
840 2105 953 2142 illum
974 2104 1200 2148 exercitum,
1221 2117 1294 2156 prae
1311 2102 1523 2141 Gallicanis
1538 2101 1770 2154 legionibus,
1786 2109 1826 2138 et
1874 2112 1878 2114 ’

438 2174 513 2212 hoc
534 2174 697 2217 delectu,
728 2186 845 2224 quem
872 2171 910 2209 in
937 2184 1028 2223 agro
1054 2171 1197 2208 Piceno
1223 2179 1261 2207 et
1284 2169 1439 2207 Gallico
1459 2169 1527 2219 Q
1546 2167 1732 2205 Metellus
1753 2166 1825 2206 ha·-

441 2242 540 2285 buit,
571 2250 608 2278 et
629 2240 687 2277 his
708 2239 843 2292 copiis,
875 2252 959 2290 quae
979 2251 998 2275 a
1020 2238 1129 2275 nobis
1150 2237 1323 2289 quotidie
1348 2244 1630 2288 comparantur,
1662 2247 1825 2287 magno-

439 2322 526 2361 pere
564 2316 770 2345 contemno
788 2324 797 2349 ;
837 2305 1044 2343 collectum
1083 2317 1128 2341 ex
1169 2303 1317 2341 senibus
1357 2302 1572 2355 desperatis,
1612 2315 1658 2339 ex
1692 2300 1824 2353 agresti

442 2375 605 2418 luxuria,
636 2387 681 2411 ex
704 2372 849 2410 rusticis
870 2370 1148 2414 decoctoribus,
1176 2383 1221 2408 ex
1244 2369 1303 2414 iis,
1326 2370 1392 2422 qui
1413 2369 1629 2407 vadimonia
1649 2367 1822 2410 deserere,

441 2454 559 2492 quam
592 2440 705 2478 illum
737 2439 964 2482 exercitum,
997 2437 1241 2474 maluerunt:
1274 2436 1414 2489 quibus
1446 2449 1517 2489 ego
1548 2448 1624 2473 non
1657 2432 1772 2471 modo
1797 2431 1822 2469 fi

441 2508 563 2544 aciem
583 2506 769 2544 exercitus
791 2505 919 2550 nostri,
952 2516 1084 2542 verum
1105 2503 1220 2541 etiam
1243 2503 1267 2541 s1
1288 2502 1457 2541 edietum
1483 2499 1667 2554 praetoris,
1699 2497 1825 2536 osten-
