2212 2835
663 225 801 265 PRO
859 224 1050 275 LEGE
1109 221 1460 264 MANILIA.
1747 237 1767 274 5

372 330 497 370 solum
518 328 626 368 vobis
658 326 929 370 inimiciffimi,
961 325 1022 363 sed
1041 325 1158 363 etiam
1178 325 1307 363 vestris
1338 323 1449 363 sociis
1470 333 1584 376 atque
1604 323 1738 361 amicis
1758 338 1768 361 ;

373 398 545 436 civitates
566 404 696 433 autem
715 406 866 438 omnes,
888 393 1026 430 cuncta
1041 391 1129 429 Afia
1149 400 1263 443 atque
1288 391 1451 435 Graecia,
1473 390 1639 428 vestrum
1657 390 1770 428 auxi-

374 464 474 502 lium
494 462 706 515 expectare,
739 468 895 513 propter
913 458 1077 511 periculi
1093 456 1422 510 magnitudinem,
1444 467 1660 509 coguntur:
1690 458 1769 495 im-

373 538 589 582 peratorem
619 541 640 565 a
670 527 779 565 vobis
810 534 960 563 certum
981 524 1195 578 deposcere,
1218 537 1310 562 cum
1332 523 1542 576 praesertim
1562 537 1627 561 vos
1650 524 1771 561 alium

373 594 566 638 miseritis,
588 607 714 646 neque
733 592 888 637 audent,
910 605 1036 643 neque
1055 591 1096 629 id
1116 591 1151 629 se
1176 589 1300 628 facere
1320 589 1473 628 [ummo
1493 590 1569 627 fine
1600 590 1771 643 periculo

372 660 475 715 poffe
495 662 740 699 arbitrantur.

427 728 574 766 Vident
605 736 643 765 et
662 727 832 765 sentiunt
853 725 928 764 hoc
964 725 1090 770 idem,
1121 725 1226 778 quod
1257 739 1337 771 vos,
1370 739 1494 764 unum
1525 724 1654 763 virum
1685 723 1770 767 effe,

373 795 416 832 in
436 809 515 847 quo
535 794 688 832 summa
707 784 787 832 fint'
799 793 946 838 omnia,
967 802 1005 830 et
1025 794 1115 831 eum
1136 806 1256 845 prope
1276 792 1360 837 effe,
1386 792 1483 844 (quo
1505 792 1620 830 etiam
1644 800 1773 828 carent

374 860 528 912 aegrius)
566 861 675 912 cujus
696 859 862 898 adventu
883 858 964 911 ipso
994 867 1111 910 atque
1130 858 1302 902 nomine,
1331 858 1479 895 tametsi
1500 857 1565 895 ille
1586 857 1633 894 ad
1654 857 1772 894 mari-

375 927 519 965 timum
550 927 699 965 bellum
731 926 891 970 venerit,
932 935 1062 963 tamen
1091 925 1263 978 impetus
1294 924 1465 962 hostium
1495 923 1673 977 repreffos
1704 922 1774 960 effe

375 993 601 1044 intelligunt
634 1006 677 1029 ac
711 992 931 1029 retardatos.
962 992 1023 1029 Hi
1056 1004 1137 1035 vos,
1174 991 1362 1042 quoniam
1397 992 1515 1029 libere
1552 990 1662 1042 loqui
1695 1003 1774 1027 non

374 1059 481 1102 licet,
512 1058 628 1096 tacite
647 1066 796 1108 rogant,
819 1066 862 1094 ut
881 1056 917 1094 se
937 1069 1109 1108 quoque,
1131 1056 1227 1093 ficut
1246 1065 1466 1094 caeterarum
1487 1056 1774 1108 provinciarum

376 1125 515 1170 socios,
545 1124 682 1177 dignos
703 1123 945 1167 existimetis,
977 1136 1146 1174 quorum
1167 1121 1328 1159 salutem
1356 1122 1423 1159 tali
1454 1123 1536 1160 viro
1567 1135 1774 1160 commen-

377 1191 499 1229 detis:
531 1199 646 1243 atque
665 1187 741 1227 hoc
776 1189 892 1226 etiam
913 1188 1051 1241 magiS‚
1079 1201 1200 1240 quam
1231 1196 1414 1232 caeteros;
1448 1188 1554 1240 quod
1585 1188 1776 1240 ejusmodi

376 1259 416 1296 in
438 1256 676 1310 provinciam
696 1255 875 1293 homines
906 1269 999 1293 cum
1031 1254 1197 1307 imperio
1217 1254 1427 1299 mittimus,
1460 1264 1517 1299 ut,
1542 1255 1660 1292 etiam
1680 1254 1706 1292 fi
1728 1254 1774 1293 ab

376 1323 483 1362 hoste
503 1322 721 1367 defendant,
740 1331 870 1360 tamen
891 1321 1063 1374 ipsorum
1083 1321 1267 1359 adventus
1289 1321 1330 1358 in
1351 1321 1464 1359 urbes
1485 1320 1676 1359 sociorum
1697 1335 1777 1359 non

376 1389 557 1428 multum.
566 1389 614 1427 ab
629 1387 760 1426 hostili
776 1387 1062 1441 expugnatione
1077 1386 1269 1425 differant.
1291 1388 1413 1425 Hunc
1429 1387 1634 1424 audiebant
1651 1396 1773 1431 antea,

377 1470 482 1496 nunc
501 1456 727 1510 praesentem
747 1455 893 1500 vident,
921 1463 1026 1493 tanta
1046 1455 1311 1508 temperantia,
1344 1463 1448 1492 tanta
1467 1453 1774 1499 mansuetudine,

376 1532 482 1562 tanta
500 1522 756 1567 humanitate,
785 1530 829 1560 ut
849 1522 877 1560 ii
897 1520 1102 1560 beatiffimi
1121 1520 1193 1559 effe
1212 1521 1426 1567 videantur,
1459 1520 1560 1574 apud
1581 1533 1678 1574 quos
1709 1520 1777 1558 ille

378 1590 586 1629 diutiffime
606 1597 883 1628 commoratur.

434 1656 507 1694 VI.
540 1657 683 1708 Qare,
705 1655 732 1693 fi
751 1663 907 1708 propter
926 1653 1061 1699 socios,
1082 1654 1189 1692 nulla
1208 1654 1277 1708 ipfi
1298 1654 1437 1707 injuria
1456 1654 1626 1699 laceffiti,
1649 1654 1775 1706 majo-

378 1735 436 1760 res
456 1722 567 1760 vestri
587 1735 678 1763 cum
699 1720 913 1766 Antiocho,
945 1735 1037 1759 cum
1057 1719 1257 1774 Philippo,
1279 1735 1372 1759 cum
1393 1721 1549 1766 AEtolis‚
1573 1734 1665 1758 cum
1683 1721 1775 1758 Pee-

380 1788 453 1834 nis,
480 1788 579 1827 bella
598 1787 816 1841 gefferunt3
849 1796 995 1840 quanto
1014 1801 1079 1827 vos
1099 1787 1223 1826 studio
1243 1788 1439 1832 convenit,
1461 1787 1612 1839 injuriis
1633 1800 1776 1840 provo-

380 1865 498 1901 catos,
519 1855 711 1895 sociorum
731 1855 892 1894 salutem
913 1869 989 1893 una
1015 1869 1108 1893 cum
1128 1855 1283 1908 imperii
1303 1854 1412 1893 vestri
1433 1854 1620 1907 dignitate
1640 1853 1776 1892 defen-

380 1922 481 1968 dere,
512 1922 721 1976 praeserti'm
754 1936 847 1961 cum
877 1922 924 1960 de
954 1923 1082 1960 vestris
1116 1923 1298 1960 maximis
1326 1921 1576 1974 veetigalibus
1610 1922 1774 1974 agatur?

380 1989 488 2028 Nam
516 1998 739 2027 caeterarum
767 1989 1053 2041 provinciarum
1083 1989 1295 2041 vectigalia,
1319 1988 1506 2040 Qirites‚
1540 1997 1644 2026 tanta
1674 1988 1775 2032 sunt,

381 2065 424 2093 ut
444 2055 490 2093 iis
511 2055 556 2093 ad
586 2055 682 2108 ipsas
703 2055 917 2109 provincias
949 2056 1124 2093 tutandas
1159 2056 1225 2093 vix
1256 2055 1430 2093 contenti
1461 2054 1532 2092 effe
1561 2054 1774 2107 possimus:

381 2122 468 2160 Afia
488 2136 576 2161 vero
608 2132 687 2160 tam
707 2123 840 2176 opima
858 2122 910 2160 est
940 2131 978 2160 et
997 2121 1149 2167 fertilis,
1182 2131 1225 2160 ut
1245 2131 1284 2160 et
1310 2122 1482 2169 ubertate
1512 2135 1707 2174 agrorum,
1740 2130 1777 2158 et

382 2189 558 2227 varietate
577 2188 791 2234 fructuum,
813 2198 850 2227 et
870 2189 1139 2241 magnitudine
1160 2189 1354 2241 pastionis,
1381 2197 1419 2226 et
1440 2188 1693 2226 multitudine
1713 2200 1776 2224 ca-

382 2268 469 2292 rum
490 2268 632 2301 rerum,
665 2270 750 2308 quae
777 2265 1041 2308 exportantur,
1074 2254 1186 2293 facile
1207 2255 1390 2293 omnibus
1418 2255 1526 2292 terris
1558 2253 1774 2291 antecellat.

383 2322 517 2372 Itaque
536 2318 618 2358 haec
637 2322 746 2360 vobis
777 2322 988 2374 provincia,
1011 2322 1200 2372 Qirites,
1232 2321 1258 2360 fi
1289 2331 1326 2359 et
1356 2320 1449 2359 belli
1479 2320 1702 2363 utilitatem,
1738 2329 1777 2357 et

381 2387 483 2440 pacis
505 2386 747 2439 dignitatem,
780 2388 957 2426 sustinere
986 2389 1119 2433 vultis,
1150 2402 1230 2426 non
1260 2387 1379 2426 modo
1409 2401 1430 2425 a
1449 2386 1677 2430 calamitate,
1714 2385 1776 2423 sed

382 2455 499 2493 etiam
520 2467 540 2491 a
559 2463 666 2492 metu
687 2454 929 2499 calamitatis,
951 2455 1003 2493 est
1023 2454 1275 2493 defendenda.

423 2521 529 2559 Nam
551 2520 694 2559 caeteris
716 2520 755 2558 in
773 2520 898 2565 rebus,
920 2533 1012 2558 cum
1034 2522 1138 2558 venit
1158 2520 1368 2565 calamitas,
1390 2528 1474 2558 tum
1495 2518 1774 2557 detrimentum
