2212 2835
458 177 534 214 215
964 167 1366 206 ORATIO

458 272 619 325 gesserit,
654 269 805 308 >nullam
841 267 917 305 fine
952 265 1028 304 hoc
1060 266 1282 318 imperator.
1324 266 1456 317 Atque
1489 262 1586 309 haec,
1623 278 1847 318 quanquam

454 338 634 392 praesente
653 337 704 374 L.
727 334 896 373 Lucullo
915 333 1063 386 loquar,
1094 341 1238 376 tamen,
1268 345 1316 369 ne
1337 331 1383 369 ab
1404 330 1498 384 ipso,
1520 340 1675 384 propter
1695 332 1847 384 pericu-

457 405 541 441 lum
573 402 759 445 nostrum,
790 399 1002 438 conceffam
1033 398 1232 436 videamur
1260 396 1401 435 habere
1431 397 1630 436 licentiam
1660 397 1847 450 fingendi,

454 469 624 523 publicis
656 468 775 505 literis
798 466 926 504 testata
945 465 1032 503 sunt
1051 464 1210 503 omnia:
1243 463 1385 516 quibus
1406 463 1454 503 L.
1483 463 1674 502 Lucullus
1696 472 1849 503 tantum

457 536 635 574 Murenae
656 534 778 572 laudis
800 533 989 586 impertit,
1020 540 1211 584 quantum
1232 544 1357 583 neque
1378 530 1602 568 ambitiosus
1624 531 1846 583 imperator,

456 616 582 655 neque
602 601 769 646 invidus,
800 600 967 638 tribuere
986 598 1095 636 alteri
1117 598 1157 636 in
1177 597 1501 636 communicanda
1519 597 1639 650 gloria
1658 597 1806 635 debuit.

513 670 674 706 Summa
692 668 732 705 in
754 676 917 718 utroque
936 665 990 703 est
1014 663 1202 710 honestas,
1234 665 1384 702 summa
1403 664 1592 716 dignitas:
1624 677 1743 716 quarn
1762 676 1848 716 ego,

458 735 483 773 si
510 734 611 773 mihi
637 747 703 786 per
732 733 904 770 Servium
930 731 1056 776 liceat,
1087 731 1169 783 pari
1196 739 1311 782 atque
1338 730 1470 768 eadem
1497 730 1536 767 in
1557 729 1667 768 laude
1687 743 1844 784 ponam.

459 801 531 839 Sed
562 813 639 838 non
670 799 789 836 licet:
826 797 944 850 agitat
977 810 1057 835 rem
1091 796 1328 835 militarem:
1364 795 1565 833 insectatur
1595 805 1717 834 totam
1748 794 1848 833 hanc

457 866 719 919 legationem:
759 862 997 907 affiduitatis,
1038 871 1075 900 et
1112 874 1315 915 operarum
1347 859 1488 898 harum
1522 861 1849 912 quotidianarum,

456 941 567 985 putat
586 931 657 969 effe
676 929 933 968 consulatum.
965 928 1086 981 Apud
1102 928 1318 966 exercitum
1337 925 1438 965 mihi
1457 924 1588 971 fueris,
1619 926 1764 978 inquit,
1792 934 1851 964 tot

458 998 608 1036 annos?
639 996 769 1035 forum
796 1009 876 1034 non
903 995 1104 1048 attigeris?
1136 993 1303 1032 abfueris
1325 992 1506 1031 tamdiu?
1537 1002 1589 1038 et,
1620 1006 1713 1031 cum
1733 992 1851 1046 longo

454 1063 657 1102 intervallo
676 1063 836 1107 veneris,
865 1075 959 1100 cum
979 1062 1041 1106 iis,
1073 1061 1142 1114 qui
1161 1061 1201 1098 in
1221 1059 1306 1099 foro
1325 1058 1561 1105 habitarunt,
1592 1058 1640 1097 de
1665 1059 1851 1112 dignitate

452 1130 696 1170 contendas?
728 1129 908 1168 Primum
934 1127 1001 1166 ista
1024 1127 1149 1166 nostra
1178 1125 1381 1171 affiduitas,
1412 1126 1531 1170 Servi,
1563 1125 1696 1171 nescis,
1727 1138 1852 1179 quan-

457 1207 544 1236 tum
578 1196 774 1235 interdum
809 1194 940 1233 afferat
971 1193 1200 1233 hominibus
1235 1191 1390 1237 fastidii,
1430 1200 1622 1244 quantum
1656 1191 1851 1231 satietatis-

458 1262 568 1302 Mihi
586 1263 746 1314 quidem
767 1260 1012 1299 vehementer
1031 1259 1214 1313 expediit,
1245 1259 1407 1311 positam
1428 1258 1468 1296 in
1493 1258 1616 1297 oculis
1641 1258 1712 1296 effe
1730 1259 1851 1311 grati-

458 1343 520 1367 am
538 1348 550 1374 ς
582 1329 642 1367 sed
663 1337 792 1366 tamen
812 1341 883 1380 ego
904 1326 981 1365 mei
1001 1326 1211 1365 satietatem
1233 1338 1375 1377 magno
1394 1337 1483 1363 meo
1503 1324 1633 1362 labore
1654 1324 1822 1377 superavi
1839 1338 1849 1362 z

459 1406 497 1434 et
528 1405 570 1434 tu
602 1396 706 1434 idem
737 1393 913 1439 fortaffe;
951 1402 1201 1432 veruntamen
1232 1393 1387 1445 utrique
1416 1391 1591 1430 nostrum
1621 1391 1851 1430 desiderium

460 1461 559 1501 nihil
582 1460 776 1500 obfuiffet.

516 1529 586 1567 Sed
619 1537 676 1573 ut,
706 1526 781 1565 hoc
812 1525 963 1571 omiffo,
993 1524 1040 1563 ad
1070 1524 1286 1562 studiorum
1315 1532 1430 1576 atque
1459 1523 1601 1562 artium
1631 1523 1854 1562 contentio-

460 1608 550 1633 nem
572 1602 830 1632 revertamur:
862 1592 930 1645 qui
956 1590 1079 1644 potest
1104 1590 1287 1635 dubitari,
1318 1590 1415 1642 quin
1443 1590 1489 1628 ad
1508 1589 1750 1629 consulatum
1770 1589 1855 1628 adi-

459 1661 684 1715 piscendum
706 1660 833 1698 multo
853 1659 940 1712 plus
960 1657 1091 1696 afferat
1110 1657 1308 1709 dignitatis
1330 1657 1384 1695 rei
1404 1657 1598 1702 militaris,
1619 1671 1739 1709 quarn
1752 1657 1851 1710 juris

460 1728 600 1773 civilis,
630 1727 782 1780 gloria?
814 1725 962 1778 Vigilas
992 1733 1036 1762 tu
1061 1723 1109 1761 de
1136 1725 1262 1767 noete,
1293 1731 1337 1760 ut
1367 1723 1443 1760 tuis
1474 1723 1756 1761 consultoribus
1790 1736 1852 1761 re-

462 1794 671 1847 spondeas;
704 1793 782 1837 ille,
815 1802 857 1829 ut
877 1805 936 1836 eo,
967 1804 1046 1842 quo
1074 1789 1256 1835 intendit,
1287 1797 1436 1827 mature
1455 1802 1547 1827 cum
1567 1790 1738 1827 exercitu
1764 1802 1852 1842 per-

461 1856 601 1898 veniat.
639 1861 700 1897 Te
719 1857 926 1910 gallorum,
958 1856 1073 1894 illum
1094 1856 1364 1900 buccinarum,
1384 1863 1519 1893 cantus
1539 1854 1752 1893 exsuscitat.
1785 1855 1852 1892 Tu

460 1927 650 1964 actionem
671 1925 836 1963 instituis
853 1942 863 1968 ;
895 1924 961 1962 ille
980 1924 1102 1962 aciem
1124 1923 1290 1962 instruit.
1322 1923 1389 1960 Tu
1409 1935 1530 1967 caves,
1552 1935 1600 1960 ne
1619 1922 1677 1960 tui
1697 1921 1852 1960 consul-

463 2002 590 2037 tores;
622 1992 700 2037 ille,
731 2005 779 2030 ne
812 1991 922 2029 urbes
954 2000 1020 2029 aut
1047 1990 1177 2035 castra,
1207 1989 1420 2042 capiantur.
1452 1989 1524 2028 Ille
1553 1997 1671 2034 tenet,
1702 1997 1740 2027 et
1767 1988 1852 2034 scit,

461 2069 505 2097 ut
524 2058 695 2097 hostium
715 2058 858 2110 copiae;
882 2066 938 2102 tu,
970 2065 1013 2094 ut
1032 2069 1139 2109 aquae
1158 2056 1311 2110 pluviae,
1334 2064 1543 2094 arceantur.
1576 2055 1648 2094 Ille
1666 2055 1853 2094 exercita-

461 2134 524 2164 tus
557 2125 608 2163 est
639 2126 679 2164 in
711 2124 961 2178 propagandis
992 2123 1163 2169 finibus;
1200 2132 1242 2162 tu
1272 2123 1313 2162 in
1342 2122 1531 2175 regendis.
1572 2124 1632 2161 Ac
1662 2123 1852 2161 nimirum
1895 2117 1898 2120 ⁴

465 2192 691 2244 (dicendum
712 2191 763 2230 est
784 2191 889 2230 enim
909 2190 1014 2244 quod
1035 2190 1178 2243 sentio)
1202 2190 1255 2228 rei
1275 2188 1452 2228 militaris
1473 2190 1592 2228 virtus
1613 2189 1760 2243 praestat
1778 2202 1852 2228 cae-

464 2259 552 2297 teris
574 2259 771 2297 omnibus.

519 2326 571 2364 X.
605 2326 702 2363 Haec
733 2337 875 2363 nomen
906 2323 1053 2378 populo
1083 2323 1277 2369 Romano,
1318 2321 1399 2361 haec
1432 2322 1525 2361 huic
1555 2321 1643 2361 urbi
1674 2331 1853 2361 aeternam

464 2391 642 2442 gloriam,
682 2390 857 2443 peperit;
897 2389 979 2429 haec
1011 2389 1147 2429 orbem
1183 2399 1368 2428 terrarum
1402 2402 1529 2442 parere
1563 2387 1656 2426 huic
1690 2386 1854 2440 imperio

465 2458 603 2508 coegit.
637 2457 787 2497 Omnes
808 2457 959 2497 urbanae
979 2470 1050 2504 res,
1072 2456 1203 2497 omnia
1221 2455 1304 2497 haec
1325 2456 1447 2496 nostra
1467 2455 1643 2509 praeclara
1662 2453 1795 2499 studia,
1815 2461 1854 2491 et
