2212 2835
605 222 677 260 IN
740 222 787 259 L.
849 222 1304 260 CATILINAM.
1588 245 1663 275 ἧψά

276 319 470 372 republica
491 317 630 356 versata
649 318 715 363 est,
747 327 783 356 et
803 319 971 371 partium
992 319 1166 371 quaedam
1193 318 1404 357 contentio.
1439 320 1571 372 Atque
1598 318 1667 356 illo

277 393 448 438 tempore
467 383 582 436 hujus
604 398 693 422 avus
715 384 889 429 Lentuli,
911 384 1135 422 clariffimus
1157 384 1228 428 vir,
1250 394 1416 422 armatus
1439 382 1666 422 Gracchum

276 450 329 488 est
355 449 598 503 persecutus:
633 449 699 487 ille
727 450 844 486 etiam
873 462 985 501 grave
1016 458 1101 486 tum
1131 448 1270 487 vulnus
1302 450 1463 501 accepit,
1494 463 1542 487 ne
1569 450 1666 502 quid

276 517 322 554 de
348 517 497 554 summa
523 516 709 568 dignitate
740 515 961 568 reipublicae
992 515 1245 553 minueretur.
1278 516 1360 554 Hic
1391 515 1438 553 ad
1468 516 1668 554 evertenda

274 582 526 620 fundamenta
570 581 789 634 reipublicae
829 581 964 619 Gallos
1003 581 1201 626 arceffivit,
1251 581 1400 619 servitia
1446 582 1666 627 concitavit,

275 648 486 686 Catilinam
505 648 702 693 evocavit,
733 647 910 685 attribuit
930 661 998 686 nos
1028 647 1272 686 trucidandos
1293 646 1484 700 Cethego,
1515 656 1669 686 caeteros

274 715 373 752 cives
400 714 685 762 interficiendos
712 714 897 759 Gabinio,
928 713 1065 752 urbem
1090 714 1410 753 inflammandam
1436 713 1575 759 Caffio,
1608 724 1669 752 to-

229 830 233 833 ·
276 789 355 818 tam
388 780 539 818 Italiam
575 780 791 818 vastandam
831 781 1166 833 diripiendamque
1201 780 1391 819 Catilinae.
1432 781 1668 826 Vereamini,

275 846 421 892 censeo,
453 860 500 885 ne
519 847 559 885 in
579 846 655 885 hoc
676 846 813 884 scelere
840 856 919 884 tam
946 847 1109 884 immani
1134 860 1177 884 ac
1198 846 1364 886 nefando
1384 847 1501 885 nimis
1523 846 1671 899 aliquid

275 913 400 951 severe
426 912 587 951 statuisse
614 913 846 958 videamini5
879 926 971 951 cum
999 913 1125 951 multo
1153 914 1275 966 magis
1302 913 1348 952 fit
1366 913 1592 958 verendum,
1623 926 1672 951 ne

279 979 495 1017 remiffione
522 992 645 1032 poenae
673 978 843 1016 crudeles
872 979 910 1016 in
934 980 1112 1031 patriam,
1143 993 1262 1031 quam
1290 993 1338 1017 ne
1366 979 1559 1018 severitate
1587 980 1670 1017 ani-

280 1046 550 1084 madverfionis
587 1045 704 1084 nimis
738 1044 984 1084 vehementes
1017 1045 1058 1084 in
1089 1045 1347 1085 acerbiffimos
1378 1044 1525 1092 hostes,
1562 1044 1673 1084 fuisse

278 1112 488 1151 videamur.

333 1178 427 1217 VII.
460 1178 530 1216 Sed
549 1191 633 1230 quae
652 1178 828 1223 exaudio,
849 1179 975 1217 Patres
996 1177 1216 1231 conscripti,
1237 1177 1469 1216 diffimulare
1488 1192 1567 1217 non
1585 1178 1672 1231 pos-

280 1244 380 1283 sum.
413 1246 611 1296 jactantur
629 1246 735 1282 enim
757 1258 881 1290 voces,
913 1259 997 1297 quae
1018 1244 1246 1297 perveniunt
1266 1243 1313 1282 ad
1332 1257 1438 1282 aures
1458 1258 1575 1289 meas,
1606 1258 1673 1282 eo-

279 1323 381 1355 rum,
413 1311 482 1362 qui
508 1311 625 1348 vereri
651 1310 844 1356 videntur,
876 1320 920 1348 ut
945 1309 1107 1349 habeam
1136 1309 1222 1348 satis
1249 1309 1413 1363 praefidii
1438 1310 1484 1348 ad
1504 1323 1560 1355 esa,
1590 1323 1676 1362 quae

278 1390 345 1416 vos
371 1377 575 1415 statueritis
601 1376 789 1416 hodierno
816 1378 891 1423 die,
922 1377 1172 1430 transigenda.
1206 1377 1355 1416 Omnia
1382 1386 1420 1415 et
1446 1376 1607 1430 provisa,
1638 1385 1677 1415 et

281 1453 420 1496 parata,
450 1454 488 1482 et
514 1444 719 1482 constituta
745 1444 845 1489 sunt,
877 1445 1005 1482 Patres
1033 1444 1254 1497 conscripti,
1286 1457 1378 1482 curn
1408 1457 1496 1482 mea
1525 1443 1677 1482 summa

281 1523 371 1547 cura
389 1519 504 1562 atque
524 1510 737 1562 diligentia,
769 1519 856 1547 tum
884 1510 1011 1547 multo
1037 1510 1155 1547 etiam
1179 1510 1323 1561 majore
1348 1509 1486 1563 populi
1505 1510 1676 1548 Romani

283 1574 330 1612 ad
356 1574 554 1612 summum
580 1575 790 1627 imperium
819 1574 1079 1618 retinendum,
1109 1583 1148 1612 et
1174 1574 1220 1612 ad
1247 1588 1476 1613 communes
1502 1574 1676 1615 fortunas

283 1638 567 1684 conservandas,
602 1639 813 1677 voluntate.
850 1640 998 1678 Omnes
1028 1638 1162 1677 adsunt
1187 1641 1368 1678 omnium
1392 1640 1575 1679 ordinum
1601 1641 1676 1679 ho-

283 1704 423 1749 mines,
463 1704 643 1743 omnium
679 1704 846 1757 denique
880 1714 1063 1743 aetatum:
1100 1705 1261 1757 plenum
1296 1705 1350 1743 est
1383 1704 1529 1752 forum,
1564 1706 1679 1759 plena

284 1770 431 1823 templa
462 1770 562 1808 circa
586 1769 733 1815 forum,
764 1771 868 1823 pleni
894 1784 1029 1809 omnes
1056 1771 1181 1809 aditus
1206 1769 1322 1824 hujus
1350 1771 1426 1810 loci
1454 1786 1496 1810 ac
1523 1773 1675 1826 templi.

285 1835 405 1874 Causa
429 1835 535 1873 enim
561 1835 613 1873 est
638 1835 722 1888 post
748 1836 885 1874 urbem
912 1837 1109 1875 conditam
1136 1835 1218 1874 haec
1245 1837 1400 1876 inventa
1419 1837 1508 1883 sola,
1539 1839 1580 1876 in
1601 1852 1679 1891 qua

284 1915 418 1940 omnes
449 1901 630 1940 sentirent
661 1916 785 1940 unum
816 1912 930 1955 atque
960 1903 1078 1948 idern,
1110 1912 1245 1956 praeter
1273 1916 1351 1949 eos,
1383 1904 1452 1956 qui
1484 1917 1577 1943 cum
1607 1904 1678 1943 fibi

282 1967 455 2007 viderent
473 1966 545 2005 effe
565 1968 821 2020 pereundum,
851 1982 944 2007 cum
964 1969 1147 2007 omnibus
1173 1970 1317 2022 potius,
1348 1983 1467 2023 quam
1492 1970 1576 2016 soli,
1607 1984 1677 2024 pe-

284 2035 357 2072 rire
375 2033 594 2072 voluerunt.
625 2035 755 2073 Hosce
775 2048 845 2088 ego
864 2034 1042 2074 homines
1063 2036 1230 2089 excipio,
1260 2045 1297 2075 et
1318 2036 1469 2075 secerno
1488 2037 1675 2075 libenter:

284 2112 408 2152 neque
427 2100 532 2138 enim
553 2100 593 2138 in
613 2101 882 2154 improborum
904 2102 1065 2147 civium,
1093 2102 1154 2140 sed
1175 2103 1214 2140 in
1236 2102 1564 2142 acerbiffimorum
1584 2102 1676 2141 hos-

285 2166 401 2210 tium,
432 2179 592 2204 numero
629 2165 825 2206 habendos
859 2177 968 2221 puto,
1001 2169 1139 2206 Caeteri
1171 2182 1273 2213 vero,
1311 2170 1381 2206 Dii
1411 2167 1672 2207 immortales!

285 2244 361 2284 qua
380 2230 606 2282 frequentia,
638 2246 715 2284 quo
742 2232 880 2278 studio,
912 2247 986 2286 qua
1007 2234 1160 2278 virtute,
1191 2234 1236 2271 ad
1264 2247 1518 2272 communem
1544 2234 1673 2285 digni-

286 2306 405 2336 tatem
426 2296 663 2349 salutemque
682 2298 954 2337 consentiunt?
987 2300 1095 2349 Qid
1115 2313 1187 2352 ego
1213 2299 1277 2338 hic
1303 2300 1449 2352 equites
1477 2301 1674 2337 Romanos

285 2375 591 2401 commemorem
610 2363 622 2399 ?
653 2364 720 2415 qui
742 2364 848 2402 vobis
870 2366 921 2403 ita
942 2365 1130 2403 summam
1152 2365 1297 2404 ordinis
1325 2365 1550 2416 consiliique
1577 2378 1673 2402 con-

287 2429 444 2473 cedunt,
476 2437 518 2466 ut
549 2428 748 2467 vobiscum
781 2430 827 2467 de
858 2444 985 2469 amore
1019 2432 1240 2484 reipublicae
1273 2440 1445 2468 certent:
1480 2443 1591 2481 quos,
1627 2445 1673 2468 ex

287 2496 505 2535 multorum
543 2508 733 2534 annorum
771 2495 989 2535 dissentione
1029 2499 1071 2534 ad
1110 2497 1225 2549 hujus
1267 2497 1411 2535 ordinis
1457 2496 1672 2535 societatem

1232 2563 1265 2599 C
1296 2576 1316 2600 c
1348 2574 1372 2601 2
