2212 2835
622 141 759 179 PRO
819 141 870 178 A.
932 135 1344 176 CLUENTIO.
1643 147 1692 187 39

294 242 500 282 debebitis.
534 240 655 280 Illum
689 240 837 278 tabulas
874 238 1047 292 publicas
1084 238 1218 277 Larini
1253 236 1440 276 censorias
1473 235 1695 288 corrupiffe,

296 311 520 349 decuriones
541 308 703 347 universi
720 307 1007 360 judicaverunt.
1040 307 1146 344 Cum
1167 305 1236 343 illo
1251 305 1334 357 jam
1356 318 1471 342 nemo
1493 304 1697 347 rationem,

296 391 414 416 nemo
434 392 514 415 rem
536 375 671 419 ullam,
693 372 943 412 contrahebat
961 387 969 410 :
1003 385 1120 410 nemo
1139 371 1256 409 illum
1277 385 1325 409 ex
1346 381 1425 409 tam
1448 371 1583 409 multis
1603 384 1699 423 cog-

298 447 395 483 natis
426 452 464 483 et
494 441 674 481 affinibus
702 448 871 478 tutorem
903 452 1077 492 unquam
1108 438 1239 476 liberis
1272 438 1346 475 suis
1379 438 1550 490 scripsit:
1584 451 1701 476 nemo

298 511 411 550 illurn
433 510 554 553 aditu,
577 521 693 546 nemo
714 506 988 559 congreffione,
1010 519 1127 543 nemo
1148 504 1334 550 sermone,
1368 518 1485 542 nemo
1506 505 1699 548 convivio,

298 578 463 630 dignum
486 575 700 628 judicabat.
735 574 884 611 Omnes
918 572 1230 626 aspernabantur,
1261 584 1396 609 omnes
1429 569 1700 615 abhorrebant,

298 657 448 689 omnes,
466 652 510 681 ut
529 642 700 694 aliquam
716 641 931 678 immanem
948 653 990 677 ac
1007 638 1260 693 perniciosam
1281 638 1442 676 bestiam
1463 637 1702 690 pestemque,

298 711 514 765 fugiebant.

356 780 479 818 Hunc
512 787 642 815 tamen
673 775 878 814 hominem
910 784 991 813 tam
1026 774 1225 819 audacem,
1264 782 1343 811 tam
1377 771 1584 818 nefarium,
1624 781 1706 810 tam

302 856 524 890 nocentem,
547 857 749 896 nunquam
770 841 972 880 accusasset
992 842 1149 886 Avitus,
1168 840 1343 893 Judices,
1366 840 1391 878 fi
1413 840 1451 877 id
1472 840 1706 892 praetermit-

301 922 396 957 tere,
418 912 518 950 salvo
538 912 663 964 capite
683 910 763 955 suo,
786 908 978 962 potuiffet.
1003 909 1096 947 Erat
1116 907 1210 946 huic
1232 908 1416 945 inimicus
1437 906 1706 959 Oppianicus:

304 990 407 1024 erat;
441 979 503 1017 sed
537 988 667 1016 tamen
687 986 766 1014 erat
797 976 984 1014 vitricus:
1017 976 1183 1013 crudelis
1205 984 1243 1013 et
1270 974 1364 1012 huic
1391 972 1526 1012 infesta
1557 983 1707 1017 mater3

305 1056 475 1084 attamen
509 1053 645 1082 mater.
679 1043 876 1081 Postremo
913 1041 1012 1079 nihil
1033 1051 1114 1079 tam
1150 1050 1345 1079 remotum
1377 1042 1424 1078 ab
1454 1040 1708 1083 accusatione,

307 1127 426 1168 quam
459 1110 680 1153 Cluentius,
726 1118 764 1146 et
795 1117 942 1152 natura,
977 1117 1015 1146 et
1047 1108 1258 1151 voluntate,
1290 1117 1328 1145 et
1359 1108 1532 1145 instituta
1566 1107 1712 1144 ratione

307 1180 407 1217 vitae.
441 1178 526 1221 Sed,
556 1189 649 1214 cum
670 1174 759 1212 effet
792 1172 875 1212 haec
909 1173 968 1211 illi
1000 1173 1191 1226 proposita
1221 1173 1409 1217 conditio,
1443 1182 1486 1210 ut
1516 1182 1581 1210 aut
1610 1172 1712 1224 juste

308 1247 447 1299 pieque
477 1243 682 1287 accusaret,
716 1251 780 1279 aut
812 1241 945 1278 acerbe
977 1240 1217 1293 indigneque
1249 1249 1492 1285 moreretur,
1525 1239 1710 1283 accusare,

308 1325 468 1364 quoquo
500 1309 618 1348 modo
639 1307 773 1361 poffet,
805 1320 923 1360 quam
955 1306 1025 1344 illo
1056 1307 1175 1345 modo
1207 1307 1343 1351 emori,
1378 1307 1530 1344 maluit.
1565 1308 1712 1358 Atque,

309 1388 353 1416 ut
373 1377 455 1416 haec
486 1377 539 1414 ita
559 1375 630 1414 effe
650 1375 863 1429 perspicere
883 1373 1042 1427 poffitis,
1075 1387 1267 1426 exponam
1288 1374 1397 1411 vobis
1422 1373 1633 1426 Oppianici
1654 1371 1713 1410 fa·

309 1445 418 1483 cinus
441 1441 644 1482 manifesto
674 1450 923 1494 compertum
943 1449 1059 1492 atque
1090 1438 1371 1493 deprehensum
1392 1454 1400 1477 :
1433 1453 1480 1477 ex
1501 1452 1580 1491 quo
1602 1439 1714 1477 simul

311 1521 537 1563 utrumque,
559 1518 597 1547 et
617 1508 710 1547 huic
731 1507 916 1552 accusare,
939 1517 977 1545 et
997 1507 1114 1545 illum
1134 1506 1400 1552 condemnari,
1424 1505 1568 1545 necesse
1589 1505 1714 1551 fuiffe,

311 1578 550 1629 intelligetis.

369 1644 459 1683 XV.
493 1642 693 1681 Martiales
715 1641 874 1693 quidam
895 1640 1029 1678 Larini
1050 1639 1356 1693 appellabantur,
1378 1640 1545 1678 ministri
1566 1641 1717 1693 publici

315 1711 471 1754 Martis,
486 1720 601 1762 atque
621 1709 655 1746 ei
673 1710 758 1747 Deo
780 1708 971 1746 veteribus
993 1707 1195 1752 institutis,
1211 1707 1540 1761 religionibusque
1553 1708 1715 1745 Larina-

315 1779 430 1822 tium,
463 1776 671 1814 consecrati
695 1790 703 1813 ε
741 1788 910 1827 quorum
945 1788 1038 1812 cum
1073 1774 1160 1812 satis
1196 1788 1359 1828 magnus
1395 1788 1579 1812 numerus
1615 1773 1716 1819 effer,

314 1858 485 1898 cumque
505 1845 615 1889 item,
641 1853 684 1881 ut
706 1844 745 1881 in
768 1842 897 1881 Sicilia
916 1842 1103 1895 permulti
1123 1843 1288 1880 Venerei
1309 1842 1410 1887 sunt,
1433 1842 1483 1880 sic
1506 1842 1564 1880 illi
1585 1842 1719 1880 Larini

316 1913 356 1950 in
374 1911 515 1950 Martis
536 1909 685 1948 familia
705 1917 1022 1953 numerarentur3
1046 1918 1201 1962 repente
1219 1908 1478 1962 Oppianicus,
1500 1922 1564 1946 eos
1585 1922 1719 1946 omnes

317 1979 456 2017 liberos
478 1977 562 2022 effe,
582 1977 759 2029 civesque
776 1977 991 2021 Romanos,
1009 1977 1130 2029 coepit
1148 1975 1364 2014 defendere.
1390 1976 1572 2013 Graviter
1592 1976 1631 2013 id
1651 1976 1719 2013 de-

317 2045 491 2083 curiones
514 2044 770 2087 Larinatium,
804 2042 1013 2094 cunCtique
1034 2042 1267 2096 municipes,
1291 2042 1464 2080 tulerunt
1483 2057 1491 2080 :
1524 2042 1654 2094 itaque
1675 2043 1721 2079 ab

319 2112 437 2150 Avito
457 2111 689 2164 petiverunt,
709 2119 751 2147 ut
771 2123 853 2147 eam
876 2109 1026 2147 causam
1048 2109 1266 2162 susciperet,
1284 2108 1520 2161 publiceque
1536 2107 1719 2145 defende-

320 2188 389 2216 ret.
413 2180 567 2223 Avitus,
583 2191 674 2215 cum
696 2176 731 2215 se
752 2177 799 2214 ab
820 2176 929 2214 omni
951 2175 1139 2228 ejusmodi
1160 2176 1319 2228 negotio
1340 2174 1569 2219 removisset,
1594 2185 1722 2211 tamen

322 2257 390 2295 pro
421 2244 521 2289 loco,
555 2258 624 2297 pro
651 2243 882 2296 antiquitate
902 2243 1051 2295 generis
1073 2242 1145 2287 sui,
1178 2255 1248 2295 pro
1268 2256 1326 2287 eo,
1360 2241 1466 2293 quod
1487 2240 1522 2278 se
1549 2254 1624 2277 non
1648 2239 1721 2276 suis

325 2310 448 2347 solum
468 2311 701 2355 commodis,
724 2310 785 2348 sed
806 2310 922 2347 etiam
945 2309 1101 2348 suorum
1122 2309 1391 2361 municipum,
1419 2316 1724 2358 caeterorumque.

324 2375 630 2421 neceffariorum,
662 2386 797 2414 natum
818 2375 889 2414 effe
910 2376 1177 2421 arbitrabatur,
1212 2384 1325 2413 tantae
1353 2372 1545 2412 voluntati
1567 2373 1723 2409 univer-

286 2447 290 2452 ’
325 2445 451 2483 ibrum
474 2443 716 2482 Larinatium
737 2442 854 2481 deeffe
874 2443 1015 2482 noluit.
