2212 2835
647 133 788 174 PRO
847 131 956 172 CN.
1014 128 1366 171 PLANCIO.
1626 141 1705 182 445

365 235 547 292 Asperius
565 263 576 281 ,
606 233 763 288 inquit,
795 234 948 271 Iocutus
975 230 1028 269 est
1047 229 1196 283 aliquid
1214 227 1435 282 aliquando.
1467 227 1597 266 Immo
1624 226 1708 265 for-

311 297 402 344 {affe
431 302 603 342 liberius.
635 302 693 339 At
721 299 762 338 id
788 298 943 353 ipsum,
971 297 1126 350 inquit,
1157 309 1237 334 non
1268 295 1322 333 est
1351 293 1571 333 ferendum.
1602 294 1710 345 Ergo

312 370 357 409 hi
386 369 534 409 ferendi
564 368 665 412 sunt,
697 366 766 418 qui
797 372 1026 417 queruntur,
1055 363 1276 403 libertatem
1303 360 1444 412 equitis
1477 359 1647 398 Romani
1673 359 1710 396 se

313 437 413 476 ferre
431 449 510 475 non
530 434 632 488 poffe
649 435 662 472 ?
694 433 871 472 Ubi-nam
897 430 965 470 ille
985 442 1070 469 mos
1087 429 1102 466 ?
1134 428 1203 466 ubi
1222 427 1290 466 illa
1308 427 1464 479 aequitas
1480 427 1579 479 juris
1597 427 1610 463 ?
1642 425 1713 464 ubi

314 503 382 542 illa
401 502 561 554 antiqua
578 500 732 539 libertas
751 527 763 544 ,
794 511 881 551 quae
905 496 1016 536 malis
1037 493 1208 547 oppressa
1227 492 1410 531 civilibus
1430 492 1612 530 extollere
1627 493 1712 544 jam

315 577 451 622 caput,
478 577 516 605 et
535 565 742 618 aliquando
766 572 929 603 recreata
947 562 983 600 se
1002 561 1160 614 erigere,
1190 557 1386 598 debebat?
1417 558 1612 610 Equitum
1642 571 1714 609 ego

315 636 589 675 Romanorum
619 632 737 670 etiam
765 630 809 668 in
837 629 1018 667 homines
1049 625 1304 667 nobiliffimos
1331 624 1547 668 maledieta,
1579 624 1714 676 publi-

315 713 503 739 canorum
535 699 577 736 in
611 699 677 749 Q
701 696 929 740 Scaevolam,
961 694 1090 733 virum
1123 692 1307 731 omnibus
1342 690 1519 743 ingenio,
1544 689 1713 742 justitia,

252 788 256 793 ·
314 766 535 818 integritate
554 764 812 818 praestantem,
838 761 979 814 aspere,
1007 768 1045 798 et
1065 758 1256 804 ferociter,
1285 766 1322 796 et
1342 757 1462 795 libere
1481 756 1581 794 dista
1601 767 1715 794 com-

318 847 535 873 memorem
555 832 573 868 ἓ

371 898 487 937 XIV.
519 896 680 936 Consuli
701 897 746 935 P.
769 894 916 934 Naficae
937 905 1061 947 praeco
1081 890 1266 936 Granius,
1288 889 1417 928 medio
1436 890 1478 928 in
1498 887 1597 934 foro,
1622 901 1715 927 cum

317 965 398 1010 ille,
428 964 553 1002 edicto
567 962 732 1016 justitio,
763 960 927 999 domum
947 958 1176 998 descendens
1196 955 1355 1009 rogasset
1382 955 1588 1000 Granium,
1620 955 1718 1007 quid

317 1031 434 1070 tristis
453 1029 542 1069 effet
554 1047 567 1074 3
590 1041 638 1067 an
658 1027 764 1080 quod
783 1026 977 1066 auctiones
997 1024 1114 1063 effent
1131 1024 1144 1060 ?
1175 1023 1302 1062 immo
1321 1035 1422 1066 vero,
1445 1022 1588 1074 inquit,
1611 1021 1717 1072 quod

317 1097 502 1151 legiones.
535 1095 646 1134 Idem
678 1093 835 1132 tribuno
861 1091 1001 1145 plebis,
1031 1088 1293 1144 potentissimo
1319 1088 1488 1132 homini,
1520 1088 1582 1125 M.
1606 1088 1716 1124 Dru-

319 1163 360 1202 so
373 1193 387 1209 ,
417 1162 480 1201 sed
499 1161 626 1201 multa
645 1160 686 1198 in
706 1159 991 1213 rempublicam
1011 1157 1217 1201 molienti,
1250 1169 1342 1194 cum
1363 1154 1428 1192 ille
1449 1167 1540 1192 eum
1562 1153 1717 1191 salutas-

320 1229 400 1274 set,
433 1236 479 1266 ut
501 1227 571 1272 fit,
602 1225 854 1278 dixissetque,
886 1224 995 1276 Qid
1014 1224 1093 1277 agis
1107 1252 1119 1269 ‚
1150 1222 1274 1260 Grani
1292 1222 1305 1258 ?
1336 1220 1554 1273 respondit,
1586 1221 1727 1258 Immo

319 1307 423 1339 vero,
454 1302 512 1338 tu,
534 1291 672 1336 Druse,
695 1291 789 1343 quid
809 1290 917 1343 agis?
949 1289 1021 1327 Ille
1040 1290 1089 1327 L.
1107 1287 1242 1332 Craffi,
1271 1287 1339 1325 ille
1357 1287 1422 1325 M.
1446 1285 1625 1329 Antonii,
1647 1298 1718 1323 vo-

321 1361 512 1399 luntatem
544 1358 798 1412 asperioribus
827 1356 978 1394 facetiis
1011 1355 1106 1408 saepe
1136 1353 1356 1407 perstrinxit
1387 1352 1579 1405 impune:
1614 1364 1721 1389 nunc

319 1426 440 1479 usque
458 1439 505 1465 eo
527 1423 834 1478 oppreffa·vestra
852 1422 1066 1475 arrogantia
1084 1421 1217 1459 civitas
1237 1419 1305 1464 est,
1333 1427 1392 1464 ut,
1422 1432 1508 1471 quae
1526 1416 1604 1456 fuit
1623 1417 1722 1456 olim

319 1493 488 1546 praeconi
506 1492 549 1529 in
567 1489 730 1529 ridendo
745 1517 759 1537 ,
788 1501 895 1529 nune
914 1486 1041 1541 equiti
1059 1487 1240 1526 Romano
1259 1485 1302 1524 in
1326 1483 1511 1538 plorando
1527 1512 1549 1529 ,γ
1570 1497 1650 1523 non
1675 1483 1729 1522 sit

320 1558 492 1598 eonceffa
508 1557 684 1595 libertas.
1067 1593 1070 1595 Α

377 1626 476 1677 Qae
511 1623 618 1661 enim
654 1634 826 1674 unquam
861 1618 938 1658 fuit
971 1617 1132 1658 Plancio
1165 1631 1244 1656 vox
1278 1616 1525 1656 cont‘umeliae
1558 1616 1688 1670 potius
1704 1643 1719 1661 ,

323 1703 444 1744 quam
462 1688 604 1728 doloris
623 1689 637 1726 ἶ
668 1688 776 1736 Qid
795 1687 849 1725 est
867 1695 997 1724 autem
1017 1698 1191 1737 unquam
1210 1684 1387 1737 questus,
1418 1683 1488 1722 nifi
1507 1697 1599 1722 cum
1619 1697 1640 1721 a
1659 1682 1721 1721 so·-

323 1757 394 1795 ciis
410 1785 423 1801 ,
453 1764 492 1794 et
512 1768 532 1793 a
551 1754 587 1792 se
600 1782 612 1800 ,
642 1753 823 1806 injuriam
844 1750 1110 1805 propulsaret?
1143 1751 1247 1789 Cum
1268 1749 1415 1788 senatus
1435 1749 1689 1802 impediretur
1704 1776 1718 1793 ‚

323 1836 404 1876 quo
422 1821 576 1866 minus,
606 1820 647 1859 id
667 1818 774 1872 quod
793 1817 967 1857 hostibus
987 1817 1135 1870 semper
1155 1825 1232 1855 erat
1252 1816 1469 1860 tributum,
1501 1814 1722 1868 responsum

326 1888 524 1941 equitibus
545 1885 734 1924 Romanis
754 1884 974 1923 redderetur
990 1902 1001 1929 3
1025 1882 1209 1922 omnibus
1229 1881 1296 1920 illa
1315 1881 1455 1933 injuria
1475 1881 1598 1919 dolori
1618 1880 1722 1933 pub-

325 1953 460 1992 licanis
486 1952 563 1991 fuit
579 1981 591 1998 ,
621 1952 685 1990 sed
711 1965 801 1989 eum
823 1950 953 2003 ipsum
983 1949 1157 1988 dolorem
1181 1947 1248 1986 hic
1275 1947 1366 1986 tulit
1396 1948 1511 2001 paulo
1538 1947 1720 2000 apertius.

326 2019 560 2059 Communis
581 2018 648 2056 ille
667 2017 791 2056 sensus
812 2017 852 2056 in
873 2017 956 2055 aliis
975 2015 1126 2055 fortafl‘e
1145 2015 1260 2053 latuit
1274 2032 1286 2059 3
1309 2013 1388 2059 hic,
1411 2014 1515 2067 quod
1535 2027 1628 2051 cum
1648 2027 1723 2051 cae-

328 2086 418 2124 teris
440 2086 570 2123 animo
590 2084 790 2128 sentiebat,
820 2083 863 2121 id
879 2082 1017 2136 magiS,
1050 2081 1331 2135 quam-caeteri,
1363 2090 1400 2118 et
1419 2079 1531 2118 vultu
1558 2092 1727 2131 promp-

329 2162 417 2191 tum
435 2150 586 2195 habuit,
617 2159 654 2187 et
674 2150 821 2201 lingua.

386 2218 639 2269 Qanquam,
670 2216 848 2267 Judices,
882 2213 1074 2267 (agnosco
1108 2215 1214 2252 enim
1245 2225 1292 2250 ex
1326 2212 1418 2264 me)
1455 2209 1647 2263 permulta
1681 2208 1730 2246 in>

332 2284 550 2328 Plancium,
583 2297 668 2334 quae
699 2283 746 2321 ab
777 2295 822 2320 eo
852 2295 1053 2334 nunquam
1083 2282 1182 2318 dieta
1208 2281 1308 2323 sunt,
1340 2277 1603 2316 conferuntur.
1635 2276 1722 2327 Ego

330 2352 422 2405 quia
443 2351 532 2388 dico
552 2350 699 2401 aliquid
719 2349 924 2401 aliquando
942 2378 953 2394 ,
984 2362 1062 2386 non
1086 2347 1212 2385 studio
1231 2346 1415 2384 adductus
1434 2372 1444 2387 ,
1476 2342 1538 2380 sed
1557 2352 1722 2380 conten-

331 2420 436 2458 tione
468 2416 643 2462 dicendi,
676 2424 740 2454 aut
772 2415 987 2460 lacessitus,
1018 2424 1056 2453 et
1090 2414 1200 2466 quia,
1232 2421 1275 2450 ut
1307 2411 1352 2451 fit
1383 2411 1424 2447 in
1455 2408 1611 2455 multis,
1641 2408 1732 2447 exitss
