2212 2835
701 127 840 166 PRO
901 127 950 166 C.
1010 126 1350 165 RABIRIO.
1668 140 1738 179 133

339 240 500 279 corpore
520 226 689 264 amovit:
713 225 779 264 hic
800 225 1015 264 misericors
1037 225 1186 279 flagella
1204 224 1350 264 retulit.
1384 224 1519 263 Porcia
1538 224 1601 263 lex
1622 224 1740 263 liber-

339 302 459 331 tatem
480 294 627 331 civium
647 293 773 331 lictori
792 293 934 345 eripuit
952 307 961 330 :
993 292 1203 336 Labienus,
1234 290 1356 330 homo
1377 291 1588 345 populariS,
1613 291 1741 329 carni-

339 359 404 397 fici
441 360 609 398 tradidit.
649 360 697 397 C.
735 357 938 396 Gracchus
971 358 1096 410 legem
1131 358 1236 402 tulit,
1276 372 1323 395 ne
1354 358 1401 395 de
1435 358 1561 410 capite
1592 358 1741 396 civium

339 426 611 464 Romanorum
631 423 772 477 injussu
793 424 912 462 vestro
932 424 1198 475 judicaretur:
1230 422 1296 461 hic
1323 424 1519 476 popularis
1546 437 1567 462 a
1593 424 1739 462 duum-

339 492 445 536 viris,
476 490 617 544 injuffu
647 490 780 535 vestro,
813 503 890 527 non
913 490 1079 542 judicari
1106 489 1153 527 de
1179 488 1263 527 cive
1290 490 1486 534 Romano,
1518 489 1580 527 sed
1600 490 1740 528 indicta

338 558 446 596 causa
464 558 590 595 civem
614 558 841 595 Romanum
861 557 996 610 capitis
1019 556 1283 601 condemnari,
1314 556 1457 608 coegit.

393 627 460 663 Tu
480 623 582 663 mihi
602 625 718 663 etiam
737 624 832 677 legis
854 624 1013 669 Porciae,
1046 633 1089 662 tu
1111 624 1159 662 C.
1184 621 1370 668 Gracchi,
1393 632 1436 661 tu
1456 621 1599 661 horum
1621 622 1740 661 liber-

338 693 442 737 tatis,
482 702 525 731 tu
563 692 793 747 cujusquam
827 691 997 744 denique
1034 690 1207 729 hominis
1247 690 1459 744 popularis,
1500 690 1742 728 mentionem

338 759 446 805 facis,
478 759 547 812 qui
578 773 657 798 non
689 759 807 797 modo
839 758 1037 812 suppliciis
1065 750 1267 803 inusitatis,
1299 757 1363 796 sed
1389 758 1505 796 etiarn
1535 757 1744 795 verborum

339 826 512 865 inaudita
545 826 786 871 crudelitate,
827 825 970 863 violare
1005 825 1224 863 libertatem
1258 823 1376 877 hujus
1411 823 1562 878 populi,
1600 832 1745 861 tentare

339 892 692 937 mansuetudinem,
723 901 966 930 commutare
986 891 1246 944 disciplinam,
1277 901 1436 929 conatus
1457 891 1524 928 es?
1557 889 1743 942 Namque

339 957 422 998 haec
444 968 522 1003 tua,
553 972 638 1010 quae
659 968 696 996 te
716 957 921 996 hominem
943 958 1176 996 clementem
1204 957 1510 1010 popularemque
1537 956 1742 1000 delectant,

340 1027 369 1066 I
380 1026 498 1070 libior,
529 1025 654 1077 colliga
673 1039 800 1063 manus
811 1041 825 1063 .·
856 1038 942 1076 quae
968 1037 1047 1062 non
1076 1024 1194 1062 modo
1218 1022 1335 1076 hujus
1355 1023 1543 1062 libertatis
1565 1023 1742 1061 mansue-

339 1091 563 1144 tudinisque
583 1105 660 1129 non
681 1091 784 1136 sunt,
814 1091 877 1129 sed
898 1104 945 1128 ne
961 1091 1127 1128 Romuli
1148 1090 1324 1142 quidem,
1355 1099 1421 1128 aut
1446 1091 1593 1129 Numae
1621 1091 1743 1128 Pom-

341 1159 455 1212 pilii;
487 1157 550 1196 sed
573 1157 796 1210 Tarquinii,
827 1156 1082 1209 superbifiimi
1110 1166 1227 1209 atque
1253 1156 1504 1195 crudeliffimi
1532 1156 1645 1210 regis,
1677 1156 1745 1194 ista

340 1226 430 1264 sunt
455 1225 647 1264 cruciatus
675 1225 873 1263 carmina:
907 1239 993 1277 quae
1015 1234 1071 1269 tu,
1103 1223 1226 1262 homo
1252 1223 1350 1262 lenis
1377 1237 1420 1262 ac
1447 1224 1659 1278 popularis,
1691 1224 1743 1262 li-

339 1291 557 1330 bentiffirne
587 1305 888 1336 commemorem,
921 1293 1045 1344 Caput
1075 1291 1253 1336 obnubilo,
1284 1290 1413 1330 arbori
1439 1291 1574 1344 infilici
1587 1292 1742 1345 sttspen-

337 1357 437 1397 dito.-
469 1372 554 1411 quae
574 1358 702 1403 verba,
735 1358 925 1410 Qirstes,
951 1357 1190 1411 jampridem
1211 1358 1251 1395 in
1272 1355 1344 1395 hac
1366 1357 1565 1411 republica
1584 1371 1662 1395 non
1683 1357 1743 1395 so-

337 1424 424 1464 lum
455 1425 623 1464 tenebris
654 1425 864 1471 vetustatis,
902 1439 1037 1464 verum
1068 1425 1186 1463 etiam
1218 1424 1305 1463 luce
1334 1425 1537 1470 libertatis,
1573 1424 1746 1478 oppressa

338 1491 440 1530 sunt.

395 1558 447 1595 V.
480 1559 544 1595 An
564 1571 665 1602 vero,
697 1557 721 1595 fi
745 1557 842 1594 afflo
863 1557 930 1594 ista
950 1557 1145 1610 popularis
1173 1555 1275 1602 effet,
1306 1565 1358 1602 et,
1390 1557 1417 1594 fi
1446 1557 1569 1595 ullam
1595 1566 1745 1610 partem

340 1623 531 1676 aequitatis
552 1622 723 1668 haberet,
755 1624 947 1676 autjuris,
981 1625 1028 1662 C.
1056 1622 1259 1661 Gracchus
1279 1637 1364 1662 eam
1386 1623 1627 1676 reliquisset?
1659 1625 1744 1662 Sci-

339 1689 433 1728 licet
466 1690 539 1727 tibi
576 1690 791 1742 graviorem
827 1690 999 1728 dolorem
1035 1691 1161 1743 patrui
1197 1690 1256 1727 tui
1294 1703 1398 1729 mors
1437 1690 1584 1737 attulit,
1623 1704 1744 1744 quam

341 1757 389 1794 C.
413 1754 595 1794 Graccho
615 1755 741 1794 fratris
760 1771 768 1794 ε
801 1766 839 1794 et
861 1757 933 1795 tibi
953 1757 1126 1794 acerbior
1146 1757 1227 1809 ejus
1248 1757 1375 1810 patrui
1395 1771 1500 1795 mors
1527 1757 1593 1803 est,
1624 1771 1746 1811 quem

339 1836 542 1875 nunquam
563 1822 704 1867 vidisti,
737 1836 855 1875 quam
876 1823 950 1869 illi,
982 1824 1063 1875 ejus
1084 1823 1226 1868 fratris,
1258 1825 1422 1876 quicum
1449 1824 1746 1864 concordiffime

338 1889 512 1927 vixerat:
544 1897 583 1927 et
610 1888 745 1927 similis
773 1889 844 1927 viri
872 1898 914 1928 tu
941 1889 1134 1928 ulcisceris
1162 1891 1289 1943 patrui
1315 1900 1498 1936 mortem,
1530 1899 1647 1945 atque
1677 1891 1745 1930 ille

339 1955 626 2009 persequeretur
645 1954 772 1994 fratris
794 1956 864 2001 sui,
887 1956 913 1994 fi
934 1957 1001 1995 ista
1021 1957 1167 1995 ratione
1186 1971 1293 2010 agere
1314 1957 1508 1997 voluisset:
1531 1967 1570 1997 et
1588 1972 1655 2012 par
1675 1959 1743 1996 de-

340 2021 520 2061 fidetium
553 2022 610 2061 sui
641 2023 800 2076 reliquit
831 2023 932 2077 apud
952 2024 1144 2077 populum
1177 2025 1405 2063 Romanum
1436 2025 1634 2064 Labienus
1660 2026 1742 2070 iste,

341 2097 499 2140 patruus
518 2088 649 2134 vester,
680 2089 854 2142 quisquis
875 2089 965 2135 fuit,
996 2104 1039 2128 ac
1061 2091 1158 2129 Tib.
1194 2090 1398 2129 Gracchus
1424 2091 1644 2144 reliquerat.
1677 2092 1743 2129 An

343 2154 461 2206 pietas
487 2164 552 2194 tua
583 2157 718 2209 major,
752 2170 870 2209 quam
898 2156 1101 2195 Gracchi?
1133 2172 1179 2196 an
1211 2158 1396 2196 animus?
1428 2172 1475 2196 an
1502 2157 1741 2197 consilium?

342 2233 389 2258 an
410 2222 531 2272 opes?
563 2235 610 2260 an
636 2223 838 2261 auctoritas
859 2224 871 2260 ?
903 2236 950 2261 an
977 2223 1229 2276 eloquentia?
1261 2238 1346 2277 quae
1372 2224 1398 2262 s1
1425 2225 1465 2262 in
1488 2224 1557 2262 illo
1578 2224 1742 2262 minima

342 2287 510 2333 fuiffent,
541 2297 670 2328 tamen
692 2304 767 2343 prae
788 2291 864 2328 tuis
885 2289 1134 2329 facultatibus
1156 2292 1327 2330 maxima
1346 2301 1585 2345 putarentur.

398 2356 505 2394 Cum
536 2368 623 2393 vero
651 2355 712 2395 his
743 2358 855 2395 rebus
887 2358 1071 2396 omnibus
1101 2359 1148 2396 C.
1180 2357 1383 2396 Gracchus
1412 2370 1547 2395 omnes
1575 2356 1738 2402 vicerit;

342 2431 535 2475 quantum
563 2421 810 2462 intervallum
839 2424 994 2463 tandem
1020 2425 1121 2463 inter
1148 2434 1186 2463 te
1210 2434 1326 2477 atque
1353 2423 1468 2462 illum
1496 2423 1740 2477 interjectum

425 2490 498 2528 To
515 2501 567 2528 M.
600 2488 652 2528 V.
1396 2490 1433 2527 V
