2212 2835
514 162 591 215 438
1011 160 1413 199 ORATIO

514 269 577 296 tua
609 258 862 310 consequare,
894 256 1087 295 condiscas
1119 257 1252 295 censeo
1284 256 1385 295 mihi
1415 257 1531 310 paulo
1561 257 1783 312 diligentius
1817 260 1907 314 sup-

512 326 666 377 plicare.

568 392 639 429 VI.
673 392 770 430 Haec
808 391 944 444 populi
983 391 1104 429 oratio
1137 391 1218 429 est:
1252 405 1337 429 mea
1372 406 1488 437 vero,
1520 393 1732 431 Laterensis
1754 423 1764 438 ‚
1797 392 1906 432 haec:

512 458 643 508 Qare
664 457 784 495 vietus
807 458 850 495 fis
870 487 880 502 ‚
913 471 990 495 non
1011 458 1148 495 debere
1163 457 1338 508 judicem
1361 472 1527 510 quaerere
1545 488 1555 503 ‚
1588 459 1706 497 modo
1728 473 1774 497 ne
1792 459 1908 511 largi-

513 524 620 561 tione
641 524 684 562 sis
707 524 842 562 victus.
877 524 998 568 Nam,
1031 524 1071 568 fi,
1103 523 1408 576 quotiescunque
1436 525 1646 577 praeteritus
1673 526 1746 564 erit
1765 526 1810 570 is,
1843 526 1911 577 qui

511 604 591 629 non
627 591 801 629 debuerit
836 591 1032 643 praeteriri,
1065 592 1176 628 toties
1207 591 1402 644 oportebit
1435 605 1540 637 eum,
1571 594 1639 644 qui
1670 592 1791 630 factus
1824 592 1909 637 erit,

512 657 788 702 condemnari,
816 654 914 694 nihil
931 657 1012 708 jam
1033 657 1099 701 est,
1119 657 1223 708 quod
1244 657 1391 710 populo
1412 657 1660 710 supplicetur,
1685 658 1784 696 nihil
1805 658 1910 711 quod

514 723 702 767 diribitio,
734 721 833 760 nihil
861 722 966 774 quod
987 722 1217 774 supplicatio
1238 723 1545 774 magistratuum,
1576 726 1809 764 renuntiatio
1829 723 1909 762 suf-

512 788 739 841 fragiorum,
760 790 983 840 expectetur
1001 803 1009 825 :
1033 787 1147 825 simul
1169 798 1211 825 ut
1232 788 1301 840 qui
1322 788 1393 826 smt
1413 788 1579 841 profeffi,
1600 791 1711 828 video
1732 791 1827 842 quid
1847 791 1908 828 di-

512 870 612 894 cam.
646 856 727 894 Hic
749 854 897 892 familia
917 854 1105 892 consulari
1126 854 1192 899 est,
1214 854 1279 892 ille
1300 855 1498 907 praetoria:
1523 856 1689 908 reliquos
1710 857 1821 894 video
1842 857 1914 895 effe

510 936 559 960 ex
580 921 743 974 equestri
764 921 850 960 loco
869 936 878 959 ε
912 921 999 959 sunt
1025 934 1159 959 omnes
1181 921 1257 959 fine
1278 921 1429 960 macula
1448 951 1457 966 ‚
1491 922 1578 960 sunt
1597 936 1705 975 aeque
1727 923 1820 961 boni
1840 924 1910 961 viri

512 998 628 1041 atque
658 988 827 1039 integri;
861 986 922 1024 sed
954 987 1088 1025 servari
1114 986 1257 1025 necesse
1287 987 1340 1025 est
1366 988 1556 1040 gradum:
1589 988 1697 1026 cedat
1723 988 1910 1027 consulari

512 1056 640 1108 generi
662 1054 884 1108 praetorium
902 1083 913 1098 ,
945 1067 1015 1092 nec
1044 1054 1251 1092 contendat
1276 1067 1367 1092 cum
1396 1055 1572 1109 praetorio
1597 1055 1767 1108 equester
1787 1056 1910 1094 locus,

513 1122 670 1160 Sublata
701 1121 788 1158 sunt
819 1120 960 1165 studia,
992 1121 1170 1159 extinctae
1201 1120 1512 1173 suffragaffiones,
1544 1122 1660 1159 nullae
1691 1123 1912 1160 contentio-

512 1202 605 1234 nes,
638 1188 744 1226 nulla
775 1188 928 1226 libertas
962 1187 1099 1240 populi
1131 1188 1172 1225 in
1204 1189 1429 1225 mandandis
1461 1188 1743 1241 magistratibus
1762 1219 1772 1234 ‚
1805 1189 1912 1227 nulla

513 1256 727 1308 expectatio
761 1253 1058 1307 suffragiorum3
1091 1254 1218 1300 nihil,
1252 1265 1294 1293 ut
1328 1256 1558 1307 plerumque
1592 1258 1746 1301 evenit,
1778 1265 1913 1308 praeter

513 1323 740 1375 opinionem
760 1321 908 1359 accidet
926 1350 936 1364 ‚
968 1321 1072 1358 nulla
1098 1321 1170 1358 erit
1190 1320 1345 1372 posthac
1369 1323 1523 1359 varietas
1545 1323 1811 1361 comitiorum.
1844 1324 1911 1360 Sin

513 1388 589 1427 hoc
624 1388 786 1441 persaepe
820 1387 974 1431 accidit,
1007 1396 1050 1424 ut
1083 1396 1122 1424 et
1154 1385 1273 1425 factos
1305 1387 1467 1439 aliquos,
1498 1397 1535 1426 et
1568 1401 1644 1426 non
1677 1388 1810 1434 faetos,
1841 1388 1912 1427 effe

514 1456 723 1499 miremur,
743 1454 767 1491 fi
789 1467 962 1505 campus,
980 1462 1095 1504 atque
1115 1452 1190 1490 illae
1211 1452 1322 1491 undae
1342 1455 1608 1499 comitiorum,
1632 1464 1674 1492 ut
1696 1468 1799 1492 mare
1819 1468 1910 1507 pro-

513 1522 683 1560 fundum
704 1530 740 1558 et
761 1519 996 1558 immensum
1013 1549 1024 1565 ,
1056 1520 1106 1557 fic
1127 1518 1377 1557 effervescunt
1397 1521 1565 1572 quodam
1592 1521 1695 1573 quasi
1722 1521 1810 1560 aestu
1826 1551 1838 1567 ,
1869 1531 1914 1560 ut

514 1590 560 1627 ad
580 1588 672 1627 alios
693 1588 890 1632 accedant,
921 1587 968 1625 ab
989 1587 1070 1626 aliis
1092 1596 1220 1625 autem
1241 1587 1416 1625 recedant
1436 1601 1444 1625 :
1477 1587 1517 1625 in
1545 1596 1652 1625 tanto
1673 1601 1740 1627 nos
1760 1589 1914 1642 impetu

514 1656 743 1700 studiorum,
775 1664 813 1692 et
834 1663 944 1693 motu
966 1654 1206 1701 temeritatis,
1239 1654 1401 1692 modum
1424 1654 1607 1707 aliquem,
1633 1664 1671 1693 et
1691 1655 1909 1701 confilium,

514 1732 552 1760 et
574 1723 760 1760 rationem
783 1722 1019 1773 requiramus
1040 1721 1053 1756 ?

570 1790 700 1840 Qare
722 1788 801 1825 noli
823 1800 885 1824 me
907 1787 951 1824 ad
973 1786 1264 1824 contentionem
1285 1786 1442 1824 vestram
1465 1800 1650 1832 revocare,
1683 1787 1908 1826 Laterenfis.

516 1855 690 1898 Etenim,
722 1854 747 1891 fi
780 1853 926 1906 populo
952 1862 1056 1905 grata
1085 1851 1136 1889 est
1164 1852 1316 1897 tabella,
1348 1866 1431 1904 quae
1458 1852 1602 1891 frontes
1631 1854 1750 1907 aperit
1776 1853 1909 1892 homi-

515 1935 628 1965 num,
659 1928 807 1958 mentes
843 1919 966 1971 tegit3
998 1918 1139 1971 datque
1170 1932 1253 1956 eam
1286 1918 1517 1964 libertatem,
1551 1929 1606 1964 ut,
1638 1920 1743 1972 quod
1776 1920 1909 1965 velint,

515 1987 669 2031 faciant,
700 1986 929 2039 promittant
960 1994 1104 2031 autem,
1136 1986 1241 2038 quod
1275 1996 1484 2038 rogentur:
1516 2000 1584 2024 cur
1618 1996 1658 2024 tu
1692 1987 1731 2025 in
1760 1987 1912 2039 judicio

514 2053 715 2106 exprimis,
746 2052 850 2105 quod
884 2066 960 2089 non
996 2052 1040 2090 fit
1074 2053 1114 2089 in
1148 2053 1316 2104 campo?
1355 2053 1450 2097 Hic,
1482 2067 1598 2105 quam
1633 2054 1712 2098 ille,
1744 2054 1910 2106 dignior,

517 2133 701 2172 perquam
717 2132 829 2171 grave
845 2118 898 2156 est
915 2118 1032 2156 distu.
1057 2119 1271 2169 Qornodo
1287 2119 1404 2171 igitur
1420 2119 1471 2156 est
1489 2120 1667 2171 aequum?
1687 2121 1761 2164 Sic,
1780 2120 1908 2165 credo,
1958 2106 1962 2108 .

516 2186 621 2237 quod
643 2186 767 2237 agitur
786 2215 796 2230 ‚
828 2184 932 2236 quod
954 2184 1038 2222 satis
1059 2184 1111 2221 est
1132 2184 1287 2235 judici,
1320 2183 1384 2222 hic
1412 2185 1532 2223 factus
1552 2185 1616 2223 est.
1651 2186 1733 2224 Cur
1752 2185 1818 2223 iste
1838 2199 1910 2239 po-

517 2254 606 2297 tius,
639 2265 755 2304 quam
777 2251 879 2304 ego?
912 2250 983 2288 Vel
1012 2250 1149 2295 nescio,
1181 2251 1240 2288 vel
1268 2264 1343 2288 non
1373 2251 1475 2295 dico,
1508 2251 1565 2288 vel
1593 2251 1773 2303 denique,
1806 2252 1910 2304 quod

516 2318 614 2356 mihi
642 2317 904 2370 gravisfimum
932 2316 1021 2354 esset
1046 2317 1094 2354 fic
1122 2317 1262 2362 dicere,
1294 2316 1354 2355 sed
1383 2318 1543 2370 impune
1571 2327 1698 2355 tamen
1731 2318 1908 2356 deberem

517 2386 660 2429 dicere;
682 2385 773 2422 Non
797 2386 907 2422 reete.
927 2384 1032 2422 Nam
1054 2383 1146 2436 quid
1164 2383 1384 2436 assequerer,
1405 2384 1428 2421 s1
1451 2384 1516 2421 illa
1531 2393 1699 2422 extrema
1719 2383 1907 2422 defenfio-

514 2464 565 2492 nc
586 2461 723 2495 uterer,
746 2450 951 2503 populum,
973 2449 1078 2503 quod
1099 2449 1288 2495 voluiffet‚
1311 2449 1450 2495 feciffe,
1473 2463 1548 2488 non
1570 2450 1673 2505 quod
1696 2448 1907 2489 debuisset?
