2212 2835
823 128 963 168 PRO
1023 127 1068 165 P.
1128 124 1375 164 SYLLA.
1738 134 1813 174 301

417 235 574 280 Piceno,
598 232 753 272 Gallico
769 250 780 277 ;
813 244 906 284 quas
932 241 1013 268 oras
1034 227 1204 267 maxime
1225 224 1326 278 quafi
1349 223 1507 263 morbus
1529 221 1689 275 quidam
1710 221 1815 259 illius

417 302 556 341 furoris
576 299 813 354 pervaserat?
845 296 945 336 nihil
972 309 1060 334 vero
1089 294 1233 333 minus.
1267 292 1360 330 Fuit
1387 291 1518 335 enim,
1550 298 1593 327 ut
1614 290 1697 342 jam
1728 297 1816 326 ante

418 369 524 414 dixi,
556 366 752 420 Neapoli:
784 362 861 402 fuit
888 364 929 400 in
956 375 998 399 ea
1024 369 1129 414 parte
1158 358 1301 403 Italiae,
1334 371 1418 409 quae
1440 356 1609 394 maxime
1631 369 1673 393 ea
1692 354 1815 407 suspi-

418 435 530 474 cione
550 433 687 472 caruit.

474 499 583 551 Qid
603 511 694 550 ergo
719 497 887 540 indicat,
919 502 984 532 aut
1009 492 1105 545 quid
1130 490 1264 535 affert,
1295 498 1360 528 aut
1386 488 1464 542 ipse
1491 488 1719 532 Cornelius,
1751 497 1822 525 aut

416 580 482 606 vos
496 595 508 612 ‚
539 565 607 618 qui
627 565 674 602 ab
695 578 744 602 eo·
759 563 840 601 haec
861 560 1040 600 mandata
1059 557 1214 597 defertis
1234 557 1246 594 ἓ
1280 556 1521 595 Gladiatores
1543 563 1694 607 emptos
1717 553 1789 591 effe
1802 582 1815 598 ‚

416 631 547 671 Fausti
567 630 823 673 fimulatione,
854 627 902 665 ad
921 626 1064 665 caedem
1085 638 1127 663 ac
1148 623 1381 662 tumultum.
1415 622 1473 660 Ita
1492 620 1643 674 prorsus
1664 635 1672 658 ε
1696 620 1818 658 inter-

418 698 530 753 positi
550 698 637 736 sunt
660 696 914 749 gladiatores,
944 706 1040 745 quos
1068 691 1296 730 testamento
1323 689 1440 742 patris
1468 688 1642 726 videmus
1671 687 1815 725 deberi.

419 767 582 818 Arrepta
600 763 653 801 est
671 762 847 801 familia:
879 774 964 813 quae
985 760 1010 798 fi
1031 758 1119 797 effet
1139 754 1398 811 praetermiffa,
1431 754 1548 807 poffet
1570 754 1642 792 alia
1668 753 1818 792 familia

420 832 550 871 Fausti
571 843 714 869 munus
734 828 913 882 praebere.
936 826 1101 864 Utinam
1123 823 1283 877 quidem
1303 821 1385 860 haec
1406 821 1482 874 ipsa
1502 834 1579 859 non
1601 819 1719 858 modo
1739 820 1816 857 ini-

419 911 589 951 quorum
609 896 762 934 invidiae
776 924 787 940 ,
818 893 880 932 sed
901 901 940 931 et
959 905 1158 945 aequorum
1180 888 1461 942 expectationi,
1494 885 1703 925 satisfacere
1728 885 1818 939 pos-

420 965 499 1003 set!
533 966 786 1017 Properatum
813 959 1087 1003 vehementer,
1117 971 1210 996 cum
1237 956 1354 1008 longe
1373 964 1527 1007 tempus
1547 953 1718 992 muneris
1747 953 1817 991 ab·

420 1032 523 1070 esset.
555 1029 677 1082 Qafi
693 1042 782 1067 vero
803 1037 954 1080 tempus
975 1025 1091 1063 dandi
1111 1023 1282 1062 muneris
1302 1035 1382 1060 non
1401 1021 1510 1059 valde
1530 1020 1818 1073 appropinqua-

420 1108 490 1137 ret.
523 1096 819 1149 Nec-opinante
840 1092 1005 1137 Fausto,
1036 1104 1129 1129 cum
1150 1090 1180 1128 is
1208 1102 1332 1141 neque
1359 1087 1493 1133 sciret,
1525 1100 1650 1139 neque
1678 1086 1817 1132 vellet,

420 1164 570 1204 familia
590 1163 642 1201 est
661 1168 893 1214 comparata.
925 1160 980 1196 At
1000 1157 1118 1195 literae
1138 1155 1224 1194 sunt
1245 1154 1374 1193 Fausti
1388 1183 1399 1199 ,
1431 1167 1499 1206 per
1525 1166 1617 1205 quas
1639 1152 1704 1190 ille
1730 1166 1818 1205 pre-

421 1231 533 1270 cibus
551 1243 572 1268 a
592 1229 636 1267 P.
660 1227 762 1280 Sylla
780 1226 893 1280 petit,
915 1233 959 1262 ut
978 1232 1080 1262 emat
1100 1221 1341 1275 gladiatores,
1363 1229 1401 1258 et
1422 1228 1465 1257 ut
1484 1218 1555 1257 hos
1576 1218 1674 1272 ipsos
1696 1228 1817 1258 emat:

420 1309 548 1350 neque
574 1294 700 1334 solum
728 1293 774 1332 ad
801 1292 946 1344 Syllam
972 1288 1112 1334 miffae,
1144 1288 1206 1326 sed
1233 1287 1279 1325 ad
1305 1287 1354 1326 L.
1375 1285 1561 1324 Caesarem
1577 1314 1588 1330 ,
1619 1285 1819 1336 QPom-

421 1365 555 1418 peium
569 1392 581 1409 ,
613 1363 661 1401 C.
686 1359 933 1400 Memmium
946 1386 963 1403 ,
989 1369 1161 1409 quorum
1184 1354 1230 1393 de
1250 1353 1434 1392 sententia
1453 1361 1533 1391 tota
1552 1365 1608 1390 res
1629 1351 1731 1405 gesta
1751 1351 1817 1389 est.

422 1432 478 1469 At
503 1428 657 1483 praefuit
683 1426 854 1466 familiae.
887 1426 976 1477 Jam
1003 1423 1030 1461 fi
1056 1423 1096 1460 in
1125 1419 1378 1473 comparanda
1403 1418 1553 1457 familia
1579 1418 1741 1471 suspicio
1769 1417 1821 1456 est

423 1496 529 1534 nulla
545 1514 557 1541 3
589 1495 695 1547 quod
715 1492 881 1547 praefuit‚
913 1488 1013 1528 nihil
1034 1488 1081 1525 ad
1102 1500 1182 1525 rem
1204 1486 1384 1538 pertinet.
1418 1485 1491 1522 Sed
1511 1493 1641 1522 tamen
1662 1497 1821 1523 munere

424 1560 548 1600 servili
568 1561 712 1598 obtulit
732 1560 767 1597 se
787 1558 834 1596 ad
852 1556 1082 1595 ferramenta
1102 1551 1364 1606 prospicienda
1381 1565 1390 1588 :
1422 1549 1575 1602 praefuit
1601 1564 1689 1588 vero
1715 1564 1820 1588 nun-

425 1641 542 1681 quam
562 1642 572 1666 :
604 1639 724 1678 eaque
743 1638 799 1664 res
822 1637 888 1677 per
907 1622 1097 1666 Balbum,
1130 1618 1258 1658 Fausti
1279 1618 1485 1662 libertum,
1516 1617 1624 1655 omni
1647 1626 1821 1669 tempore

425 1693 684 1734 administrata
706 1692 771 1730 est.

478 1761 572 1799 XX.
606 1759 660 1797 At
685 1758 792 1796 enim
820 1755 981 1795 Cincius
1008 1753 1061 1792 est
1086 1754 1132 1792 ab
1161 1752 1236 1791 hoc
1268 1751 1308 1789 in
1340 1751 1561 1790 ulteriorem
1591 1749 1821 1802 Hispaniam

425 1827 572 1873 missus,
596 1835 639 1865 ut
658 1840 741 1864 eam
762 1824 1001 1879 provinciam
1022 1822 1273 1876 perturbaret.
1306 1820 1483 1858 Primum
1507 1817 1683 1862 Cincius,
1706 1817 1819 1868 Judi-

425 1909 508 1939 ces,
540 1895 588 1933 L.
612 1893 740 1945 J-ulio,
773 1892 820 1930 C.
845 1891 1007 1943 Figulo,
1040 1888 1282 1931 consulibus,
1314 1884 1507 1939 profectus
1527 1884 1593 1929 est,
1625 1883 1822 1935 aliquanto

426 1970 512 2000 ante
531 1959 701 1998 furorem
724 1958 917 2001 Catilinae,
939 1966 976 1994 et
997 1964 1083 1994 ante
1103 1953 1359 2007 suspicionem
1378 1951 1494 2003 hujus
1515 1950 1790 2001 conjurationis
1810 1964 1818 1987 :

426 2025 564 2066 deinde
584 2025 636 2063 est
656 2023 848 2078 profectus
869 2036 946 2061 non
968 2032 1051 2060 tum
1074 2021 1247 2073 primum
1261 2048 1272 2064 ,
1304 2018 1365 2056 sed
1385 2031 1477 2056 cum
1504 2017 1544 2054 in
1571 2016 1705 2054 iisdem
1726 2015 1827 2053 locis-

428 2093 624 2145 aliquanto
655 2102 742 2129 ante
773 2090 906 2128 eadem
940 2089 985 2126 de
1015 2087 1121 2125 causa
1153 2087 1302 2138 aliquot
1328 2097 1445 2122 annos
1474 2082 1628 2121 fuisset:
1660 2095 1702 2119 ac
1730 2095 1820 2133 pro-

430 2158 550 2197 fectus
571 2158 624 2195 cst
644 2171 721 2195 non
742 2156 859 2194 modo
879 2156 928 2194 ob
949 2154 1098 2192 causam
1113 2182 1124 2198 ,
1155 2152 1216 2191 sed
1237 2152 1353 2189 etiam
1379 2149 1617 2188 necessariam
1644 2147 1792 2185 causam
1808 2175 1818 2191 ,

430 2237 569 2277 magna
600 2224 743 2261 ratione
773 2236 865 2260 cum
897 2219 1140 2259 Mauritaniae
1171 2231 1259 2270 rege
1289 2217 1494 2254 contrasta.
1528 2215 1637 2251 Tum
1664 2221 1818 2256 autem,

430 2291 498 2329 illo
531 2288 724 2342 profecto,
756 2288 857 2339 Sylla
888 2295 1112 2339 procurante
1143 2285 1223 2336 ejus
1256 2296 1336 2320 rem
1369 2290 1405 2318 et
1437 2288 1610 2332 gerente,
1642 2277 1819 2329 plurimis

431 2366 469 2394 et
500 2354 770 2409 pulcherrimis
804 2355 847 2391 P.
879 2352 1009 2390 Cincii
1041 2351 1191 2404 pr‘aediis
1223 2348 1409 2391 venditis,
1441 2359 1487 2384 aes
1520 2344 1688 2381 alienum
1719 2343 1819 2394 ejus-

430 2422 520 2462 dem
540 2419 762 2461 dissolutum
783 2417 835 2456 est
854 2432 861 2454 :
895 2425 962 2462 ut,
995 2430 1078 2468 quae
1099 2414 1207 2453 causa
1227 2422 1379 2453 caeteros
1402 2409 1447 2448 ad
1467 2407 1613 2447 facinus
1634 2407 1820 2460 impulit,
