2212 2835
718 139 900 179 PosT
958 138 1331 178 REDITUM.
1648 156 1724 196 347

332 249 399 275 vos
435 235 755 289 frequentissimos
792 236 833 274 in
868 236 1110 288 Capitolium
1144 237 1368 276 convocavit
1386 252 1394 275 :
1433 251 1512 290 quo
1549 246 1723 290 tempore

331 312 516 354 quantam
537 303 618 341 vim
639 311 780 340 naturae
801 302 950 341 bonitas
971 301 1129 341 haberet
1142 331 1153 347 ,
1185 312 1250 340 aut
1270 317 1354 341 vera
1373 304 1573 349 nobilitas,
1605 304 1721 342 intel-

333 369 451 421 ligere
469 368 660 422 potuistis.
692 369 798 407 Nam
821 368 1083 419 QMetellus
1099 397 1111 414 ‚
1142 377 1181 406 et
1200 368 1383 407 inimicus
1403 398 1414 415 ‚
1445 379 1483 408 et
1511 369 1625 408 frater
1646 370 1723 408 ini-

334 434 428 472 mici
444 463 457 480 ,
487 433 676 486 perspecta
696 433 813 471 vestra
832 433 1028 471 voluntate
1045 461 1056 478 ‚
1088 433 1218 471 omnia
1243 433 1388 486 privata
1413 434 1501 472 odia
1520 435 1694 487 deposuit
1712 450 1719 473 :

333 514 452 553 quem
473 502 518 539 P.
541 499 736 544 Servilius,
767 499 825 537 vir
845 513 937 537 cum
957 498 1197 544 clariffimus,
1220 508 1306 537 tum
1327 513 1415 538 vero
1434 501 1623 553 optimuS,
1645 503 1724 540 mi-

332 565 453 617 hique
472 564 721 603 amiciffimus
738 593 749 608 ,
781 573 819 602 et
847 564 1080 603 auctoritatis
1105 573 1143 603 et
1168 564 1350 604 orationis
1378 565 1451 603 suae
1479 566 1608 604 divina
1628 579 1725 618 qua-

331 631 419 669 dam
439 631 624 683 gravitate
639 658 651 675 ,
682 630 729 668 ad
749 629 805 668 sui
824 631 973 684 generis
994 631 1291 683 communisque
1312 631 1506 685 sanguinis
1526 631 1624 670 faeta
1649 633 1729 671 vir-

333 697 509 750 tutesque
528 697 719 736 revocavit
733 726 745 743 ‚
776 706 820 736 ut
845 696 1003 736 haberet
1023 698 1063 736 in
1084 698 1242 736 confilio
1261 707 1299 736 et
1318 697 1477 738 fratrem
1497 699 1544 737 ab
1564 698 1697 737 inferis
1714 729 1726 745 ,

332 762 483 803 socium
517 777 645 803 rerum
679 777 853 803 mearum
871 793 882 809 ,
918 773 957 802 et
990 777 1125 802 omnes
1161 764 1346 804 Metellos
1365 794 1376 810 ,
1406 764 1728 818 praestantiffimos

334 831 436 870 cives
454 861 465 877 ‚
496 844 594 884 pene
627 845 675 869 ex
709 829 933 870 Acheronte
967 831 1150 870 excitatos
1167 850 1179 877 3
1211 832 1253 870 in
1286 832 1428 885 quibus
1463 831 1731 871 Numidicum

334 897 476 942 illum,
507 898 616 950 cujus
637 898 834 950 quondam
855 898 901 936 de
922 898 1042 950 patria
1060 897 1235 937 disceffus
1249 927 1261 944 ‚
1291 898 1471 938 honestus
1492 899 1585 952 ipsi,
1617 899 1729 938 bonis

336 962 520 1001 omnibus
555 972 684 1002 tamen
718 963 911 1001 luctuosus
945 963 1044 1001 visus
1076 963 1142 1002 est.
1183 965 1317 1016 Itaque
1344 965 1474 1003 extitit
1503 978 1582 1003 non
1612 965 1731 1003 modo

336 1028 465 1068 salutis
488 1028 674 1074 defensor,
697 1030 766 1082 qui
786 1038 873 1068 ante
893 1028 969 1068 hoc
989 1043 1114 1068 unum
1135 1030 1368 1069 beneficium
1388 1030 1512 1070 fuerat
1531 1031 1731 1076 inimicus,

336 1111 472 1136 verum
499 1098 616 1136 etiam
643 1096 852 1150 adscriptor
877 1097 1074 1150 dIgnitatis
1103 1111 1211 1136 meae.
1244 1098 1336 1147 Qo
1363 1098 1523 1151 quidem
1549 1098 1611 1137 die
1637 1112 1733 1137 cum

340 1176 554 1202 ccccxvu
587 1176 635 1201 ex
664 1162 794 1201 senatu
822 1162 969 1208 effetis,
999 1163 1241 1216 magistratus
1269 1173 1397 1202 autem
1426 1163 1469 1202 hi
1498 1178 1632 1203 omnes
1663 1164 1733 1203 ad-

337 1229 473 1275 effent;
495 1228 659 1268 diffenfit
678 1243 792 1275 unus,
814 1229 860 1274 is,
883 1229 951 1282 qui
971 1229 1035 1267 sua
1054 1229 1139 1282 lege
1158 1230 1376 1282 conjuratos
1396 1231 1514 1269 etiam
1532 1231 1580 1269 ab
1600 1229 1733 1269 inferis

335 1295 560 1334 excitandos
581 1304 744 1349 putarat.
776 1297 910 1348 Atque
929 1295 1000 1334 illo
1019 1295 1094 1342 die,
1117 1310 1196 1349 quo
1215 1297 1500 1350 rempublicam
1520 1297 1617 1335 meis
1637 1310 1734 1336 con-

338 1361 429 1401 filiis
450 1361 708 1401 conservatam
727 1362 954 1415 graviffimis
975 1362 1100 1401 verbis
1120 1372 1159 1401 et
1174 1362 1352 1416 plurimis
1363 1362 1611 1416 judicaffetis,
1629 1363 1736 1402 idem

337 1429 473 1468 consul
507 1429 683 1474 curavit,
715 1438 758 1467 ut
792 1428 923 1467 eadem
955 1442 976 1466 a
1005 1429 1246 1482 principibus
1280 1431 1447 1469 civitatis
1479 1431 1520 1469 in
1549 1430 1737 1469 concione

340 1495 490 1548 postero
509 1495 570 1534 die
589 1496 807 1534 dicerentur
814 1513 825 1539 3
845 1508 936 1533 cum
958 1494 1118 1546 quidem
1139 1494 1216 1547 ipse
1233 1495 1313 1548 egit
1332 1496 1566 1535 ornatiffime
1585 1497 1738 1537 causam

342 1574 490 1606 meam,
522 1560 779 1614 perfecitque,
810 1560 951 1598 astante
970 1569 1085 1612 atque
1104 1561 1281 1600 audiente
1300 1562 1412 1600 Italia
1431 1571 1528 1609 tota,
1561 1572 1604 1602 ut
1622 1577 1739 1602 nemo

340 1627 568 1680 cujusquam
590 1627 773 1666 conduffi
794 1636 858 1665 aut
879 1627 1019 1680 perditi
1040 1640 1174 1665 vocem
1197 1628 1371 1667 acerbam
1391 1638 1505 1682 atque
1532 1630 1736 1668 inimicam

344 1693 456 1732 bonis
477 1693 596 1747 posset
615 1693 758 1731 audire.

398 1761 472 1798 XI.
505 1760 568 1798 Ad
597 1758 680 1797 haec
711 1772 788 1797 non
823 1759 941 1797 modo
964 1760 1187 1812 adjumenta
1212 1760 1356 1806 salutis,
1387 1761 1449 1799 sed
1476 1761 1593 1799 etiam
1624 1774 1735 1799 orna-

343 1834 475 1864 menta
495 1825 693 1878 dignitatis
715 1839 824 1870 meae,
856 1825 1001 1878 reliqua
1020 1840 1086 1865 vos
1107 1826 1226 1864 iidem
1252 1827 1460 1865 addidistis.
1493 1827 1735 1872 Decrevistis,

345 1904 394 1930 ne
413 1891 501 1943 quis
521 1891 600 1930 ulla
619 1891 764 1930 ratione
784 1905 865 1930 rem
886 1891 1116 1944 impediret:
1149 1894 1216 1945 qui
1238 1892 1276 1931 id
1303 1892 1532 1946 impedisset,
1562 1907 1629 1932 vos
1649 1906 1738 1946 gra·-

345 1957 443 1996 viter
462 1956 696 2009 molesteque
717 1957 858 1996 laturos
876 1972 885 1995 ε
919 1957 1035 1996 illum
1055 1967 1188 1997 contra
1212 1959 1495 2012 rempublicam
1513 1988 1525 2006 ,
1556 1959 1739 1998 salutem-

345 2035 424 2075 que
442 2023 660 2069 bonorum,
689 2024 1015 2077 concordiamque
1035 2025 1204 2071 civium,
1235 2024 1427 2064 facturum
1446 2041 1455 2065 :
1487 2035 1526 2067 et
1545 2034 1588 2065 ut
1608 2026 1654 2064 ad
1673 2039 1739 2064 vos

347 2090 395 2128 de
418 2102 464 2127 eo
484 2089 611 2128 statim
630 2089 834 2128 referretur
851 2106 859 2128 :
892 2105 1046 2143 meque,
1067 2091 1211 2130 etiamsi
1233 2091 1378 2130 diutius
1398 2093 1737 2136 calumniarentur,

349 2155 471 2194 redire
487 2155 655 2207 jussistis.
689 2157 796 2208 Qid
816 2157 828 2192 ?
852 2166 894 2195 ut
915 2167 1114 2209 agerentur
1133 2158 1276 2210 gratiae,
1299 2158 1366 2210 qui
1386 2171 1406 2196 e
1427 2159 1651 2210 municipiis
1673 2172 1738 2196 ve-

350 2219 518 2258 niffent?
550 2220 685 2272 Qid?
717 2230 760 2258 ut
780 2221 824 2259 ad
844 2221 953 2259 illam
975 2222 1078 2260 diem
1094 2250 1106 2267 ,
1138 2236 1194 2260 res
1215 2235 1307 2260 cum
1329 2222 1504 2261 redissent
1519 2252 1528 2267 ,
1561 2235 1739 2274 rogaren-

352 2295 414 2324 tur
440 2290 488 2324 'ut
515 2287 591 2338 pari
621 2286 744 2325 studio
769 2289 1048 2327 convenirent?
1081 2289 1189 2340 Qid
1216 2288 1381 2340 denique
1410 2289 1477 2326 illo
1503 2289 1563 2325 die
1580 2316 1591 2332 ,
1622 2301 1740 2339 quem

352 2354 396 2391 P.
420 2352 611 2390 Lentulus
634 2352 762 2398 mihi,
794 2353 977 2406 fratrique
1005 2369 1093 2393 meo
1110 2384 1120 2400 ,
1153 2355 1357 2406 liberisque
1384 2354 1516 2392 nostris
1534 2383 1544 2398 ,
1576 2354 1741 2392 natalem

349 2419 551 2458 constituit
571 2449 579 2464 ‚
611 2432 687 2458 non
710 2420 827 2459 modo
853 2421 898 2458 ad
925 2421 1087 2460 nostram
1106 2450 1116 2466 ‚
1149 2434 1282 2461 verum
1311 2420 1426 2457 etiam
1454 2421 1498 2458 ad,
1526 2421 1739 2473 sempiterni

1297 2486 1438 2526 Xxv
