2212 2835
724 167 865 206 PRO
923 168 971 208 L.
1032 171 1342 214 FLACCO.
1665 195 1742 237 277

351 259 624 314 cumulateque
654 261 761 302 fecit.
794 267 856 304 Ex
887 281 965 319 quo
995 268 1162 323 intelligi
1193 273 1319 319 debet,
1356 289 1445 315 eum
1477 288 1608 318 contra
1639 282 1741 335 leges

349 327 531 375 pecunias
558 342 636 366 non
662 330 809 383 cepiffe,
841 334 909 385 qui
936 343 1014 372 tam
1042 334 1160 374 fuerit
1190 338 1231 376 in
1262 339 1472 381 hereditate
1499 348 1742 388 concedenda

350 389 531 431 liberalis.

403 458 458 495 At
487 459 754 499 Falcidianum
781 463 929 502 crimen
956 465 1008 502 est
1033 466 1168 519 ingens
1190 483 1199 506 z
1233 469 1372 510 talenta
1397 475 1677 530 quinquaginta
1704 481 1739 518 se

349 522 490 562 Flacco
509 524 605 562 dicit
625 525 776 566 dediffe.
808 530 1025 569 Audiamus
1045 531 1263 574 hominem.
1296 537 1390 576 Non
1411 540 1522 580 adest.
1556 545 1737 595 Qomo-

346 587 395 626 do
416 589 533 640 igitur
553 590 648 630 dicit
666 592 679 628 ?
710 594 923 646 Epistolam
946 607 1067 636 mater
1085 600 1165 652 ejus
1186 601 1344 654 profert,
1376 615 1413 643 et
1433 607 1588 648 alteram
1610 611 1734 651 soror:

343 652 529 705 scriptum
559 656 605 694 ad
637 657 672 695 se
702 659 839 698 dicunt
870 662 940 700 effe
972 664 1018 702 ab
1049 664 1142 711 illo,
1180 676 1324 707 tantam
1355 675 1559 723 pecuniam
1594 678 1735 717 Flacco

343 719 482 759 datam.
516 723 621 776 Ergo
641 725 685 770 is,
718 727 786 778 qui
806 728 832 765 fi
853 741 954 767 aram
976 739 1107 770 tenens
1122 733 1280 784 juraret,
1312 738 1480 778 crederet
1507 756 1635 789 nemo,
1666 760 1734 798 per

342 785 553 837 epistolam,
586 790 690 841 quod
719 792 835 837 volet,
866 793 1052 846 injuratus
1077 799 1287 849 probabit?
1319 803 1372 840 At
1399 806 1468 856 qui
1494 808 1582 845 vir?
1613 824 1732 862 quam

339 863 418 888 non
439 853 585 891 amicus
607 854 681 892 suis
703 857 883 896 civibus?
915 861 984 912 qui
1010 863 1291 914 patrimonium
1318 867 1402 906 satis
1430 871 1595 919 lautum,
1627 878 1732 928 quod

338 914 405 953 hic
426 918 628 958 nobiscum
649 922 836 961 conficere
856 927 997 977 potuit,
1031 929 1257 970 Graecorum
1278 936 1463 975 conviviis
1488 941 1626 980 maluit
1653 943 1730 982 dis-

339 982 468 1035 fipare.
493 985 601 1037 Qid
621 989 776 1027 attinuit
796 991 1010 1044 relinquere
1029 993 1128 1034 hanc
1149 998 1285 1037 urbem
1302 1001 1315 1037 ?
1334 1001 1509 1043 libertate
1531 1016 1609 1046 tam
1630 1023 1729 1062 prae-

337 1048 437 1087 clara
462 1054 618 1090 carere?
654 1055 755 1093 adire
784 1058 1001 1108 periculum
1032 1062 1266 1114 navigandi?
1303 1068 1404 1119 quafi
1437 1070 1536 1110 bona
1567 1076 1730 1115 comeffe

336 1115 475 1155 Romae
492 1131 570 1156 non
590 1118 736 1158 liceret.
767 1122 888 1161 Nunc
909 1124 1075 1178 deanue
1097 1131 1314 1170 materculae
1333 1133 1406 1172 suae
1425 1135 1580 1178 festivus
1608 1141 1726 1189 filius,

333 1182 493 1222 aniculae
524 1184 688 1224 minime
718 1187 952 1240 suspiciosae,
982 1202 1120 1246 purgat
1150 1195 1184 1233 se
1213 1211 1282 1249 per
1312 1200 1534 1252 epistolam,
1567 1216 1610 1245 ut
1640 1222 1725 1249 eam

332 1250 558 1300 pecuniam,
590 1266 666 1305 qua
696 1267 791 1293 cum
819 1257 1028 1309 trajecerat,
1059 1274 1137 1299 non
1168 1264 1454 1320 consumpfiffe,
1490 1271 1552 1310 sed
1583 1275 1726 1316 Flacco

334 1315 486 1364 dediffe,
519 1320 704 1361 videatur.

387 1384 602 1426 XXXVII.
634 1389 690 1427 At
708 1388 855 1430 fructus
876 1392 940 1432 isti*
957 1395 1245 1439 Trallianorum
1273 1403 1450 1444 Globulo
1476 1417 1635 1459 praetore
1655 1425 1724 1450 ve-

332 1448 486 1489 nierunt
504 1467 513 1490 :
545 1453 741 1495 Falcidius
761 1468 903 1497 emerat
923 1461 1015 1500 H-S
1036 1467 1242 1516 nongentis
1263 1469 1452 1510 millibus.
1487 1475 1524 1512 Si
1545 1475 1608 1514 dat
1634 1486 1721 1517 tan-

329 1523 410 1554 tam
436 1519 642 1569 pecuniam
669 1523 825 1568 Flacco,
857 1539 996 1579 nempe
1023 1529 1168 1568 idcirco
1193 1533 1270 1578 dat,
1302 1545 1346 1573 ut
1373 1547 1449 1576 rata
1480 1540 1524 1578 fit
1554 1546 1716 1597 emptio.

329 1581 442 1621 Emit
462 1584 583 1636 igitur
602 1587 762 1640 aliquid,
785 1592 890 1643 quod
910 1603 1010 1632 certe
1030 1597 1156 1635 multo
1176 1599 1297 1650 pluris
1317 1602 1424 1642 effet:
1447 1605 1510 1644 dat
1530 1608 1576 1646 de
1595 1610 1717 1657 lucro,

328 1648 429 1687 nihil
449 1651 615 1691 detrahit
635 1654 680 1692 de
701 1656 814 1695 vivo:
847 1659 977 1698 minus
999 1662 1117 1714 igitur
1143 1665 1242 1704 lucri
1266 1667 1373 1707 facit.
1408 1672 1489 1710 Cur
1518 1675 1717 1716 Albanum

327 1715 454 1752 venire
482 1717 626 1768 jubet?
660 1732 729 1758 cur
760 1724 873 1761 matri
908 1735 1086 1776 praeterea
1120 1729 1345 1771 blanditur?
1381 1749 1449 1774 cur
1482 1740 1648 1791 epistolis
1679 1754 1716 1782 et

325 1779 459 1820 sororis
480 1791 518 1820 et
538 1785 669 1824 matris
690 1786 1000 1830 imbecillitatem
1030 1798 1270 1848 aucupatur?
1303 1801 1512 1849 Postremo,
1544 1820 1611 1845 cur
1637 1823 1715 1848 non

323 1846 500 1887 audimus
520 1849 679 1902 ipsum?
711 1853 930 1902 Retinetur,
961 1860 1088 1905 credo,
1119 1862 1159 1899 in
1179 1864 1399 1915 provincia:
1432 1879 1554 1909 mater
1574 1885 1710 1927 negat;

323 1913 502 1959 venisset,
533 1916 687 1968 inquit,
718 1919 745 1957 fi
780 1920 869 1960 effet
903 1923 1186 1966 denuntiatum.
1219 1931 1285 1968 Tu
1320 1942 1421 1972 certe
1454 1939 1654 1990 coegisses,
1687 1943 1712 1980 si

323 1977 450 2015 ullum
483 1979 775 2022 firmamentum
807 1987 846 2023 in
879 1988 947 2026 illo
979 1991 1069 2029 teste
1101 1993 1291 2045 posuiffeS.
1329 1999 1400 2036 Sed
1430 1999 1633 2043 hominem
1665 2008 1711 2045 ab

320 2044 478 2095 negotio
497 2045 682 2086 abducere
702 2051 874 2090 noluisti:
894 2068 1081 2108 magnum
1097 2069 1174 2097 erat
1193 2061 1226 2099 ei
1243 2073 1435 2104 certamen
1456 2072 1708 2122 propositum,

320 2123 461 2161 magna
490 2125 582 2150 cum
616 2116 761 2155 Graecis
793 2123 1018 2166 contenti0;
1055 2126 1122 2176 qui
1155 2135 1297 2174 tamen,
1330 2140 1372 2169 ut
1403 2135 1552 2185 opinor,
1578 2139 1709 2188 jacent

319 2175 410 2213 victi
431 2190 439 2212 :
472 2191 560 2215 nam
582 2179 648 2217 iste
670 2195 768 2222 unus
791 2194 911 2224 totam
933 2189 1060 2226 Asiam
1083 2194 1348 2244 magnitudine
1375 2199 1618 2249 poculorum,
1643 2205 1704 2241 bi-

320 2241 542 2295 bendoque,
574 2244 773 2298 superavit.
807 2252 877 2289 Sed
910 2263 1036 2293 tamen
1069 2258 1155 2308 quis
1187 2260 1281 2305 tibi,
1314 2263 1429 2308 Laeli,
1461 2265 1506 2303 de
1537 2269 1702 2318 epistolis

317 2308 394 2345 istis
416 2310 630 2348 indicavit?
663 2314 848 2355 Mulieres
878 2331 1016 2372 negant
1041 2323 1075 2360 se
1097 2321 1187 2362 scire
1209 2329 1275 2378 qui
1301 2329 1360 2366 fis.
1393 2331 1475 2381 Ipse
1501 2333 1619 2383 igitur
1639 2335 1702 2373 ille

316 2374 403 2418 tibi,
436 2374 470 2411 se
500 2376 545 2413 ad
576 2386 738 2418 matrem
770 2391 807 2420 et
838 2383 1001 2425 sororem
1034 2388 1223 2441 scripsisse,
1259 2395 1453 2432 narravit?
1490 2398 1553 2435 An
1584 2401 1707 2440 etiam,

315 2439 458 2493 scripsit
478 2452 584 2480 oratu
606 2453 672 2482 tuo
692 2446 703 2481 ?
