2212 2835
955 141 1190 196 [283]

973 347 1174 383 PRO

614 540 1544 620 RSYLLA

762 765 1168 805 ORATIO
1255 764 1399 804 XXV,

388 982 420 1020 1.
593 978 629 1015 A
646 978 683 1015 X
701 975 718 1015 I
736 976 784 1014 M
801 977 833 1014 E
865 975 1019 1019 vellem,
1051 973 1222 1025 Judice8‚
1254 982 1297 1010 ut
1318 972 1361 1010 P.
1385 972 1487 1024 Sylla
1506 981 1544 1010 et
1570 980 1677 1010 antea
1697 969 1784 1021 dig·

441 1025 473 1082 l
601 1044 731 1082 nitatis
756 1043 829 1081 suae
858 1041 1100 1095 splendorem
1126 1041 1322 1084 obtinere,
1354 1048 1391 1078 et
1418 1039 1500 1093 post
1526 1038 1786 1077 calamitatem

389 1120 588 1164 acceptam
620 1109 812 1148 modestiae
844 1108 1015 1146 fru&um
1046 1107 1216 1159 aliquem
1249 1105 1427 1158 potuiffet
1458 1106 1666 1158 percipere.
1700 1102 1785 1147 Sed,

391 1171 577 1230 quoniam
603 1178 656 1214 ita
684 1175 775 1214 tulit
802 1174 905 1213 casus
933 1173 1106 1218 infestus,
1138 1182 1181 1211 ut
1208 1171 1442 1224 ampliffimo
1468 1161 1509 1209 in
1530 1171 1675 1209 honore
1695 1183 1789 1208 cum

390 1243 597 1283 communi
616 1242 841 1281 ambitionis
862 1241 1018 1285 invidia,
1047 1250 1131 1278 tum
1153 1238 1330 1292 singulari
1353 1238 1536 1276 Autronii
1555 1237 1659 1281 odio,
1681 1248 1789 1273 ever·

392 1319 560 1356 teretur3
592 1319 630 1348 et
650 1310 689 1347 in
709 1308 771 1347 his
792 1308 960 1361 pristinae
979 1306 1144 1345 fortuna:
1165 1305 1337 1358 reliquiis
1365 1304 1527 1349 miseris,
1559 1313 1596 1341 et
1622 1301 1789 1346 afflictis,

393 1386 523 1415 tamen
547 1375 707 1414 haberet
732 1374 933 1427 quosdam,
964 1386 1131 1426 quorum
1160 1372 1309 1409 animos
1340 1384 1387 1408 ne
1414 1370 1605 1423 supplicio
1631 1368 1792 1421 quidem

394 1442 460 1480 suo
491 1442 622 1480 satiare
653 1440 798 1494 poffet:
836 1452 1058 1491 quanquam
1090 1451 1136 1475 ex
1167 1436 1283 1488 hujus
1315 1435 1578 1474 incommodis
1611 1446 1792 1486 magnam

395 1508 526 1545 animo
546 1507 762 1545 molestiam
783 1506 907 1556 capit),
930 1513 1059 1542 tamen
1079 1503 1118 1540 in
1140 1502 1283 1539 caeteris
1307 1502 1417 1539 malis
1444 1500 1555 1539 facile
1576 1500 1700 1554 patior
1719 1500 1793 1536 ob-

395 1573 519 1614 latum
547 1572 648 1612 mihi
669 1582 848 1624 tempus,
880 1571 918 1608 in
942 1583 1020 1622 quo
1041 1569 1113 1607 viri
1136 1569 1228 1606 boni
1254 1568 1454 1605 lenitatem
1485 1581 1614 1606 meam
1644 1565 1793 1604 miseri-

396 1639 661 1691 cordiamque,
682 1646 815 1676 notam
830 1637 1014 1674 omnibus
1031 1635 1243 1687 quondam,
1267 1647 1386 1678 nunc,
1403 1633 1506 1686 quasi
1527 1632 1792 1675 intermissam,

397 1705 672 1758 agnoscerent;
708 1704 880 1756 improbi
911 1717 953 1741 ac
985 1702 1124 1755 perditi
1154 1702 1280 1745 cives,
1313 1700 1493 1738 redomiti
1528 1709 1643 1751 atque
1677 1698 1794 1741 vieti,

397 1772 660 1825 praecipitante
690 1768 911 1823 republica,
943 1767 1214 1806 vehementem
1247 1780 1310 1804 me
1342 1766 1452 1804 fuisse
1483 1774 1598 1818 atque
1624 1763 1794 1807 fortem,

397 1838 626 1882 conservata,
657 1836 796 1875 mitem
818 1848 860 1873 ac
880 1834 1182 1878 misericordem,
1213 1832 1435 1871 faterentur.

453 1906 522 1949 Et,
553 1904 739 1957 quoniam
771 1904 816 1941 L.
845 1904 1084 1955 Torquatus,
1115 1914 1225 1939 meus
1257 1899 1456 1938 familiaris
1487 1912 1529 1937 ac
1560 1896 1796 1941 necessarius,

400 1971 572 2022 Judices,
602 1970 848 2014 existimavit,
879 1969 905 2006 fi
928 1969 1094 2007 nostram
1118 1967 1158 2005 in
1185 1966 1423 2005 accusatione
1451 1965 1513 2003 sua
1539 1963 1798 2002 neceffitatem

402 2037 781 2089 familiaritatemque
801 2035 984 2080 violasset,
1010 2034 1160 2087 aliquid
1180 2034 1216 2072 se
1236 2034 1282 2071 de
1303 2033 1526 2071 auctoritate
1546 2044 1640 2070 meae
1661 2029 1796 2068 defen-

402 2103 515 2141 sionis
536 2102 636 2155 poffe
655 2101 870 2147 detrahere5
892 2115 986 2140 cum
1007 2100 1123 2152 hujus
1144 2099 1304 2153 periculi
1326 2098 1609 2152 propulsatione
1629 2096 1795 2147 conjun-

403 2183 493 2222 gam
523 2168 782 2207 defensionem
812 2168 933 2207 officii
964 2168 1055 2206 mei.
1088 2168 1180 2218 Qo
1211 2165 1371 2218 quidem
1402 2177 1538 2217 genere
1569 2176 1647 2200 non
1674 2170 1798 2199 uterer

404 2235 601 2280 orationis,
625 2234 797 2286 Judices,
828 2234 902 2273 hoc
923 2244 1112 2286 ternpore,
1143 2233 1170 2271 fi
1192 2245 1277 2270 mea
1295 2231 1421 2269 solum
1441 2228 1631 2268 interesset
1649 2242 1657 2265 :
1690 2225 1798 2264 mul-

406 2303 454 2340 tis
476 2301 581 2339 enim
602 2299 703 2338 mihi
722 2300 817 2338 locis
838 2309 876 2338 et
895 2300 981 2338 data
999 2299 1159 2338 facultas
1177 2298 1243 2343 est,
1275 2306 1312 2335 et
1333 2296 1426 2348 saepe
1446 2295 1610 2337 dabitur,
1641 2292 1687 2329 de
1713 2304 1799 2329 mea

406 2369 516 2406 laude
535 2367 702 2405 dicendi.
734 2367 820 2411 Sed,
844 2375 886 2404 ut
906 2367 984 2411 ille,
1004 2365 1175 2417 Judices,
1195 2372 1385 2417 quantum
1407 2362 1452 2399 de
1473 2374 1558 2399 mea
1577 2359 1798 2396 auctoritate

407 2433 634 2487 diripuiffet,
667 2441 819 2472 tantum
839 2431 874 2470 se
900 2432 945 2470 de
970 2433 1051 2484 ejus
1080 2431 1259 2484 praefidiis
1287 2428 1581 2467 deminuturum
1609 2424 1795 2478 speravit;

1346 2492 1496 2532 an
