2212 2835
629 189 719 228 DE
777 189 971 228 LEGE
1029 188 1389 228 AGRARIA.
1650 205 1718 233 111

327 288 505 334 riffirnos,
541 288 879 342 ingeniofiffimos,
915 287 1191 326 amantissimos
1227 288 1350 340 plebis
1386 289 1574 328 Romanae
1607 289 1722 335 viros,

326 355 423 394 Tib.
445 365 482 393 et
504 356 552 394 C.
575 354 795 399 Gracchos,
827 354 982 407 plebem
1002 354 1043 391 in
1063 354 1161 405 agris
1183 354 1351 406 publicis
1372 354 1624 400 constituiffe,
1656 356 1725 408 qui

323 422 404 473 agri
420 435 440 459 a
454 422 608 475 privatis
622 430 731 458 antea
744 420 1043 472 poffidebantur.
1062 419 1157 456 Non
1174 419 1260 457 sum
1275 429 1404 458 autem
1421 434 1492 473 ego
1514 424 1544 460 is
1562 422 1723 467 Consul,

325 489 408 540 qui,
440 497 483 525 ut
501 487 690 540 plerique,
713 485 817 524 nefas
837 486 908 523 effe
927 486 1099 530 arbitrer,
1123 484 1322 524 Gracchos
1343 486 1494 524 laudare
1507 506 1519 532 3
1552 501 1722 540 quorum

323 553 505 597 confiliis,
536 552 731 605 sapientia,
761 552 927 605 legibus,
959 551 1101 590 multas
1123 550 1194 589 effe
1214 551 1327 589 video
1354 552 1576 605 reipublicae
1600 564 1722 606 partes

323 618 561 657 constitutas.

373 685 523 738 Itaque,
554 694 597 723 ut
617 685 731 723 initio
751 684 866 730 mihi,
897 684 1090 737 designato
1110 684 1285 730 Consuli,
1306 685 1569 731 nuntiabatur,
1596 687 1722 740 legem

321 752 507 804 agrariam
527 744 703 790 tribunos
724 752 849 804 plebis
865 751 1077 805 designatos
1094 750 1331 790 conscribere
1339 770 1350 797 ;
1374 753 1594 805 cupiebam,
1616 755 1721 806 quod

319 819 547 871 cogitarent,
568 819 809 872 cognoscere.
834 819 994 857 Etenim
1015 818 1237 864 arbitrabar,
1260 820 1446 872 quoniam
1462 820 1599 858 eodem
1619 834 1721 859 anno

319 885 478 938 gerendi
499 885 611 923 nobis
631 885 747 923 effent
766 885 1027 939 magistratus,
1059 885 1129 923 effe
1149 885 1319 938 aliquam
1341 895 1514 939 oportere
1533 887 1631 924 inter
1653 900 1720 925 nos

320 952 541 1005 reipublicae
561 952 659 990 bene
677 952 984 990 administrandae
1003 952 1237 990 societatem.

375 1019 482 1056 Cum
502 1017 742 1056 familiariter
762 1032 825 1056 me
846 1019 886 1056 in
906 1031 1039 1056 eorum
1066 1017 1281 1055 sermonem
1310 1018 1555 1064 infinuarem,
1587 1033 1629 1057 ac
1650 1019 1718 1057 da-

321 1095 417 1129 rem,
453 1085 616 1129 celabar,
651 1084 905 1122 excludebat:
947 1094 1000 1129 et,
1041 1098 1134 1122 cum
1168 1084 1420 1129 ostenderem,
1452 1085 1478 1123 fi
1513 1085 1574 1124 lex
1611 1086 1718 1123 utilis

317 1151 425 1205 plebi
455 1152 643 1190 Romanae
673 1150 775 1189 mihi
805 1151 1010 1195 videretur,
1042 1151 1236 1188 auctorem
1268 1164 1332 1189 me
1359 1161 1474 1203 atque
1505 1152 1719 1204 adjutorem

317 1217 511 1262 futurum,
534 1226 662 1255 tamen
682 1216 977 1270 aspernabantur
997 1215 1098 1254 hanc
1118 1216 1390 1255 liberalitatem
1411 1230 1540 1255 meam
1558 1232 1566 1255 ε
1599 1232 1717 1271 nega·

316 1283 429 1328 bant,
461 1296 525 1321 me
545 1282 683 1321 adduci
702 1282 824 1336 poffe,
856 1292 899 1321 ut
919 1283 1040 1321 ullam
1061 1282 1305 1335 largitionem
1326 1283 1544 1336 probarem.
1578 1284 1719 1322 Finem

315 1347 391 1387 feci
412 1348 596 1388 offerendi
616 1349 715 1394 mei,
747 1362 794 1387 ne
814 1348 914 1387 forte
935 1362 1021 1387 mea
1040 1348 1217 1387 sedulitas
1238 1358 1303 1387 aut
1326 1349 1519 1394 infidiosa,
1552 1359 1616 1387 aut
1637 1350 1716 1388 im-

314 1415 479 1470 pudens,
514 1416 720 1454 videretur.
759 1417 909 1454 Interea
941 1429 1019 1454 non
1041 1415 1265 1454 defistebant
1294 1415 1396 1453 clam
1428 1416 1527 1454 inter
1558 1416 1592 1454 se
1620 1429 1716 1455 con-

314 1481 458 1527 venire,
487 1483 655 1536 privatos
675 1481 860 1534 quosdam
879 1481 1076 1526 adhibere,
1107 1482 1153 1520 ad
1173 1481 1258 1520 suos
1279 1491 1402 1520 coetus
1424 1481 1598 1520 occultos
1619 1496 1716 1521 noc-

315 1556 395 1586 tem
425 1548 646 1601 adjungere,
677 1557 715 1586 et
737 1548 999 1587 solitudinem.
1032 1547 1188 1598 Qibus
1219 1548 1348 1593 rebus,
1380 1557 1525 1600 quanto
1542 1548 1582 1586 in
1606 1558 1717 1588 metu

315 1612 521 1659 fuerimus,
552 1627 600 1652 ex
619 1613 739 1652 vestra
758 1613 1031 1659 sollicitudine,
1053 1614 1095 1651 in
1116 1627 1193 1666 qua
1212 1613 1290 1653 illis
1311 1614 1554 1667 temporibus
1573 1613 1713 1661 fuistis,

313 1679 427 1718 facile
447 1679 588 1732 affequi
608 1681 827 1733 conjectura
844 1680 1032 1734 poteritis.

367 1747 510 1785 Ineunt
531 1746 686 1785 tandem
706 1746 946 1799 magistratus
968 1745 1116 1784 tribuni
1136 1746 1284 1799 plebis:
1307 1746 1444 1784 concio
1465 1747 1621 1785 tandem
1641 1760 1711 1785 ex-

312 1813 458 1866 pectata
478 1813 524 1852 P.
546 1812 673 1857 Rulli,
704 1811 810 1865 quod
829 1821 867 1850 et
886 1812 1065 1866 princeps
1086 1821 1163 1850 erat
1183 1812 1353 1865 Agrariae
1378 1812 1487 1864 legis,
1519 1821 1557 1850 et
1577 1822 1712 1851 trucu-

311 1878 454 1917 lentius
475 1879 510 1917 se
529 1879 698 1932 gerebat,
721 1892 839 1932 quam
860 1878 1000 1917 caeteri.
1033 1879 1122 1930 Jam
1142 1878 1372 1931 designatus,
1394 1879 1470 1917 alio
1488 1879 1616 1924 vultu,
1638 1879 1715 1917 alio

311 1945 416 1984 vocis
447 1945 553 1992 sono,
584 1946 659 1984 alio
692 1945 849 1991 incessu,
881 1945 951 1984 effe
983 1945 1266 1984 meditabatur:
1299 1945 1435 1984 vestitu
1469 1945 1710 1991 obsoletiore,

310 2023 470 2064 corpore
501 2012 652 2051 inculto
685 2020 724 2050 et
756 2011 935 2057 horrido,
967 2012 1201 2065 capillatior,
1232 2025 1352 2064 quam
1385 2021 1486 2057 ante,
1519 2013 1712 2064 barbaque

311 2078 478 2130 majore:
512 2088 554 2118 ut
582 2079 705 2117 oculis
735 2088 773 2117 et
803 2079 951 2132 aspec‘tu
981 2079 1206 2117 denuntiare
1226 2079 1410 2117 omnibus
1438 2079 1518 2116 vim
1540 2079 1709 2116 tribuni-

309 2143 421 2189 tiam,
451 2153 489 2182 et
510 2145 681 2184 minitari
702 2145 938 2198 reipublicae,
969 2145 1175 2183 videretur.
1208 2145 1357 2197 Legem
1378 2143 1550 2182 hominis
1574 2144 1707 2182 conci-

309 2222 506 2261 onemque
525 2211 785 2263 expedtabam.
819 2212 903 2249 Lex
923 2211 1036 2249 initio
1060 2210 1165 2248 nulla
1190 2211 1444 2264 proponitur:
1477 2210 1708 2248 concionem

310 2275 351 2313 in
372 2275 508 2328 primis
529 2276 699 2315 advocari
714 2277 848 2330 jubet:
882 2277 1032 2316 summa
1052 2290 1144 2314 cum
1165 2277 1428 2329 expe&atione
1448 2276 1703 2314 concurritur.

310 2341 493 2394 Explicat
512 2341 726 2381 orationem
747 2343 830 2381 sane
854 2343 1026 2396 longam,
1058 2352 1096 2380 et
1123 2343 1247 2380 verbis
1275 2342 1382 2380 valde
1409 2342 1533 2379 bonis.
1568 2341 1706 2377 Unum

309 2416 408 2453 erat„
435 2406 539 2460 quod
570 2406 670 2445 mihi
703 2408 884 2446 vitiosum
910 2409 1123 2454 videbatur,
1155 2408 1260 2461 quod
1288 2417 1390 2445 tanta
1418 2420 1463 2444 ex
1491 2404 1707 2457 frequentia

308 2473 474 2512 inveniri
492 2487 609 2512 nemo
627 2474 771 2528 potuit,
802 2475 870 2527 qui
895 2475 1109 2527 intelligere
1135 2474 1268 2527 poffer,
1300 2473 1394 2525 quid
1422 2472 1591 2509 diceret:
1628 2469 1705 2510 hoc
