2212 2835
434 180 508 232 258
937 172 1338 212 ORATIO

433 276 710 315 existimatione
736 274 951 317 damnatus,
981 271 1222 325 impudentia
1251 280 1367 323 atque
1397 269 1551 308 audacia
1575 268 1709 315 fretus,
1740 270 1815 309 fine

432 343 587 386 tabulis,
617 342 693 379 sine
712 342 876 384 auctore,
906 339 1055 391 legerit,
1085 338 1125 376 id
1145 350 1228 383 nos,
1249 337 1353 390 quafi
1373 337 1536 381 crimen,
1557 345 1622 375 aut
1641 336 1814 375 testimo-

432 409 559 452 nium,
589 405 933 460 pertimescamus?

485 474 596 512 Idem
617 473 888 517 laudationem,
907 485 1024 523 quam
1045 483 1112 508 nos
1133 470 1180 508 ab
1202 468 1507 508 Acmonenfibus
1528 468 1669 508 Flacco
1689 468 1817 506 datam

430 539 734 592 proferebamus,
763 537 897 576 falsam
930 536 1001 574 effe
1034 536 1196 574 dicebat.
1235 536 1358 587 Cujus
1393 535 1552 587 quidem
1587 534 1816 573 laudationis

425 607 571 658 jastura
590 605 802 658 exoptanda
822 603 931 641 nobis
952 602 1047 641 fuit:
1070 615 1173 647 nam,
1195 611 1238 640 ut
1258 602 1408 654 signum
1428 602 1631 654 publicum
1651 600 1817 653 inspexit

430 672 629 725 praeclarus
651 672 718 709 iste
737 673 867 709 auctor
893 670 965 708 suae
990 670 1168 714 civitatis,
1200 669 1313 707 solere
1340 668 1424 706 suos
1443 669 1560 713 cives,
1590 667 1817 719 caeterosque

432 738 603 782 Graecos,
634 751 681 775 ex
710 745 896 788 tempore,
927 735 1032 787 quod
1058 748 1154 786 opus
1181 735 1239 778 fit,
1270 734 1464 786 obsignare
1488 734 1601 772 dixit.
1632 735 1700 772 Tu
1728 746 1816 771 vero

432 804 504 841 tibi
531 803 670 840 habeto
697 801 804 839 istam
828 800 1114 838 laudationem:
1147 812 1218 837 nec
1243 801 1348 836 enim
1376 799 1681 837 Acmonenfium
1709 799 1814 837 testi-

431 870 563 906 monio
585 868 713 906 Flacci
735 868 810 905 vita
829 876 867 904 et
886 866 1051 918 dignitas
1073 866 1223 903 nititur.
1247 866 1325 902 Das
1345 865 1451 902 enim
1471 862 1584 909 mihi,
1610 865 1715 916 quod
1733 864 1815 903 haec

431 934 537 971 causa
557 934 727 971 maxime
746 932 922 984 postulat,
954 931 1100 968 nullam
1122 931 1360 983 gravitatem,
1383 929 1529 967 nullam
1549 930 1817 974 constantiam,

432 1000 584 1038 nullum
611 999 770 1037 firmum
799 999 837 1036 in
867 998 1012 1035 Graecis
1040 996 1265 1035 hominibus
1287 995 1505 1040 confilium,
1536 996 1683 1034 nullam
1705 996 1816 1034 deni-

431 1079 506 1119 que
526 1065 596 1103 effe
617 1064 824 1103 testimonii
846 1063 977 1102 fidem.
1010 1063 1095 1101 Nifi
1117 1076 1205 1100 vero
1226 1061 1407 1100 hactenus
1435 1062 1500 1100 ista
1525 1061 1692 1100 formula
1711 1062 1816 1100 testi-

429 1131 568 1175 monii,
607 1139 722 1182 atque
755 1129 936 1168 orationis
978 1138 1063 1173 tuae,
1103 1128 1264 1166 describi
1298 1140 1340 1165 ac
1378 1126 1562 1180 distingui
1599 1127 1735 1180 potest,
1775 1136 1819 1166 ut

431 1196 572 1234 Flacco
599 1195 743 1233 absenti
768 1194 914 1246 aliquid
941 1194 1111 1231 civitates
1138 1192 1308 1231 tribuisse
1335 1193 1538 1236 dicantur;
1571 1193 1692 1231 Laelio
1718 1207 1815 1245 prae-

431 1262 539 1306 senti,
569 1275 635 1315 per
654 1261 689 1298 se
710 1261 851 1312 agenti,
882 1260 918 1297 vi
938 1260 1047 1312 legis,
1073 1260 1159 1311 jure
1180 1258 1442 1302 accusationis,
1474 1258 1612 1310 opibus
1640 1267 1818 1311 praeterea

431 1328 518 1372 suis,
561 1328 717 1365 terrenti
752 1340 794 1364 ac
833 1326 1011 1370 minanti,
1052 1324 1150 1363 nihil
1186 1325 1369 1377 temporis
1402 1323 1510 1362 causa
1542 1323 1717 1377 scripfiffe
1751 1332 1816 1362 aut

430 1393 634 1446 obsignasse
655 1393 866 1430 videantur.
1708 1435 1711 1437 ι

485 1460 598 1498 XVI.
629 1458 826 1511 Equidem
845 1458 885 1496 in
911 1457 1085 1495 minimis
1113 1457 1224 1494 rebus
1251 1456 1343 1508 saepe
1364 1469 1419 1494 res
1441 1469 1596 1509 magnas
1616 1456 1710 1501 vidi,
1741 1457 1814 1507 Ju-

430 1526 547 1570 dices,
578 1523 822 1578 deprehendi,
852 1537 895 1561 ac
916 1524 1049 1568 teneri,
1073 1531 1115 1560 ut
1134 1523 1174 1560 in
1194 1521 1270 1560 hoc
1291 1521 1526 1575 Asclepiade.
1559 1523 1670 1566 Haec,
1693 1535 1777 1573 quae
1796 1535 1818 1559 a

430 1592 541 1630 nobis
561 1591 705 1644 prolata
724 1590 905 1634 laudatio,
927 1589 1121 1642 obsignata
1140 1598 1217 1626 erat
1237 1597 1338 1626 creta
1356 1588 1423 1626 illa
1441 1588 1618 1633 Afiatica,
1635 1601 1720 1640 quae
1739 1586 1818 1626 fere

429 1657 481 1695 est
501 1656 682 1695 omnibus
704 1665 793 1694 nota
814 1655 952 1700 nobis;
984 1668 1060 1706 qua
1079 1663 1242 1692 utuntur
1261 1667 1395 1692 omncs
1417 1667 1493 1692 non
1515 1653 1631 1692 modo
1651 1654 1691 1691 in
1711 1653 1814 1705 pub-

429 1723 528 1768 licis,
559 1723 620 1760 sed
640 1723 755 1760 etiam
776 1722 816 1759 in
838 1721 1008 1774 privatiS,
1039 1720 1174 1763 literis,
1205 1733 1297 1771 quas
1319 1719 1492 1770 quotidie
1513 1719 1688 1756 videmus
1710 1719 1816 1756 mitti

428 1802 448 1826 a
475 1788 706 1840 publicanis,
737 1788 830 1839 saepe
860 1786 1069 1837 unicuique
1096 1784 1281 1822 nostrum.
1314 1784 1455 1835 Neque
1481 1783 1586 1821 enim
1613 1783 1715 1821 testis
1736 1783 1814 1835 ipse

429 1854 533 1906 signo
563 1853 731 1905 inspecto
761 1852 899 1890 falsum
931 1864 999 1889 nos
1030 1849 1197 1904 proferre
1226 1849 1339 1894 dixit,
1376 1849 1438 1887 sed
1468 1849 1663 1887 levitatem
1695 1850 1813 1887 totius

428 1919 526 1957 Afiae
556 1919 743 1971 protulit,
785 1918 832 1955 de
862 1930 937 1969 qua
968 1930 1035 1954 nos
1067 1926 1104 1954 et
1139 1916 1303 1954 libenter
1332 1925 1369 1954 et
1402 1914 1514 1953 facile
1547 1915 1810 1953 concedimus.

427 1984 567 2022 Nostra
599 1984 717 2036 igitur
748 1983 927 2027 laudatio,
962 1996 1079 2034 quam
1110 1982 1175 2020 ille
1202 1982 1385 2034 temporis
1416 1981 1523 2019 causa
1548 1981 1658 2019 nobis
1686 1982 1812 2019 datam

428 2053 537 2097 dicit,
573 2052 699 2090 datam
731 2051 889 2104 quidem
920 2050 1139 2094 confitetur,
1176 2049 1392 2102 consignata
1426 2059 1526 2087 creta
1557 2049 1635 2086 est:
1670 2049 1710 2086 in
1744 2048 1813 2086 illo

428 2128 555 2157 autem
587 2118 818 2162 testimonio,
854 2116 959 2169 quod
989 2115 1194 2154 accusatori
1225 2115 1366 2154 dicitur
1396 2115 1545 2160 datum,
1581 2128 1707 2153 ceram
1742 2114 1812 2152 effe

427 2185 610 2223 vidimus.
1650 2226 1658 2232 ,

482 2251 563 2289 Hic
596 2264 689 2303 ego,
721 2249 898 2301 Judices,
929 2248 952 2286 fi
988 2262 1053 2287 vos
1081 2248 1384 2287 Acmonensium
1419 2248 1600 2292 decretis,
1636 2247 1662 2284 sl
1696 2255 1810 2285 caete-

427 2331 556 2355 rorum
596 2315 795 2368 Phrygum
831 2315 964 2359 literis,
1003 2315 1216 2367 permoveri
1255 2324 1444 2367 putarem,
1482 2312 1718 2357 vociferarer,
1758 2320 1810 2356 et,

426 2391 614 2434 quantum
649 2381 817 2419 maxime
851 2379 1009 2433 possem,
1047 2379 1344 2418 contenderem:
1387 2379 1535 2417 testarer
1567 2377 1810 2430 publicanos,

425 2448 629 2486 excitarem
653 2447 919 2500 negotiatore8‚
935 2446 1095 2485 vestram
1116 2447 1231 2485 etiam
1252 2446 1524 2485 conscientiam
1539 2444 1808 2497 implorarem:
