2212 2835
478 202 552 255 388
973 196 1376 236 ORATIO

474 306 623 337 mutata
643 296 740 335 veste
761 294 839 334 vidi
857 313 868 341 3
901 295 1132 348 posterioris,
1163 295 1270 347 quod
1290 303 1328 332 et
1347 294 1511 339 senatus,
1541 302 1580 332 et
1599 293 1764 347 populus
1785 295 1870 333 Ro-

474 377 612 401 manus
631 393 641 408 ‚
673 371 709 400 et
730 374 863 400 omnes
885 361 1064 399 mortales
1081 390 1091 406 ,
1125 370 1163 399 et
1183 361 1364 413 privatim
1385 369 1423 398 et
1443 360 1600 413 publice
1621 360 1842 413 judicarunt
1859 388 1870 404 ,

473 429 551 467 fine
572 441 660 466 meo
680 427 806 466 reditu
825 427 1108 480 rempublicam
1129 427 1268 464 salvam
1289 426 1359 464 effe
1380 439 1458 464 non
1479 424 1594 479 poffe.

531 494 603 532 Sed
624 493 690 531 hic
711 505 819 530 meus
841 493 984 530 reditus
1002 521 1012 537 ‚
1045 491 1254 530 Pontifices
1273 521 1283 536 ‚
1315 491 1436 530 vestro
1455 492 1608 544 judicio
1636 491 1871 530 continetur.

475 561 599 605 Nam,
631 560 656 598 s1
683 572 749 598 vos
777 572 841 597 me
867 559 906 596 in
940 559 1035 596 meis
1067 559 1212 596 aedibus
1244 558 1456 603 collocatis,
1488 559 1527 596 id
1559 558 1664 611 quod
1693 557 1734 595 in
1763 556 1873 595 omni

474 641 563 666 mea
582 626 689 664 causa
709 625 857 677 semper
879 624 1027 669 studiis,
1058 625 1239 668 confiliis,
1271 625 1575 670 auetoritatibus,
1607 623 1875 675 sententiisque

474 692 644 737 fecisti33
677 692 787 729 video
812 704 874 728 me
900 690 1013 742 plane
1038 703 1080 727 ac
1108 690 1229 727 sentio
1256 690 1503 729 restitutum:
1536 690 1590 728 fin
1617 703 1703 728 mea
1733 690 1873 728 domus

476 773 554 798 non
577 758 695 795 modo
715 754 817 794 mihi
837 769 914 793 non
935 755 1108 792 redditur
1123 784 1135 800 ‚
1167 754 1229 792 sed
1255 755 1371 792 etiam
1399 765 1702 794 monumentum
1733 755 1875 808 praebet

476 824 640 863 inimico
660 822 802 860 doloris
823 821 917 866 mei,
948 820 1097 859 sceleris
1117 820 1187 865 sui,
1209 820 1376 873 publicae
1396 821 1648 866 calamitatis;
1680 821 1766 873 quis
1787 822 1873 866 erit,

476 890 547 943 qui
567 889 673 927 hunc
695 888 864 926 reditum
889 888 1018 940 potius
1037 916 1047 932 ,
1080 901 1196 940 quam
1223 900 1378 940 poenam
1400 886 1672 940 sempiternam
1689 915 1701 932 ,
1733 896 1842 939 putet
1860 888 1873 924 ?

477 957 525 996 In
546 954 750 1007 conspeetu
771 963 950 1006 praeterea
971 954 1090 991 totius
1112 953 1216 991 urbis
1243 953 1382 991 domus
1411 952 1464 991 est
1492 966 1577 991 mea
1595 982 1605 998 ‚
1638 952 1875 991 Pontifices:

477 1023 519 1061 in
540 1036 616 1075 qua
636 1021 661 1060 fi
683 1030 814 1059 manet
837 1020 935 1058 illud
962 1034 1040 1058 non
1069 1029 1372 1059 monumentum
1399 1020 1505 1058 urbis
1523 1049 1534 1065 ,
1567 1019 1628 1058 sed
1655 1019 1876 1072 sepulcrum

476 1088 641 1127 inimico
673 1087 833 1126 nomine
863 1086 1125 1140 inscriptum;
1157 1085 1454 1139 demigrandum
1487 1086 1615 1139 potius
1647 1085 1778 1138 aliquo
1808 1086 1877 1130 est,

477 1169 596 1208 quam
618 1153 875 1192 habitandum
896 1153 935 1190 in
957 1166 998 1190 ea
1018 1153 1112 1191 urbe
1129 1182 1139 1198 ,
1172 1153 1211 1190 in
1233 1166 1307 1205 qua
1328 1161 1466 1205 tropaea
1484 1161 1522 1190 et
1542 1153 1589 1190 de
1608 1166 1672 1192 me
1693 1161 1730 1190 et
1749 1153 1796 1191 de
1816 1165 1877 1190 ren

478 1222 635 1274 publica
655 1221 804 1258 videam
825 1219 1045 1257 constituta.

534 1286 770 1326 XXXVIII.
803 1287 867 1324 An
899 1300 970 1338 ego
1002 1296 1147 1325 tantam
1176 1297 1240 1325 aut
1266 1287 1389 1326 animiv
1415 1288 1597 1326 duritiem
1624 1286 1779 1330 habere,
1810 1294 1875 1323 aut

478 1355 683 1394 oculorum
705 1353 1004 1406 impudentiam,
1036 1354 1188 1406 poffim,
1220 1364 1277 1399 ut,
1307 1355 1416 1406 cujus
1438 1356 1542 1393 urbis
1563 1354 1789 1393 servatorem
1811 1367 1875 1391 me

478 1421 549 1459 effe
569 1420 716 1459 senatus
737 1420 917 1458 omnium
938 1419 1080 1457 affensu
1101 1420 1213 1457 toties
1227 1420 1425 1472 judicarit,
1454 1422 1494 1458 in
1515 1434 1557 1457 ea
1576 1420 1714 1472 poffim
1734 1419 1876 1457 intueri

479 1488 643 1526 domum
666 1499 792 1524 meam
813 1485 977 1523 eversam
999 1498 1076 1523 non
1098 1485 1145 1523 ab
1166 1486 1329 1523 inimico
1351 1499 1452 1531 meo,
1484 1486 1545 1523 sed
1570 1486 1616 1523 ab
1637 1485 1743 1523 hoste
1763 1499 1874 1523 com-

478 1554 606 1598 muni,
638 1562 675 1591 et
695 1552 741 1590 ab
760 1551 896 1589 eodem
917 1551 1037 1589 aedem
1059 1553 1289 1595 extrudam,
1320 1560 1357 1600 et
1382 1551 1544 1604 positam
1571 1552 1612 1589 in
1635 1551 1758 1590 oculis
1779 1551 1876 1589 civi-

477 1619 581 1664 tatis,
604 1632 651 1657 ne
672 1631 845 1671 unquam
866 1617 1134 1670 conquiescere
1154 1617 1266 1670 posfit
1287 1617 1397 1656 fletus
1418 1617 1639 1656 bonorum?
1663 1619 1727 1670 Sp.
1748 1616 1878 1662 Melii,

479 1700 643 1740 regnum
682 1685 895 1739 appetentis
914 1714 925 1730 ,
966 1684 1104 1723 domus
1144 1683 1197 1722 est
1235 1685 1492 1737 complanata.
1543 1685 1698 1737 Ecquid
1735 1683 1840 1721 aliud
1862 1684 1876 1719 ?

479 1755 656 1806 lEquum
690 1751 865 1790 accidiffe
892 1751 1019 1790 Melio
1045 1750 1213 1803 populus
1242 1751 1444 1788 Romanus
1467 1751 1685 1802 judicavit3
1718 1750 1877 1787 nomine

479 1820 561 1872 ipso
593 1818 840 1871 AEquirnelii,
872 1817 1032 1855 stultitia
1057 1830 1171 1869 poena
1202 1816 1451 1869 comprobata
1482 1816 1548 1855 est.
1582 1819 1645 1869 Sp.
1670 1815 1783 1854 Caffii
1804 1816 1875 1854 do·-

479 1899 567 1924 mus
589 1886 639 1923 ob
661 1885 820 1922 eandem
840 1883 989 1921 causam
1012 1883 1160 1928 eversa5
1179 1892 1294 1935 atque
1314 1883 1354 1921 in
1376 1883 1512 1921 eodem
1533 1883 1620 1921 loco
1641 1883 1736 1921 aedes
1757 1882 1877 1935 pofita

480 1950 665 1989 Telluris.
699 1951 744 1988 In
767 1950 887 1987 Vacci
908 1950 1022 2002 pratis
1045 1949 1183 1988 domus
1205 1948 1281 1987 fuit
1306 1950 1369 1988 M.
1394 1949 1512 1987 Vacci
1531 1978 1542 1994 ,
1574 1962 1658 2002 quae
1681 1949 1879 2001 publicata

479 2016 556 2061 est,
588 2025 624 2054 et
645 2015 767 2054 eversa
782 2045 793 2060 ‚
825 2025 869 2053 ut
889 2015 994 2053 illius
1015 2014 1164 2053 facinus
1186 2015 1373 2054 memoria
1393 2025 1430 2053 et
1451 2015 1610 2053 nomine
1629 2015 1706 2053 loci
1725 2024 1876 2053 notare-

479 2092 556 2120 tur.
590 2082 652 2120 M.
674 2081 864 2126 Manlius,
895 2095 987 2119 cum
1009 2081 1055 2119 ab
1075 2081 1225 2119 ascensu
1247 2082 1432 2135 Capitolii
1455 2081 1662 2120 Gallorum
1683 2082 1878 2134 impetum

480 2147 672 2201 repulisset
689 2177 700 2193 ‚
732 2161 809 2186 non
836 2146 913 2185 fuit
939 2157 1144 2186 contentus
1166 2147 1344 2186 beneficii
1365 2147 1420 2186 sui
1441 2148 1590 2201 gloria3
1623 2161 1788 2201 regnum
1807 2161 1876 2200 ap-

478 2213 610 2267 petisse
639 2213 692 2252 est
714 2214 938 2266 judicatus:
971 2227 1062 2267 ergo
1091 2215 1171 2267 ejus
1204 2214 1368 2252 domurn
1399 2214 1564 2252 eversam
1596 2214 1747 2252 duobus
1778 2213 1876 2252 lucis

480 2278 730 2318 convestitam
753 2279 902 2317 videtis.
923 2280 1054 2332 Qum
1075 2280 1194 2332 igitur
1215 2280 1376 2332 majores
1398 2280 1513 2318 nostri
1535 2279 1722 2317 sceleratis
1743 2293 1784 2318 ac
1806 2292 1874 2316 ne-

479 2345 583 2384 fariis
609 2347 759 2384 civibus
788 2346 1000 2384 maximam
1032 2360 1187 2398 poenam
1219 2346 1400 2384 constitui
1428 2346 1529 2399 poffe
1560 2346 1730 2384 arbitrati
1759 2345 1873 2390 sunt,

479 2412 637 2450 eandem
654 2426 725 2465 ego
741 2412 878 2451 subibo
894 2426 937 2450 ac
954 2412 1157 2458 sustinebo,
1177 2423 1218 2451 ut
1234 2413 1335 2466 apud
1356 2413 1521 2466 posteros
1542 2413 1687 2451 nostros
1708 2425 1786 2450 non
1805 2424 1873 2449 ex-

478 2479 618 2517 tinctor
637 2479 912 2531 conjurationis
934 2489 971 2519 et
992 2479 1153 2526 sceleris,
1187 2480 1245 2519 sed
1267 2481 1396 2519 auctor
1416 2489 1454 2519 et
1474 2480 1567 2525 dux,
1589 2478 1698 2518 fuiffe
1720 2475 1871 2516 videar?
