2212 2835
366 162 445 201 244
789 140 1205 185 ORATIO,
1277 139 1353 177 δας.

422 245 492 284 Sed
514 243 606 296 quid
627 255 698 294 ego
717 249 881 279 matrem
901 246 967 276 aut
993 237 1158 275 domum
1184 235 1351 289 appe110‚
1383 245 1501 286 quem
1527 245 1625 271 nova
1643 246 1755 286 poena

366 313 461 364 legis
493 320 530 348 et
561 309 692 352 domo,
730 316 767 344 et
800 313 965 359 parente,
1001 312 1039 341 et
1074 302 1254 341 omnium
1289 301 1445 339 suorum
1481 299 1757 337 consuetudine

367 377 660 429 conspectuque,
692 373 847 425 privat?
880 371 958 409 Ibit
984 370 1103 423 igitur
1127 369 1168 406 in
1200 368 1363 406 exilium
1395 365 1539 404 miser?
1571 364 1681 418 quo?
1712 363 1760 401 ad

370 440 589 478 Orientisne
607 446 743 491 parteS‚
775 437 815 474 in
837 436 978 488 quibus
1000 447 1118 472 annos
1140 432 1284 471 multos
1305 432 1452 484 legatus
1473 429 1562 475 fuit,
1591 438 1629 467 et
1649 442 1760 469 exer-

369 508 468 546 citus
490 506 615 550 duxit,
647 513 685 542 et
705 517 761 542 res
783 502 970 540 maximas
991 500 1098 553 geffit
1119 500 1131 537 ?
1163 508 1199 537 at
1227 498 1342 536 habet
1363 510 1549 550 magnum
1571 495 1760 539 dolorem,

370 574 472 613 unde
492 587 585 611 curn
605 571 750 609 honore
771 568 979 612 decefferis,
1011 566 1146 605 eodem
1167 579 1260 604 cum
1281 565 1496 618 ignominia
1516 563 1665 601 reverti.
1696 563 1761 600 An

370 641 406 678 se
428 641 466 678 in
487 638 717 677 contrariam
738 644 886 688 partem
907 643 1093 672 terrarum
1113 632 1240 677 abdet,
1272 641 1315 669 ut
1341 630 1470 668 Gallia
1495 628 1760 681 Transalpina,

372 720 490 759 quem
519 718 638 757 nuper
664 704 818 741 summo
843 715 935 739 cum
962 699 1126 752 imperio
1146 697 1394 736 libentiffime
1415 696 1565 741 viderit,
1596 695 1764 734 eundern

373 774 588 825 lugentem,
619 777 862 811 moerentem,
894 766 1064 809 exulem,
1094 764 1250 802 videat?
1283 765 1329 801 In
1357 777 1400 800 ea
1424 776 1538 815 porro
1568 761 1765 815 provincia

373 852 453 891 quo
483 837 613 875 animo
645 837 692 873 C.
730 834 954 876 Murenam,
984 829 1141 868 fratrem
1174 828 1301 873 suum,
1331 828 1518 880 aspiciet?
1540 825 1619 879 >qui
1648 826 1767 878 hujus

374 903 510 943 dolor?
533 903 599 955 qui
620 901 724 938 illius
747 913 890 937 mceror
909 897 1004 935 erit?
1027 909 1111 948 quae
1133 894 1330 945 utriusque
1350 892 1602 931 lamentatio?
1623 900 1767 944 quanta

374 979 504 1008 autem
540 966 776 1021 perturbatio
812 964 990 1007 fortunae,
1022 971 1136 1013 atque
1168 960 1365 1004 sermonis,
1397 958 1516 1011 quod,
1553 957 1694 1010 quibus
1726 957 1767 994 in

376 1036 470 1074 locis
491 1034 620 1088 paucis
641 1042 727 1070 ante
748 1031 881 1069 diebus
906 1029 1053 1067 factum
1080 1026 1151 1064 effe
1179 1025 1376 1064 consulem
1402 1025 1613 1063 Murenam
1641 1022 1768 1061 nuntii

376 1104 570 1153 literaeque
590 1097 847 1142 celebrassent,
878 1104 916 1134 et
937 1095 1038 1133 unde
1057 1092 1226 1146 hospites
1247 1101 1361 1144 atque
1389 1091 1505 1129 amici
1532 1090 1770 1144 gratulatum

378 1171 550 1209 Romam
593 1165 871 1209 concurrerint,
921 1170 1075 1216 repente
1113 1174 1158 1198 eo
1196 1159 1350 1198 accedat
1387 1158 1465 1212 ipse
1502 1159 1662 1196 nuntius
1698 1157 1770 1196 suae

379 1234 604 1275 calamitatis
621 1234 634 1272 ?

435 1304 534 1353 Qae
568 1301 595 1338 fi
628 1300 774 1344 acerba,
807 1298 831 1336 s1
866 1296 1013 1341 misera,
1044 1295 1069 1333 s1
1105 1293 1275 1332 luetuosa
1308 1294 1408 1337 sunt,
1440 1291 1720 1338 fialieniffima
1750 1304 1772 1328 a

379 1366 672 1408 mansuetudine
691 1373 728 1402 et
750 1362 1007 1402 misericordia
1026 1360 1156 1405 vestra,
1186 1360 1343 1411 Judices
1357 1377 1369 1404 3
1401 1358 1615 1397 conservate
1634 1357 1771 1410 populi

382 1434 552 1473 Romani
573 1431 822 1474 beneficium,
856 1429 1000 1467 reddite
1020 1426 1241 1479 reipublicae
1262 1425 1483 1464 consulem:
1507 1425 1592 1462 date
1613 1423 1688 1462 hoc
1708 1423 1771 1476 ip-

381 1500 454 1539 sius
489 1497 639 1552 pudori,
671 1497 756 1534 date
789 1494 886 1548 patri
921 1501 1090 1537 mortuo,
1128 1491 1213 1528 date
1246 1490 1375 1543 generi
1411 1499 1449 1527 et
1482 1489 1652 1533 familiae,
1689 1489 1774 1526 date

382 1566 498 1605 etiam
521 1563 709 1607 Lanuvio,
742 1560 957 1612 municipio
978 1557 1253 1601 honestissimo,
1286 1555 1391 1608 quod
1410 1555 1451 1593 in
1471 1554 1542 1593 hac
1563 1563 1643 1592 tota
1668 1553 1776 1591 causa

384 1631 563 1684 frequens
595 1628 856 1680 moestumque
886 1625 1059 1664 vidistis:
1097 1623 1217 1661 nolite
1248 1636 1269 1661 a
1301 1622 1410 1660 sacris
1445 1621 1576 1674 patriis
1610 1619 1775 1672 Junonis

386 1700 554 1753 Sospitae,
594 1698 658 1736 cui
697 1708 831 1734 omnes
870 1692 1042 1732 consules
1077 1690 1200 1729 facere
1234 1690 1378 1728 neceffe
1414 1689 1480 1734 est,
1520 1687 1776 1726 domesticum

386 1775 423 1804 et
458 1766 570 1803 suum
603 1763 800 1801 consulem
836 1759 1075 1813 potissimum
1109 1756 1280 1794 avellere.
1319 1756 1451 1805 Qem
1485 1767 1557 1805 ego
1592 1753 1715 1797 vobis,
1751 1752 1778 1790 si

387 1832 482 1883 quid
516 1830 632 1868 habet
666 1837 731 1865 aut
765 1826 957 1864 momenti
988 1821 1290 1865 commendatio,
1320 1829 1385 1858 aut
1417 1819 1649 1857 austoritatis
1680 1831 1775 1855 con-

388 1896 555 1935 firmatio
588 1907 684 1938 mea,
724 1891 856 1930 consul
891 1889 1102 1932 consulem,
1142 1887 1314 1939 Judiccs,
1357 1886 1410 1923 ita
1444 1884 1693 1927 commendo,
1734 1892 1778 1921 ut

387 1961 676 2015 cupidiffimum
697 1959 781 2003 otii,
813 1955 1122 1995 studiofiffimum
1150 1954 1355 1996 bonorum,
1387 1952 1619 1989 acerrimum
1646 1958 1779 1987 contra

388 2028 627 2071 seditionem,
658 2024 906 2063 fortissimum
933 2023 971 2060 in
1001 2021 1117 2066 bello,
1149 2019 1458 2058 inimiciffimum
1485 2016 1578 2055 huic
1598 2017 1775 2067 conjura-

388 2095 498 2139 tioni,
530 2107 614 2146 quae
640 2104 743 2129 nunc
770 2090 1049 2143 rempublicam
1070 2085 1284 2132 labefactat,
1315 2084 1493 2124 futurum
1515 2083 1585 2122 effe
1609 2082 1776 2136 promit-

392 2171 484 2206 tam,
516 2169 553 2197 et
574 2157 791 2212 spondeam.
