2212 2835
823 117 964 157 PRo
1023 115 1069 156 P.
1128 115 1375 155 sYLLA.
1731 128 1809 170 295

412 228 452 259 et
471 231 564 257 cum
594 217 723 263 initio,
754 224 798 256 ut
826 216 923 261 dixi,
953 214 1215 254 defenfionem
1245 226 1372 252 meam
1402 213 1625 254 auetoritate
1651 213 1810 268 spoliare

412 285 588 325 voluiffet
603 303 616 331 3
646 284 765 323 etiam
794 282 820 321 fi
847 281 957 320 dolor
985 295 1096 320 meus
1127 280 1352 335 respondere
1381 293 1459 318 non
1481 290 1647 334 cogeret,
1678 290 1810 320 tamen

411 352 491 406 ipsa
510 351 619 391 causa
637 349 738 390 hanc
757 363 779 388 a
797 362 861 388 me
880 349 1093 386 orationem
1113 346 1324 399 flagitasset.

469 420 586 459 XIII.
618 416 902 470 Allobrogibus
923 415 1172 454 nominatum
1193 412 1338 465 Syllam
1358 411 1430 450 effe
1461 413 1573 453 dicis.
1605 415 1707 466 Qis
1739 428 1809 453 ne-

412 486 504 539 gat?
536 484 599 524 sed
618 483 702 536 lege
722 482 914 522 indicium
926 499 939 526 ;
970 489 1008 518 et
1028 479 1128 525 vide,
1150 479 1485 531 quemadmodum
1506 481 1727 519 nominatus
1748 481 1808 520 fit.

412 554 462 591 L.
494 550 666 590 Caffium
696 550 877 588 dixerunt
906 545 1249 591 commemoraffe,'
1268 559 1361 584 cum
1391 547 1536 585 caeteris
1567 548 1810 587 Autronium

410 617 540 656 secum
559 615 696 655 facere.
728 616 885 667 Qaero,
916 627 1013 652 num
1045 612 1190 665 Syllam
1220 612 1361 651 dixerit
1391 612 1570 652 Caffius?
1601 613 1809 666 nusquam.

413 683 496 722 Sese
515 683 623 722 aiunt
642 681 808 735 quaefiffe
827 681 874 720 de
895 680 1035 726 Caffio,
1057 679 1153 733 quid
1173 679 1276 731 Sylla
1294 678 1461 718 sentiret.
1480 680 1620 719 Videte
1640 680 1809 733 diligen-

411 751 508 789 tiam
529 749 737 789 Gallorum
756 763 766 787 :
799 748 869 801 qui
889 747 1010 786 vitam
1031 745 1242 785 hominum
1263 754 1520 798 naturamque
1545 760 1625 786 non
1645 747 1808 792 nossent,

410 831 454 856 ac
493 826 646 856 tantum
684 814 894 859 audissent,
932 827 996 852 eos
1034 813 1115 867 pari
1155 812 1373 851 calamitate
1406 812 1501 858 effe,
1541 814 1808 866 quaefiverunt,

411 883 577 922 essentne
606 882 741 921 eadem
769 881 997 920 voluntate?
1029 880 1139 933 Qid
1168 880 1286 918 tum?
1319 879 1463 918 Caffius
1494 880 1520 919 s1
1548 880 1808 935 respondisset,

411 950 517 989 idem
537 949 686 994 sentire,
717 957 755 987 et
775 948 904 986 secum
924 947 1060 992 facere,
1084 947 1229 999 Syllam
1244 964 1256 991 3
1289 955 1418 984 tamen
1440 945 1541 985 mihi
1562 961 1639 986 non
1660 948 1808 986 videre-

411 1027 476 1057 tur
507 1017 548 1055 in
578 1016 685 1055 hunc
717 1015 757 1054 id
786 1014 1037 1053 criminosum
1065 1013 1137 1052 effe
1167 1013 1319 1052 debere.
1351 1013 1460 1065 Qid
1490 1014 1573 1052 ita?
1605 1016 1710 1066 quia,
1741 1015 1810 1067 qui

409 1084 588 1123 barbaros
614 1082 792 1121 homines
820 1080 867 1118 ad
894 1080 1043 1118 bellum
1073 1080 1302 1133 impelleret,
1335 1093 1412 1118 non
1442 1081 1606 1119 debebat
1635 1082 1811 1120 minuere

411 1151 571 1190 illorum
608 1149 886 1201 suspicionem,
918 1156 957 1184 et
990 1159 1151 1199 purgare
1186 1159 1275 1190 eos,
1312 1146 1358 1184 de
1392 1147 1534 1198 quibus
1569 1147 1627 1185 illi
1661 1148 1810 1200 aliquid

413 1217 704 1270 suspicarentur.
737 1215 831 1253 Non
854 1212 1047 1266 respondit
1068 1221 1198 1251 tamen
1219 1225 1294 1250 una
1313 1211 1437 1250 facere
1458 1213 1617 1264 Syllam.
1648 1215 1810 1253 Etenim

411 1282 501 1321 effet
519 1281 742 1325 absurdum,
773 1293 866 1318 cum
887 1286 1041 1317 caeteros
1063 1278 1127 1316 sua
1146 1278 1279 1331 sponte
1300 1277 1539 1324 nominafl‘et,
1568 1279 1810 1318 mentionem

413 1349 526 1402 Syllae
559 1347 683 1387 facere
719 1346 883 1391 nullam,
915 1345 984 1384 nifi
1021 1345 1067 1383 ad
1101 1344 1300 1383 monitum
1334 1354 1371 1383 et
1400 1345 1708 1398 interrogatum:
1741 1346 1810 1384 nisi

411 1415 511 1454 forte
547 1413 749 1453 verifimile
781 1412 848 1457 est,
880 1412 925 1450 P.
959 1410 1070 1462 Syllae
1104 1424 1248 1449 nomen
1282 1410 1322 1448 in
1357 1411 1545 1450 memoria
1577 1411 1702 1450 Caffio
1732 1425 1811 1450 non

411 1481 536 1521 fuiffe.
569 1482 608 1520 Si
627 1480 809 1519 nobilitas
830 1477 1017 1522 hominis,
1049 1477 1075 1515 fi
1102 1475 1242 1515 afflicta
1267 1475 1435 1521 fortuna,
1466 1477 1493 1515 fi
1521 1477 1693 1530 reliquiae
1712 1478 1810 1532 pris-

411 1548 502 1586 tinae
521 1546 734 1599 dignitatis,
756 1558 834 1583 non
855 1553 934 1582 tam
955 1542 1116 1581 illustres
1137 1540 1291 1579 fuiffent
1306 1559 1318 1587 ς
1345 1551 1474 1580 tamen
1494 1544 1678 1582 Autronii
1698 1558 1811 1582 com-

415 1612 645 1652 memoratio
665 1610 895 1650 memoriam
918 1609 1029 1662 Syllae
1048 1607 1232 1647 retulisset
1250 1622 1258 1647 ε
1291 1608 1423 1654 etiam,
1455 1618 1498 1647 ut
1517 1609 1694 1654 arbitror,
1716 1623 1809 1648 cum

413 1679 654 1718 auc'toritates
676 1676 899 1731 principum
919 1674 1196 1729 conjurationis
1218 1674 1263 1712 ad
1284 1674 1499 1713 incitandos
1521 1676 1670 1714 animos
1693 1676 1808 1714 Allo-

414 1746 582 1798 brogum
603 1744 802 1797 colligeret
824 1742 984 1787 Caffius,
1015 1750 1053 1780 et
1073 1754 1166 1780 cum
1187 1740 1297 1778 sciret
1317 1750 1460 1779 exteras
1483 1742 1653 1779 nationes
1683 1742 1809 1780 maxi-

414 1825 477 1850 me
513 1811 716 1849 nobilitate
750 1809 912 1854 moveri,
952 1822 1031 1847 non
1064 1808 1170 1861 prius
1206 1807 1458 1852 Autronium,
1495 1821 1614 1860 quam
1649 1807 1809 1859 Syllam,

415 1877 657 1917 nominasset.

470 1945 558 1995 Jam
594 1956 682 1981 vero
716 1942 815 1980 illud
848 1941 1001 1995 probari
1035 1939 1201 1979 minime
1234 1939 1380 1993 potest,
1418 1940 1580 1985 Gallos,
1616 1939 1812 1978 Autronio

414 2010 630 2054 nominato,
660 2007 818 2061 putasse,
849 2016 1003 2060 propter
1036 2006 1264 2045 calamitatis
1300 2005 1608 2050 fimilitudinem,
1640 2006 1709 2044 fibi
1738 2006 1809 2043 ali-

416 2075 510 2127 quid
541 2075 587 2113 de
618 2075 720 2126 Sylla
749 2073 820 2112 esse
850 2073 1129 2126 quaerendum3
1163 2072 1301 2118 Caffio,
1333 2073 1360 2111 fi
1390 2071 1455 2110 hic
1485 2072 1572 2110 effet
1603 2073 1643 2110 in
1673 2072 1810 2110 eodem

416 2141 566 2185 scelere,
598 2153 658 2185 ne,
679 2154 772 2178 cum
792 2138 1008 2193 appellaffet
1029 2138 1189 2191 quidem
1210 2139 1465 2182 Autronium,
1496 2137 1613 2189 hujus
1635 2138 1673 2175 in
1696 2151 1808 2174 men-

417 2217 498 2245 tem
519 2207 646 2244 venire
666 2205 840 2259 potuiffe.
874 2205 945 2244 Sed
966 2215 1092 2244 tamen
1114 2204 1210 2257 quid
1230 2204 1423 2258 respondit
1443 2204 1489 2241 de
1512 2204 1612 2255 Sylla
1634 2203 1776 2241 Caffius
1794 2203 1807 2239 ?

419 2276 463 2312 Se
493 2273 632 2311 nescire
662 2281 826 2311 certum.
863 2272 958 2310 Non
990 2281 1151 2325 purgat,
1191 2272 1335 2323 inquit.
1373 2271 1469 2308 Dixi
1503 2280 1637 2312 antea3
1674 2281 1746 2312 ne,
1784 2269 1808 2305 fi

415 2348 587 2392 argueret
609 2338 768 2390 quidem
789 2347 875 2376 tum
896 2338 1088 2390 denique,
1119 2350 1212 2375 cum
1231 2337 1320 2376 effet
1340 2337 1591 2387 interrogatus
1607 2363 1618 2378 ,
1650 2334 1688 2370 id
1709 2332 1809 2371 mihi

415 2405 668 2446 criminosum
700 2404 902 2442 videretur.
939 2404 1011 2442 Sed
1039 2417 1111 2457 ego
1142 2404 1182 2442 in
1208 2403 1367 2456 judiciis
1398 2411 1435 2440 et
1466 2402 1505 2439 in
1537 2400 1808 2454 quastionibus
