2212 2835
368 195 414 234 16
855 191 1253 229 ORATIO

361 292 644 331 inflammatum
666 290 822 328 vic⁶toria
842 290 1048 335 continuit,
1070 300 1107 328 et
1123 291 1334 342 Tigranem
1354 290 1504 342 magnis
1525 291 1645 344 copiis
1666 292 1743 330 mi-

362 359 547 396 nitantem
569 357 664 394 Afiae
695 356 908 394 retardavit.
941 356 993 393 Et
1021 356 1223 408 quisquam
1249 356 1456 401 dubitabit,
1490 357 1584 409 quid
1605 357 1744 395 virtute

360 423 595 475 perfecturus
617 423 674 467 sit,
700 423 768 474 qui
789 431 940 459 tantum
960 423 1180 460 annositate
1200 421 1400 475 perfecerit
1415 439 1427 465 3
1458 431 1524 460 aut
1544 436 1660 474 quam
1682 422 1741 460 fa-

360 489 433 526 cile
454 489 618 541 imperio
638 496 750 539 atque
771 487 940 525 exercitu
960 487 1079 524 socios
1100 496 1137 524 et
1160 487 1358 540 vestigalia
1376 487 1662 526 conservaturus
1683 488 1741 532 sit,

360 555 428 606 qui
449 554 529 607 ipso
549 553 706 591 nomine
726 567 767 591 ac
788 565 941 590 rumore
961 551 1199 590 defenderit?

414 622 525 659 XVI.
559 622 643 672 Age
663 633 765 664 vero,
799 619 865 656 illa
894 632 950 656 res
971 627 1155 671 quantam
1186 619 1349 657 declarat
1375 619 1545 671 ejusdem
1570 618 1741 657 hominis

359 687 458 739 apud
479 686 603 724 hostes
624 686 758 738 populi
779 685 948 724 Romani
968 686 1245 730 auetoritatein,
1263 685 1368 737 quod
1387 699 1434 723 ex
1450 685 1544 724 locis
1562 694 1640 723 tam
1654 685 1742 723 lon-

359 754 529 806 ginquis,
554 762 710 804 tamque
730 751 893 796 diverfis,
917 760 992 790 tam
1015 752 1121 790 brevi
1141 761 1327 805 tempore,
1348 765 1481 790 omnes
1504 766 1578 790 una
1597 751 1689 790 huIc
1708 752 1743 789 se

359 820 586 857 dediderunt
604 819 616 855 ?
648 818 753 870 quod
773 817 1013 856 Cretensium
1034 818 1163 871 legati,
1189 832 1280 856 cum
1300 819 1341 856 in
1360 832 1495 856 eorum
1515 818 1635 856 insula
1654 817 1741 856 nos-

358 895 415 924 ter
442 886 647 938 imperator
677 884 939 936 exercitusque
969 883 1072 928 esset,
1104 884 1150 921 ad
1171 885 1246 923 Cn.
1270 885 1503 937 Pompeium
1523 884 1563 922 in
1585 884 1742 922 ultimas

357 966 475 1005 prope
493 961 606 990 terras
627 960 826 996 venerunt,
848 951 959 1002 eique
980 950 1014 988 se
1044 963 1177 988 omnes
1200 951 1441 988 Cretenfium
1471 950 1641 988 civitates
1673 950 1742 988 de-

357 1019 444 1056 dere
478 1017 574 1055 velle
607 1016 814 1054 dixerunt?
847 1015 956 1065 Qid
974 1016 986 1051 ?
1018 1015 1123 1052 idem
1156 1014 1223 1053 iste
1257 1014 1506 1053 Mithrida-tes
1538 1028 1666 1053 nonne
1697 1015 1742 1053 ad

356 1084 521 1122 eundem
553 1084 628 1121 Cn.
653 1081 884 1134 Pompeium
918 1080 1090 1132 legatum
1122 1080 1239 1132 usque
1272 1081 1312 1118 in
1347 1080 1576 1133 Hispaniam
1607 1080 1740 1118 misit?

356 1163 524 1202 eumque
543 1147 751 1200 Pompeius
772 1147 942 1199 legatum
964 1146 1110 1199 semper
1124 1147 1337 1198 judicavit3
1369 1147 1411 1192 ii,
1434 1147 1576 1200 quibus
1596 1147 1743 1200 semper

355 1226 432 1254 erat
452 1215 671 1259 molestum,
693 1214 739 1252 ad
769 1227 858 1252 eum
889 1213 1126 1266 potissimum
1157 1213 1228 1251 esse
1248 1212 1417 1258 missum,
1450 1213 1739 1266 speculatorem,

357 1297 472 1334 quam
493 1283 676 1334 legatum,
704 1280 869 1332 judicari
900 1279 1131 1318 maluerunt.
1164 1279 1323 1318 Potestis
1351 1279 1470 1331 igitur
1494 1280 1577 1332 jam
1597 1279 1741 1317 consti-

358 1359 475 1392 tuere,
541 1347 683 1390 uirites,
705 1345 804 1384 hanc
824 1345 1102 1390 auetoritatem,
1135 1346 1269 1384 multis
1304 1345 1429 1398 postea
1459 1346 1571 1384 rebus
1602 1345 1740 1398 gestis,

355 1415 579 1467 magnisque
600 1414 727 1452 vestris
742 1413 915 1465 judiciis,
936 1412 1225 1465 amplificatam,
1244 1421 1432 1465 quantum
1453 1413 1553 1465 apud
1573 1412 1660 1450 illos
1682 1426 1743 1450 re-

355 1495 434 1534 ges,
457 1489 646 1532 quantum
666 1479 765 1531 apud
786 1488 929 1516 exteras
950 1478 1135 1523 nationes,
1154 1478 1356 1517 valituram
1377 1477 1448 1516 esse
1467 1478 1706 1516 existimetis.

415 1547 630 1598 Reliquum
651 1545 716 1589 est,
739 1554 781 1582 ut
801 1545 846 1582 de
877 1544 1075 1589 felicitate,
1112 1558 1228 1596 quam
1263 1544 1431 1597 praestare
1452 1544 1497 1582 de
1518 1544 1552 1582 se
1571 1543 1651 1596 ipso
1673 1557 1740 1581 ne-

355 1627 421 1650 mo
440 1612 575 1665 potest,
600 1609 815 1649 meminisse
835 1620 872 1648 et
892 1623 1194 1648 commemorare
1215 1610 1261 1648 de
1281 1611 1398 1648 altero
1419 1609 1629 1663 possumus,
1647 1610 1742 1647 ficut

356 1693 509 1731 aequum
530 1678 582 1715 est
601 1677 753 1715 homini
773 1677 819 1714 de
839 1676 1019 1729 potestate
1046 1678 1236 1721 Deorum,
1270 1677 1405 1714 timide
1425 1685 1462 1714 et
1492 1689 1612 1728 pauca
1635 1676 1734 1713 dica-

356 1759 457 1783 mus.
490 1746 575 1796 Ego
592 1745 696 1781 enim
717 1743 765 1781 fic
783 1743 986 1787 existimo5
1010 1743 1203 1787 Maximo,
1223 1742 1425 1787 Marcello,
1444 1741 1629 1796 Scipioni,
1648 1741 1740 1779 Ma-

357 1814 424 1855 rio,
440 1821 476 1848 et
493 1811 634 1861 caeteris
653 1810 800 1861 magnis
814 1809 1123 1862 imperatoribus,
1139 1823 1214 1847 non
1229 1809 1352 1846 solum
1370 1816 1524 1861 propter
1539 1808 1738 1852 virtutem,

354 1877 415 1915 sed
436 1878 549 1914 etiam
571 1886 722 1928 propter
743 1874 953 1919 fortunam,
985 1875 1117 1927 saepius
1145 1876 1306 1928 imperia
1326 1874 1515 1918 mandata,
1537 1883 1650 1925 atque
1671 1886 1739 1911 ex-

355 1944 494 1980 ercitus
515 1942 584 1979 esse
612 1941 843 1979 commissos.
878 1942 970 1979 suit
1000 1942 1105 1978 enim
1137 1940 1308 1994 profedto
1329 1940 1558 1993 quibusdam
1578 1938 1739 1977 summis

354 2009 444 2046 viris
478 2008 652 2060 quaedam
685 2007 729 2044 ad
761 2006 1058 2059 amplitudinem
1089 2015 1127 2044 et
1149 2006 1327 2058 gloriam,
1358 2015 1396 2043 et
1430 2006 1474 2043 ad
1506 2018 1562 2043 res
1584 2018 1738 2057 magnas

356 2076 450 2112 bene
471 2074 665 2126 gerendas,
699 2073 880 2110 divinitus
902 2072 1076 2124 adjuneta
1096 2071 1262 2110 fortuna.
1296 2073 1356 2110 De
1377 2070 1490 2123 hujus
1511 2079 1639 2108 autem
1665 2069 1739 2108 ho-

356 2141 471 2178 minis
493 2139 689 2183 felicitate,
717 2152 794 2190 quo
814 2138 860 2176 de
881 2151 983 2176 nunc
1004 2138 1168 2190 agimus,
1196 2137 1267 2175 hac
1289 2147 1372 2175 utar
1398 2136 1658 2174 moderatione
1679 2137 1739 2174 di-

355 2206 481 2250 cendi,
502 2219 576 2243 non
600 2214 640 2242 ut
663 2205 701 2242 in
720 2205 822 2242 illius
843 2204 1024 2257 potestate
1040 2202 1235 2242 fortunam
1252 2204 1412 2256 positam
1433 2202 1503 2240 esse
1520 2202 1660 2247 dicam,
1679 2202 1740 2240 sed

356 2283 397 2310 ut
419 2271 605 2324 praeterita
627 2270 854 2315 meminisse,
877 2271 1022 2321 reliqua
1043 2269 1197 2322 sperare,
1220 2270 1443 2313 videamur;
1473 2282 1519 2306 ne
1540 2278 1603 2306 aut
1624 2268 1740 2307 invisa

357 2340 441 2376 Diis
464 2338 746 2376 immortalibus
767 2338 886 2375 oratio
908 2337 1042 2381 nostra,
1064 2346 1128 2374 aut
1149 2337 1306 2389 ingrata,
1329 2335 1400 2373 esse
1419 2335 1603 2373 videatur.

412 2406 543 2455 Itaque
564 2418 639 2442 non
663 2404 744 2442 sum
765 2403 1050 2456 praedicaturus,
1073 2403 1259 2453 Qirites,
1291 2410 1449 2455 quantas
1471 2401 1535 2439 ille
1555 2414 1610 2439 res
1631 2399 1739 2438 domi

356 2470 595 2522 militiaque,
618 2479 713 2508 terra
733 2470 919 2522 marique,
942 2477 1159 2522 quantaque
1179 2468 1375 2514 felicitate,
1395 2466 1543 2521 gesserit
1559 2485 1571 2512 5
1596 2474 1638 2504 ut
1658 2466 1738 2518 ejus
