2212 2835
751 150 891 189 PRO
951 151 998 189 L.
1059 151 1369 190 FLACCO.
1693 155 1769 206 269

380 250 451 289 effe
481 249 661 288 dicatur?
693 251 800 290 Nam
830 250 924 303 quid
956 264 1028 303 ego
1059 250 1185 288 dicam
1214 251 1260 288 de
1291 251 1445 303 Lydia?
1477 252 1564 304 quis
1594 265 1768 305 unquam

382 318 541 355 Graecus
572 317 805 356 comoediam
837 317 994 369 scripsit,
1026 317 1066 355 in
1097 330 1172 369 qua
1201 317 1326 355 servus
1357 319 1571 370 primarum
1602 320 1769 371 partium

380 396 458 420 non
480 383 611 434 Lydus
631 382 744 421 effet?
763 382 1029 433 Qamobrem
1050 396 1136 434 quae
1157 383 1264 419 vobis
1286 382 1330 420 fit
1351 384 1502 435 injuria,
1521 385 1546 422 fi
1568 384 1768 423 statuimus

379 449 499 486 vestro
517 449 629 486 nobis
643 448 799 501 judicio,
814 447 989 485 standum
1009 447 1080 485 effe
1100 447 1146 484 de
1166 447 1273 485 vobis
1293 448 1305 484 ?

436 514 632 566 Equidem
659 512 758 551 mihi
779 514 861 565 jam
890 513 974 551 satis
1001 512 1186 565 superque
1213 512 1346 551 dixiffe
1371 514 1500 553 videor
1527 516 1573 553 de
1602 517 1768 555 Afiatico

377 593 513 633 genere
545 580 728 618 testium:
765 579 825 616 sed
857 588 984 616 tamen
1016 578 1181 617 vestrum
1212 579 1277 631 est,
1308 580 1478 630 Judices,
1510 583 1653 627 omnia,
1685 597 1770 635 quae

378 646 454 684 dici
475 645 626 698 poffunt
645 646 685 683 in
705 644 915 683 hominum
935 644 1146 690 levitatem,
1170 645 1478 693 inconstantiam,
1500 649 1768 701 cupiditatem,

377 713 522 751 etiamsi
544 727 563 750 a
584 726 647 751 me
668 713 798 751 minus
820 712 1017 758 dicuntur,
1039 712 1167 751 vestris
1188 713 1327 751 animis
1348 722 1384 751 et
1404 715 1637 767 cogitatione
1657 730 1769 755 com-

375 777 624 833 prehendere.

430 846 626 884 XXVIII.
659 845 838 898 Sequitur
857 845 937 884 auri
957 845 1023 883 illa
1041 845 1186 884 invidia
1205 846 1371 897 Judaici.
1396 848 1486 886 Hoc
1508 848 1696 888 nimirum
1716 851 1769 889 est

378 911 490 956 illud,
513 911 617 964 quod
638 924 714 948 non
736 911 850 964 longe
871 925 890 948 a
908 910 1088 963 gradibus
1110 912 1278 950 Aureliis
1299 911 1380 950 haec
1401 913 1508 951 causa
1528 914 1692 953 dicitur:
1716 916 1767 954 ob

376 976 454 1017 hoc
474 978 623 1016 crimen
644 977 709 1015 hic
729 978 836 1016 locus
857 978 921 1016 abs
944 986 994 1022 te,
1026 978 1137 1023 Laeli,
1168 988 1282 1031 atque
1302 979 1368 1018 illa
1388 980 1499 1018 turba
1519 981 1670 1033 quaefita
1690 982 1765 1021 est:

376 1044 462 1089 scis,
493 1053 634 1097 quanta
664 1044 710 1082 sit
740 1057 891 1089 manus,
927 1053 1069 1096 quanta
1101 1045 1317 1090 concordia,
1355 1055 1543 1098 quantum
1576 1048 1696 1086 valeat
1726 1049 1769 1087 in

375 1110 645 1148 concionibus.
677 1108 882 1147 Summiffa
902 1122 993 1147 voce
1012 1123 1136 1162 agam,
1168 1119 1321 1148 tantum
1347 1112 1555 1164 utjudices
1581 1114 1765 1152 audiant:
1806 1147 1811 1152 ,

375 1189 502 1228 neque
520 1175 625 1213 enim
646 1174 796 1219 desunt,
826 1175 894 1227 qui
914 1174 1001 1213 istos
1022 1176 1062 1213 in
1084 1188 1160 1220 me,
1192 1184 1306 1227 atque
1332 1176 1372 1214 in
1399 1178 1594 1230 optimum
1625 1193 1766 1232 quem-

375 1255 466 1295 que,
496 1242 660 1280 incitent
678 1256 687 1280 :
720 1254 816 1294 quos
838 1255 922 1294 eg0,
953 1255 1032 1294 quo
1051 1241 1092 1280 id
1111 1241 1263 1280 facilius
1284 1241 1438 1289 faciant,
1466 1258 1543 1282 non
1565 1245 1763 1297 adjuvabO.

375 1310 482 1348 Cum
516 1323 668 1354 aurum,
704 1309 928 1360 Judaeorum
962 1309 1134 1355 nomine,
1171 1311 1376 1362 quotannis
1410 1324 1456 1350 ex
1491 1312 1614 1358 Italia,
1649 1322 1687 1351 et
1720 1327 1769 1352 ex

372 1376 555 1414 omnibus
595 1375 723 1414 vestris
762 1375 996 1429 provinciis,
1038 1376 1352 1429 Hierosolymam
1385 1379 1576 1431 exportari
1615 1379 1764 1425 soleret,

374 1442 536 1480 Flaccus
556 1441 678 1480 sanxit
697 1441 837 1487 edicto,
859 1455 906 1480 ne
926 1455 972 1480 ex
992 1441 1082 1479 Afia
1099 1444 1291 1494 exportari
1311 1444 1455 1482 liceret.
1485 1444 1584 1496 Qis
1605 1444 1671 1491 est,
1692 1446 1767 1497 Ju-

374 1507 492 1552 dices,
522 1507 591 1560 qui
616 1506 691 1546 hoc
719 1521 803 1545 vere
830 1520 908 1545 non
934 1507 1086 1545 laudare
1114 1508 1258 1560 poffit?
1290 1509 1494 1561 Exportari
1520 1524 1657 1549 aurum
1689 1526 1767 1550 non

374 1582 560 1625 oportere,
592 1586 683 1611 cum
710 1573 804 1626 saepe
828 1582 938 1611 antea
962 1573 1124 1618 senatu3‚
1156 1582 1242 1611 tum
1268 1588 1330 1612 me
1356 1575 1525 1621 consule,
1555 1578 1768 1629 graviffime

369 1639 571 1691 judicavit.
596 1639 704 1677 Huic
725 1648 854 1677 autem
875 1639 1038 1678 barbarae
1058 1639 1315 1692 superstitioni
1337 1641 1512 1687 reslstere,
1535 1642 1763 1689 severitati53

375 1705 671 1743 multitudinem
691 1706 931 1756 Judaeorum,
954 1706 1176 1759 flagrantem
1198 1720 1480 1760 nonnunquam
1502 1709 1541 1746 in
1562 1709 1765 1749 concioni.-

375 1772 460 1817 bus,
492 1785 562 1824 pro
581 1771 778 1824 republica
798 1781 1058 1817 contemnere,
1089 1774 1283 1825 gravitatis
1306 1774 1464 1813 summa:
1487 1774 1575 1812 fuit.

430 1839 485 1876 At
516 1838 592 1876 Cn.
616 1838 840 1890 Pompeius,
873 1839 992 1892 captis
1024 1838 1322 1891 Hierosolymis,
1355 1841 1477 1879 vietor.
1505 1854 1551 1878 ex
1578 1842 1646 1879 illo
1676 1840 1766 1880 fano

376 1903 474 1942 nihil
502 1904 643 1956 attigit.
677 1905 722 1942 In
748 1904 883 1957 primis
912 1904 1001 1950 hoc,
1034 1914 1077 1943 ut
1105 1906 1229 1943 multa
1255 1906 1339 1952 alia,
1372 1907 1567 1959 sapienter,
1600 1908 1704 1959 quod
1724 1909 1766 1946 in

376 1978 455 2006 tam
489 1969 685 2022 suspiciosa
713 1983 754 2007 ac
785 1970 970 2008 maledica
996 1971 1149 2008 civitate
1178 1972 1310 2010 locum
1338 1972 1503 2011 sermoni
1531 1974 1763 2011 obtreftato-

376 2048 462 2072 rum
484 2048 560 2072 non
582 2035 763 2087 reliquit:
797 2050 873 2073 non
899 2036 1018 2081 enim,
1051 2036 1177 2082 credo,
1210 2037 1435 2090 religionem
1462 2048 1499 2076 et
1525 2040 1763 2089 Judaeorum,

377 2109 413 2137 et
440 2098 622 2144 hostium,
654 2101 935 2153 impedimento
962 2102 1263 2154 praestantissimo
1290 2105 1524 2156 imperatori,
1555 2105 1615 2142 sed
1638 2104 1762 2156 pudo-

377 2178 473 2209 rem,
496 2164 616 2203 fuiffe.
641 2167 723 2203 Ubi
744 2180 833 2219 ergo
853 2168 999 2204 crimen
1020 2167 1094 2204 est?
1117 2169 1299 2219 quoniam
1323 2170 1481 2220 quidem
1502 2168 1652 2207 furtum
1674 2169 1761 2206 nus—

377 2245 493 2283 quam
526 2231 783 2283 reprehendis,
821 2234 990 2271 ediffitum
1024 2234 1175 2286 probas,
1202 2235 1421 2286 judicatum
1451 2235 1592 2279 fateris,
1629 2235 1771 2286 quaest-1

377 2308 462 2335 tum
481 2307 518 2335 et
538 2297 728 2349 prolatum
750 2300 874 2350 palam
897 2314 971 2337 non
995 2314 1121 2352 negas,
1152 2302 1279 2339 aetum
1300 2301 1370 2338 effe
1398 2315 1464 2353 per
1491 2301 1588 2338 viros
1616 2300 1760 2351 prima-

378 2365 451 2402 rios
473 2377 527 2401 res
554 2363 631 2415 ipsa
663 2363 838 2402 declarat.
872 2369 1052 2417 Apamea·
1083 2366 1284 2404 manifesto
1311 2365 1645 2418 comprehensum,
1677 2375 1772 2404 anter

377 2431 488 2485 pedes
516 2431 684 2485 praetoris
713 2431 753 2468 in
780 2430 863 2469 foro
889 2432 1095 2484 expensum
1124 2433 1176 2470 est
1203 2434 1281 2470 auri
1310 2433 1438 2484 pondo
1464 2441 1620 2469 centum
1648 2432 1763 2486 paulo
