2212 2835
682 156 771 194 DE
830 155 1023 194 LEGE
1081 154 1440 194 AGRARIA.
1701 168 1772 207 139

378 254 484 294 urbis
515 253 698 294 omnibus
729 255 900 301 exseffis,
932 255 1068 294 urbem
1102 255 1223 308 ipsam
1257 255 1420 295 solutam
1455 268 1497 294 ac
1532 255 1773 294 debilitatam

378 322 630 375 reliquerunt.
1222 360 1226 361 ⁷

433 389 627 427 XXXIV.
661 389 758 426 Haec
792 388 948 426 confilia
978 389 1169 440 majorum
1203 389 1264 427 M.
1296 390 1430 433 Bruto,
1463 398 1506 426 ut
1537 398 1644 427 antea
1676 389 1772 431 dixi,

378 454 699 507 reprehendenda,
731 462 768 492 et
789 455 833 492 P.
857 454 992 499 Rullo,
1025 454 1099 491 visa
1118 454 1232 492 sunt:
1266 467 1391 507 neque
1413 464 1463 499 te,
1487 456 1619 500 Rulle,
1642 456 1775 493 omina

378 521 444 558 illa
464 521 526 558 M.
550 521 675 565 Bruti,
703 528 818 572 atque
838 520 1016 573 auspicia,
1047 533 1067 557 a
1087 520 1203 558 fimili
1223 519 1351 558 furore
1371 520 1576 558 deterrent.
1609 522 1714 559 Nam
1737 532 1774 559 et

377 585 469 639 ipse,
501 586 569 639 qui
607 586 781 631 deduxit,
828 596 865 624 et
903 587 971 639 qui
1010 586 1276 639 magistratum
1317 588 1458 639 Capuae
1497 595 1536 624 et
1570 588 1775 625 Leocranti

376 661 575 705 ceperunt,
609 661 647 691 et
677 653 745 705 qui
779 652 949 705 aliquam
983 662 1130 706 partem
1165 653 1269 691 illius
1307 653 1562 698 deduffionis,
1600 652 1773 698 honoris,

377 719 550 757 muneris
570 719 794 772 attigerunt,
826 732 960 757 omnes
992 719 1246 758 acerbiffimas
1282 720 1495 772 impiorum
1523 733 1653 773 peenas
1685 734 1772 773 per-

377 785 565 824 tulerunt.
597 786 665 830 Et,
687 785 873 837 quoniam
895 786 1004 823 Bruti
1025 795 1140 838 atque
1166 786 1351 838 temporis
1381 785 1486 824 illius
1505 785 1579 824 feci
1603 787 1772 824 mentio-

378 865 484 897 nem,
515 851 834 890 commemorabo
860 852 900 889 id
926 851 1031 904 quod
1057 861 1213 905 egomet
1240 852 1333 896 vidi,
1365 866 1458 890 cum
1486 851 1666 890 veniffem
1696 853 1772 890 Ca-

378 931 510 970 puam,
541 918 736 956 coloniam
763 917 967 956 deductam
988 919 1036 957 L.
1061 918 1243 956 Confidio
1270 928 1308 956 et
1330 919 1434 957 Sext.
1467 919 1599 964 Saltio,
1631 932 1772 972 quem-

379 983 592 1022 admodum
620 984 690 1036 ipfi
717 983 987 1036 loquebantur,
1020 984 1277 1023 Praetoribus:
1312 994 1354 1022 ut
1374 984 1615 1037 intelligatis,
1648 999 1772 1037 quan-

382 1058 464 1088 tam
484 1050 591 1089 locus
612 1049 690 1102 ipse
709 1049 837 1088 afferat
856 1049 1092 1102 superbiam3
1117 1064 1202 1102 quae
1223 1051 1352 1102 paucis
1369 1050 1519 1095 diebus,
1543 1051 1684 1103 quibus
1705 1051 1774 1090 illo

379 1116 532 1155 colonia
551 1116 712 1154 deducita
730 1114 820 1159 fuit,
851 1115 1015 1167 perspici
1034 1124 1148 1167 atque
1167 1116 1335 1168 intelligi
1355 1116 1496 1169 potuit.

435 1183 542 1221 Nam
562 1182 751 1234 primum,
782 1180 822 1218 id
842 1181 948 1232 quod
968 1181 1064 1225 dixi,
1095 1194 1188 1219 cum
1208 1182 1353 1220 caeteris
1373 1182 1414 1220 in
1442 1182 1605 1221 coloniis
1627 1183 1774 1221 duum-

377 1248 450 1286 viri
488 1247 744 1300 appellentur,
782 1245 826 1284 hi
861 1246 897 1284 se
936 1247 1118 1285 Praetores
1158 1247 1340 1300 appellari
1378 1248 1572 1286 volebant.
1616 1250 1773 1299 Qibus

377 1314 526 1368 primus
562 1326 682 1352 annus
716 1312 817 1351 hanc
852 1313 1107 1365 cupiditatem
1141 1313 1336 1359 attulisset,
1371 1327 1500 1352 nonne
1534 1315 1775 1353 arbitramini

376 1381 509 1435 paucis
548 1381 656 1418 annis
703 1378 814 1418 fuiffe
862 1379 1079 1418 Consulum
1119 1393 1262 1418 nomen
1302 1381 1571 1434 appetituros?
1622 1381 1776 1420 Deinde

378 1448 576 1487 anteibant
606 1447 772 1492 1i6tores,
815 1460 894 1485 non
925 1461 1018 1485 cum
1053 1447 1217 1492 bacillis,
1256 1447 1332 1493 sed,
1365 1457 1408 1486 ut
1442 1447 1508 1487 hic
1543 1449 1774 1487 Praetoribus

377 1523 575 1560 anteeunt‚
605 1528 698 1552 cum
727 1512 892 1551 fascibus
923 1513 1088 1551 duobus.
1121 1514 1242 1551 Erant
1271 1513 1401 1552 hostiae
1426 1516 1586 1567 majores
1617 1516 1657 1553 in
1689 1515 1775 1554 foro

314 1598 317 1601 v
377 1580 608 1625 constitutae,
639 1593 724 1632 quae
753 1579 800 1616 ab
832 1577 892 1617 his
920 1579 1150 1617 Praetoribus
1179 1579 1226 1617 de
1257 1580 1455 1626 tribunali,
1487 1582 1583 1620 sicut
1613 1595 1634 1620 a
1661 1582 1774 1620 nobis

380 1645 615 1684 Consulibus
647 1645 693 1683 de
725 1644 873 1683 confilii
903 1645 1086 1683 sententia
1116 1646 1296 1698 probatae,
1336 1647 1382 1684 ad
1414 1661 1630 1700 praeconem
1661 1657 1699 1686 et
1730 1648 1775 1686 ad

379 1713 584 1751 tibicinem
604 1712 921 1750 immolabantur.
954 1712 1107 1750 Deinde
1134 1713 1263 1750 Patres
1291 1713 1497 1766 conscripti
1524 1714 1773 1753 vocabantur.

379 1779 469 1830 Jam
494 1792 598 1823 vero,
629 1778 783 1816 vultum
816 1778 988 1816 Confidii
1014 1778 1153 1823 videre,
1186 1778 1389 1817 ferendum
1420 1780 1485 1818 vix
1516 1789 1607 1818 erat.
1641 1781 1775 1831 Qem

380 1845 585 1885 hominem
612 1845 791 1898 vegrandi
818 1845 940 1884 macie
967 1845 1172 1890 torridum,
1205 1847 1343 1884 Romae
1365 1856 1639 1901 contemptum
1660 1857 1773 1900 atque

380 1913 588 1966 abjectum,
610 1913 851 1958 videbamus,
874 1911 980 1951 hunc
998 1913 1138 1966 Capuae
1156 1914 1356 1967 Campano
1372 1915 1588 1968 supercilio,
1611 1928 1652 1953 ac
1671 1917 1774 1968 regio

381 1978 532 2032 spiritu,
562 1993 655 2018 cum
689 1979 922 2024 videremus,
952 1979 1123 2032 Magios,
1155 1979 1328 2026 Bloffios,
1365 1980 1465 2019 mihi
1499 1981 1653 2019 videbar
1688 1981 1774 2019 illos

380 2045 522 2091 videre,
553 2059 597 2085 ac
617 2045 821 2098 Jubellios.
853 2047 941 2097 Jam
962 2059 1049 2084 vero
1070 2046 1137 2099 qui
1158 2056 1283 2085 metus
1303 2058 1381 2086 erat
1400 2048 1662 2087 tunicatorum
1683 2048 1774 2086 illo-2

382 2112 498 2150 rum?
520 2122 559 2151 et
578 2113 618 2151 in
638 2113 804 2158 Albana,
826 2122 863 2151 et
884 2112 1058 2166 Seplafia,
1081 2127 1165 2165 quae
1186 2114 1425 2154 concursatio
1445 2115 1773 2168 percontantium,

382 2177 476 2229 quid
511 2179 653 2217 Praetor
685 2178 888 2217 edixiffet?
924 2179 993 2217 ubi
1026 2180 1226 2218 coenaret?
1262 2180 1357 2232 quid
1391 2179 1615 2219 enuntiaffet
1635 2178 1649 2215 ?‘
1688 2179 1773 2216 Nos

383 2252 527 2288 autem,
556 2243 649 2283 hinc
671 2246 798 2284 Roma
818 2245 886 2297 qui
907 2258 1144 2290 veneramus,
1169 2247 1252 2298 jam
1273 2260 1351 2284 non
1372 2246 1552 2300 hospiteS,
1584 2245 1644 2283 sed
1664 2256 1773 2296 perc-

383 2309 485 2363 grini
505 2318 617 2362 atque
637 2311 801 2356 advenae,
832 2312 1144 2351 nominabamur.

439 2376 610 2415 XXXV.
643 2378 740 2415 Haec
756 2378 824 2430 qui
840 2379 1115 2432 prospexerint,
1131 2380 1291 2432 majores
1306 2379 1449 2417 nostros
1464 2378 1564 2422 dico,
1585 2376 1772 2428 Qirites‚

384 2455 463 2482 non
482 2456 545 2482 eos
565 2443 606 2482 in
627 2443 802 2482 Deorum
823 2445 1106 2485 immortalium
1127 2459 1288 2485 numero
1309 2443 1538 2483 venerandos
1566 2457 1586 2481 a
1605 2442 1716 2482 nobis
1737 2450 1774 2479 et

1396 2511 1417 2547 S
1449 2521 1472 2548 2
