2212 2835
883 153 1114 208 [337]

441 347 776 410 POST
890 347 1545 410 REDITUM

721 575 808 613 IN
891 574 1260 613 SENATu

572 775 1041 824 vORATIO
1118 776 1352 817 XXVIII.

295 980 329 1019 1-
443 983 477 1029 1,
508 984 636 1023 Patres
657 981 878 1035 conscripti,
908 997 978 1037 pro
998 980 1126 1020 vestris
1145 980 1432 1020 immortalibus
1451 980 1493 1019 in
1513 994 1591 1029 me,
1611 981 1690 1022 fra·

452 1059 631 1104 tremque
651 1063 798 1095 meum,
829 1049 1044 1103 liberosque
1064 1047 1207 1087 nostros
1239 1047 1387 1087 meritis
1413 1062 1552 1102 parum
1580 1050 1689 1090 vobis

293 1118 493 1157 cumulate
522 1119 659 1171 gratias
689 1130 801 1171 egero
817 1135 830 1162 ;
862 1117 1012 1171 quaeso,
1042 1115 1311 1168 obtestorque,
1341 1129 1390 1154 ne
1421 1130 1516 1155 meae
1545 1126 1691 1157 naturae

294 1185 445 1237 potius,
475 1198 591 1238 quam
613 1184 875 1238 magnitudini
895 1184 1105 1223 vestrorum
1126 1181 1423 1228 beneficiorum,
1454 1183 1495 1221 id
1514 1184 1691 1223 tribuen-

295 1251 392 1290 dum
422 1251 579 1304 putetis.
613 1252 712 1303 Qae
741 1251 848 1290 enim
879 1259 985 1290 tanta
1013 1249 1136 1304 potest
1164 1248 1321 1288 existere
1350 1249 1499 1288 ubertas
1526 1249 1690 1303 ingenii,

294 1330 382 1370 quae
407 1326 510 1356 tanta
535 1318 690 1356 dicendi
715 1318 840 1371 copia,
870 1317 978 1371 quod
1004 1326 1082 1357 tam
1108 1316 1287 1355 divinum
1319 1325 1434 1369 atque
1463 1316 1693 1356 incredibile

294 1397 418 1437 genus
437 1384 634 1430 orationis,
665 1398 744 1438 quo
763 1384 967 1438 quisquam
987 1383 1100 1437 poffit
1119 1383 1238 1422 vestra
1256 1383 1297 1421 in
1317 1396 1386 1421 nos
1410 1382 1582 1421 universa
1599 1397 1693 1437 pro-

295 1451 446 1496 merita,
468 1464 546 1490 non
565 1451 694 1489 dicam
710 1450 918 1503 complecti
934 1449 1091 1494 orando,
1111 1448 1172 1487 sed
1193 1448 1408 1501 percensere
1428 1449 1691 1488 numerando?

298 1517 369 1569 qui
393 1516 495 1555 mihi
520 1516 678 1556 fratrem
698 1516 979 1570 optatiffimum
993 1545 1005 1562 ‚
1035 1528 1098 1553 me
1119 1513 1226 1552 fratri
1246 1514 1529 1560 amantiffimo,
1561 1515 1692 1555 liberis

297 1581 432 1621 nostris
453 1592 639 1635 parentes,
657 1583 768 1621 nobis
789 1582 949 1627 liberos;
972 1581 1041 1634 qui
1061 1580 1305 1633 dignitatem,
1326 1579 1394 1632 qui
1414 1580 1605 1626 ordinem,
1623 1581 1693 1633 qui

295 1647 486 1693 fortunas,
507 1649 574 1702 qui
596 1648 868 1702 ampliffimam
890 1648 1188 1701 rempublicam,
1211 1647 1279 1699 qui
1298 1646 1474 1699 patriam,
1497 1661 1572 1699 qua
1592 1646 1693 1685 nihil

296 1716 421 1769 potest
439 1715 508 1754 effe
522 1716 750 1768 jucundius,
767 1717 835 1769 qui
856 1716 1025 1768 denique
1045 1713 1307 1767 nosmetipsos,
1330 1713 1441 1752 nobis
1462 1713 1690 1754 reddidistis.

353 1783 472 1834 Qod
507 1782 535 1821 fi
566 1793 740 1836 parentes
774 1783 981 1822 cariffimos
1016 1781 1156 1820 habere
1191 1781 1390 1825 debemuS,
1427 1780 1533 1832 quod
1565 1780 1612 1819 ab
1647 1781 1693 1819 iis

297 1849 410 1888 nobis
436 1850 526 1894 vita,
557 1850 850 1902 patrimonium,
879 1850 1050 1894 libertas,
1082 1848 1230 1893 civitas,
1262 1847 1397 1886 tradita
1422 1846 1502 1892 est,
1534 1846 1561 1885 fi
1585 1847 1691 1886 Deos

296 1915 536 1953 immortales
552 1945 562 1961 ,
593 1930 762 1968 quorum
782 1915 971 1954 beneficio
991 1925 1028 1954 et
1048 1914 1129 1953 haec
1151 1914 1347 1953 tenuimus
1366 1943 1377 1958 ,
1409 1922 1447 1951 et
1467 1912 1609 1952 caeteris
1631 1927 1692 1951 re-

297 1981 370 2018 bus
401 1981 502 2019 auffl
533 1981 693 2027 sumus;
725 1983 752 2020 fi
780 1983 971 2035 populum
999 1982 1240 2025 Romanum,
1271 1980 1381 2032 cujus
1408 1978 1622 2017 honoribus
1649 1980 1692 2018 in

298 2047 531 2099 ampliffimo
562 2048 734 2092 confilio,
765 2058 803 2086 et
834 2049 873 2085 in
905 2047 1084 2086 altiffimo
1114 2047 1234 2100 gradu
1266 2046 1477 2098 dignitatis,
1510 2055 1624 2098 atque
1650 2046 1692 2083 in

298 2112 370 2151 hac
391 2113 571 2151 omnium
592 2124 776 2152 terrarum
796 2128 894 2158 arce,
916 2114 1093 2152 collocati
1114 2113 1272 2157 sumus,
1306 2112 1331 2150 s1
1353 2110 1457 2149 hunc
1477 2111 1604 2164 ipsum
1625 2125 1688 2148 or-

299 2180 444 2223 dinem,
476 2193 497 2216 a
515 2193 594 2231 quo
614 2180 707 2233 saepe
728 2179 1112 2233 magnificentissimis
1134 2179 1295 2217 decretis
1316 2177 1446 2216 sumus
1472 2176 1658 2215 honestati
1679 2191 1687 2215 :

299 2246 534 2284 immensum
567 2247 753 2298 quiddam
785 2258 822 2285 et
852 2247 1052 2286 infinitum
1083 2246 1155 2291 est,
1186 2245 1291 2298 quod
1322 2245 1430 2282 vobis
1462 2243 1688 2287 debeamus,

300 2313 368 2365 qui
396 2312 515 2349 vestro
541 2312 718 2365 singulari
746 2314 869 2351 studio
899 2324 1014 2366 atque
1045 2313 1225 2351 consensu
1256 2321 1457 2364 parentum
1491 2308 1688 2353 beneficia,

303 2381 479 2417 Deorum
500 2379 785 2417 immortalium
805 2393 977 2424 munera,
1009 2379 1143 2432 populi
1171 2376 1339 2416 Romani
1364 2375 1541 2418 honores,
1575 2375 1691 2412 vestra

301 2447 347 2484 de
367 2460 430 2483 mc
452 2445 575 2483 multa
588 2446 734 2498 judicia
748 2475 758 2490 ,
785 2446 897 2484 nobis
918 2446 1049 2484 omnia
1068 2459 1146 2483 uno
1165 2454 1335 2495 tempore
1358 2441 1566 2479 reddidistis
1583 2456 1592 2479 :
1626 2450 1689 2486 ut,

386 2513 454 2550 To
467 2524 518 2550 M.
543 2512 592 2550 V.
1302 2508 1336 2545 V
1367 2522 1388 2545 v
