2212 2835
484 212 559 253 340
911 194 1316 234 ORATIO
1393 194 1448 234 ΙΙ.

480 308 679 347 nunquam
712 293 902 332 dubitavit
933 293 1161 331 sententiam
1193 293 1239 331 de
1270 292 1388 331 salute
1421 305 1520 338 mea,
1552 292 1587 331 se
1613 301 1652 332 et
1681 294 1879 346 republica

482 362 661 414 dignam,
693 361 830 398 dicere.
869 362 974 398 Cum
998 374 1018 398 a
1039 360 1196 398 tribuno
1217 359 1341 413 plebis
1363 369 1577 405 vetaretur,
1608 373 1701 398 cum
1722 361 1879 413 praecla-

480 442 568 465 rum
589 437 705 481 caput
725 427 960 472 recitaretur,
993 428 1053 466 Ne
1071 427 1149 481 quis
1167 426 1219 465 ad
1232 441 1296 465 vos
1314 426 1484 479 rqfi’rret,
1506 441 1549 465 ne
1568 427 1646 480 quis
1664 426 1880 472 decerneret,

479 509 522 532 ne
547 493 759 547 dsputczren
791 508 833 531 ne
856 494 1074 546 loqueretur,
1104 508 1148 532 ne
1171 492 1319 545 pedibus
1344 493 1429 538 iret,
1459 508 1502 531 ne
1517 493 1708 546 scribendo
1726 492 1851 547 adqffl’t
1865 511 1878 538 ς,

482 570 602 598 totam
624 560 733 598 illam
754 558 977 604 clausulam,
996 567 1040 597 ut
1060 567 1146 596 ante
1166 559 1262 604 dixi,
1285 558 1620 612 proscriptionem,
1640 573 1718 597 non
1739 559 1881 611 legem,

482 626 650 680 putavit,
683 639 759 678 qua
781 625 896 671 civis,
927 625 1077 678 optime
1107 625 1153 663 de
1183 625 1382 678 republica
1411 625 1599 670 meritus,
1630 625 1880 670 nominatim,

481 693 559 731 fine
584 693 749 746 judicio,
781 705 856 729 una
876 705 968 729 curn
989 691 1134 736 senatu,
1164 692 1386 744 reipublicae
1406 691 1494 730 effet
1514 700 1681 746 ereptus.
1714 693 1772 730 Ut
1791 705 1882 730 vero

483 760 572 797 iniit
591 758 872 811 magistratum,
903 771 983 795 non
1010 757 1152 800 dicam,
1184 758 1280 808 quid
1300 759 1419 810 egerit
1442 759 1564 811 prius,
1595 758 1656 796 sed
1676 758 1771 811 quid
1790 772 1880 797 om-

482 826 576 864 nino
604 826 683 878 egit
714 824 842 868 aliud,
874 823 943 861 nifi
973 832 1042 867 ut,
1074 837 1138 861 me
1170 822 1414 869 conservato,
1445 824 1604 862 vestram
1625 825 1666 862 in
1687 824 1881 878 posterum

484 893 713 945 dignitatem
735 891 1079 943 auctoritatemque
1099 890 1258 928 sanciret
1279 890 1291 928 ?

539 959 609 997 Dii
631 957 884 1002 immortales,
916 966 1107 1009 quantum
1129 956 1230 995 mihi
1257 956 1492 995 beneficium
1514 956 1654 995 dediffe
1679 956 1881 1001 videmini,

483 1027 588 1079 quod
608 1024 683 1064 hoc
703 1038 803 1063 anno
825 1025 868 1062 P.
893 1024 1084 1062 Lentulus
1111 1024 1245 1062 consul
1265 1024 1345 1062 est?
1378 1025 1537 1076 Qanto
1568 1025 1691 1077 majus
1721 1023 1882 1062 dedisse-

482 1095 547 1138 tis,
578 1093 605 1130 fi
632 1092 820 1145 superiore
844 1104 944 1129 anno
964 1091 1118 1129 fuisset?
1150 1104 1221 1128 nec
1243 1091 1347 1129 enim
1369 1090 1554 1144 eguiffem
1575 1090 1768 1129 medicina
1786 1104 1882 1129 con-

482 1160 609 1205 sulari,
641 1159 710 1197 nisi
734 1157 922 1196 consulari
943 1157 1099 1195 vulnere
1126 1157 1391 1196 concidiffem.
1427 1157 1638 1196 Audieram
1667 1171 1714 1196 ex
1733 1157 1882 1211 sapien-

482 1226 626 1265 tiffimo
646 1224 822 1268 homine,
853 1233 967 1277 atque
993 1225 1146 1277 optimo
1171 1224 1246 1262 civi
1267 1233 1304 1262 et
1325 1224 1419 1270 viro,
1452 1224 1686 1276 QCatulo,
1717 1237 1796 1262 non
1816 1224 1883 1262 sae-

482 1306 531 1346 pe
563 1305 688 1330 unum
719 1290 917 1329 consulem
947 1290 1189 1342 improbum,
1220 1290 1315 1328 duos
1336 1304 1424 1328 vero
1445 1303 1662 1342 nunquam,
1693 1290 1776 1342 post
1797 1290 1882 1327 Ro-

484 1372 591 1398 mam
620 1358 834 1402 conditam,
868 1365 1030 1409 excepto
1061 1357 1131 1394 illo
1162 1357 1342 1395 Cinnano
1372 1366 1566 1409 tempore,
1597 1355 1730 1394 fuiffe:
1767 1369 1883 1409 quare

484 1440 611 1466 meam
641 1425 792 1464 causam
820 1424 968 1477 semper
986 1423 1068 1462 fore
1089 1423 1345 1462 firmiffimam
1366 1423 1493 1461 dicere
1513 1423 1671 1469 solebat,
1702 1424 1798 1462 dum
1822 1424 1882 1462 vel

483 1507 582 1532 unus
612 1493 653 1531 in
686 1491 884 1545 republica
913 1490 1046 1529 consul
1077 1490 1180 1529 effet.
1218 1491 1339 1542 Qod
1366 1503 1452 1529 vere
1479 1491 1638 1535 dixerat,
1671 1490 1695 1528 fi
1717 1490 1815 1528 illud
1836 1491 1883 1529 de

483 1560 634 1598 duobus
658 1557 899 1602 consulibus,
931 1556 1035 1609 quod
1066 1566 1152 1595 ante
1183 1557 1224 1594 in
1251 1556 1451 1609 republica
1477 1570 1555 1594 non
1575 1555 1712 1601 fuerat,
1744 1569 1882 1609 peren-

482 1640 530 1665 ne
549 1640 592 1664 ac
613 1625 813 1680 proprium
830 1637 983 1663 manere
1001 1622 1196 1676 potuisset.
1224 1623 1344 1674 Qod
1364 1623 1390 1662 fi
1410 1623 1669 1677 QMetellus
1690 1622 1759 1662 illo
1779 1633 1882 1662 tem-

482 1707 573 1747 pore
593 1692 725 1732 consul
744 1691 872 1731 fuisset
898 1691 1060 1736 unicus,
1092 1691 1292 1736 dubitatis,
1325 1705 1404 1743 quo
1436 1691 1567 1729 animo
1597 1691 1716 1729 fuerit
1746 1691 1788 1729 in
1818 1703 1883 1729 me

483 1760 741 1799 conservando
761 1758 930 1804 futurus,
962 1771 1055 1796 cum
1075 1757 1116 1795 in
1136 1757 1369 1795 restituendo
1388 1759 1584 1796 au&0rem
1605 1756 1714 1795 fuiffe
1740 1756 1882 1809 ascrip-

483 1837 685 1879 toremque
706 1826 864 1864 videatis
882 1825 895 1862 ?

541 1894 613 1931 Sed
632 1892 791 1930 fuerunt
812 1891 890 1930 duo
909 1890 1096 1936 consules,
1129 1904 1297 1943 quorum
1319 1898 1465 1929 mentes
1487 1889 1665 1943 angustae,
1696 1888 1881 1936 humiles,

483 1973 618 2012 pravae,
649 1958 812 2011 oppletae
843 1958 1009 1996 tenebris
1040 1971 1083 1996 ac
1111 1955 1297 2003 sordibus,
1329 1970 1472 1995 nomen
1500 1956 1627 2010 ipsum
1648 1956 1881 2002 consulatus,

484 2026 724 2079 splendorem
756 2025 860 2063 illius
893 2023 1076 2070 honoris,
1113 2024 1426 2077 magnitudinem
1459 2024 1554 2062 tanti
1587 2023 1765 2077 imperii,
1810 2036 1882 2062 nec

484 2093 655 2138 intueri,
686 2105 755 2130 nec
788 2091 993 2137 sustinere,
1030 2105 1100 2130 nec
1130 2105 1262 2145 capere
1290 2100 1528 2145 potuerunt;
1565 2104 1642 2129 non
1676 2089 1851 2129 consules
1869 2118 1881 2135 ,

483 2160 543 2197 sed
574 2167 803 2197 mercatores
835 2159 1148 2211 provinciarum,
1190 2172 1232 2197 ac
1262 2158 1476 2196 venditores
1508 2157 1634 2195 vestrae
1667 2156 1880 2210 dignitatis.

484 2228 664 2279 Qorum
687 2226 779 2264 alter
799 2239 818 2263 a
838 2239 902 2264 me
923 2226 1148 2271 Catilinam,
1176 2235 1386 2264 amatorem
1407 2225 1533 2269 suum,
1566 2225 1700 2262 multis
1721 2224 1881 2262 audien-

483 2294 616 2338 tibu53
657 2292 751 2330 alter
782 2290 1031 2346 Cethegum,
1072 2292 1373 2336 consobrinum,
1410 2291 1654 2344 reposcebat:
1697 2291 1765 2342 qui
1801 2302 1880 2335 me,

483 2361 561 2397 duo
591 2358 860 2397 sceleratiffimi
882 2359 964 2412 post
993 2358 1203 2398 hominum
1225 2358 1468 2403 memoriam,
1501 2372 1580 2396 non
1600 2357 1788 2401 consules,
1819 2355 1881 2393 sed

482 2426 660 2471 latrones,
693 2439 768 2464 non
791 2426 908 2464 modo
929 2425 1189 2471 deseruerunt,
1221 2426 1261 2464 in
1282 2425 1390 2464 causa
1417 2425 1625 2478 praesertim
1656 2422 1815 2476 publica
1842 2428 1880 2458 et

480 2492 680 2538 consulari,
699 2492 759 2531 sed
780 2493 1046 2546 prodiderunt,
1063 2502 1351 2548 oppugnarunt,
1368 2493 1479 2533 omni
1495 2492 1639 2531 auxilio
1659 2504 1736 2529 non
1755 2488 1877 2526 solum
