2212 2835
480 206 555 246 268
985 199 1384 239 ORATIO

478 315 659 359 putatur:
697 303 765 356 qui
797 302 866 341 soli
900 310 981 341 toto
1010 301 1102 340 orbe
1131 310 1314 339 terrarum
1349 299 1606 353 septingentos
1631 300 1714 353 jam
1744 314 1861 341 annos

477 372 642 424 amplius
678 371 764 408 unis
798 370 986 414 moribus,
1021 377 1060 407 et
1092 381 1295 420 nunquam
1324 367 1482 405 mutatis
1514 366 1677 420 legibus,
1713 367 1857 406 vivunt.

478 438 630 476 Adsunt
650 451 696 475 ex
720 435 865 475 Achaia
884 437 1021 474 eund&
1041 435 1158 474 multi
1179 435 1309 487 legati,
1340 433 1502 479 Boeotia,
1534 432 1750 472 Thessalia:
1774 434 1864 486 qui-

478 504 548 542 bus
569 503 663 541 locis
683 515 805 554 nuper
825 501 970 554 legatus
991 501 1039 539 L.
1055 500 1231 545 Flaccus,
1250 501 1478 553 imperatore
1499 499 1676 545 Metello,
1694 498 1863 552 praefuit.

478 570 619 622 Neque
653 582 740 607 vero
770 577 819 612 te,
851 567 1031 612 Maffilia,
1066 575 1260 619 praetereo,
1291 580 1375 618 quae
1405 567 1454 604 L.
1478 566 1665 604 Flaccum
1696 565 1865 604 militem

477 635 780 687 quaestoremque
810 633 1006 686 cognosti:
1043 633 1151 684 cujus
1181 645 1252 684 ego
1280 632 1445 670 civitatis
1475 631 1720 684 disciplinam
1749 639 1865 683 atque

478 702 701 754 gravitatem
722 714 799 738 non
820 700 942 736 solum
965 699 1138 742 Graeciae,
1170 698 1232 736 sed
1262 697 1365 736 haud
1395 698 1472 736 scio
1491 711 1537 736 an
1558 697 1706 736 cunftis
1735 697 1864 750 genti-

480 768 566 812 bus,
597 765 902 818 anteponendam
923 764 1048 801 dicam
1069 778 1078 800 :
1110 776 1208 814 quae,
1231 772 1310 800 tam
1333 763 1467 815 procul
1488 777 1508 801 a
1527 764 1755 802 Graecorum
1775 777 1864 802 om-

477 833 589 870 nium
616 831 850 883 regionibus,
882 828 1108 881 disciplinis,
1139 827 1348 880 linguaque
1375 828 1504 873 divisa,
1532 841 1624 867 cum
1648 829 1691 866 in
1714 829 1865 867 ultimis

478 899 599 943 terris,
630 898 755 934 cinei-a
775 895 981 934 Gallorum
1001 893 1195 947 gentibus,
1218 893 1396 931 barbarice
1416 892 1597 931 fluetibus
1618 893 1794 939 alluatur,
1816 895 1865 932 fic

478 964 713 1016 optimatum
735 961 892 999 consilio
912 960 1161 1012 gubernatur,
1193 967 1236 996 ut
1255 972 1389 997 omnes
1410 959 1490 1011 ejus
1517 958 1688 997 instituta
1714 958 1866 997 laudare

479 1029 630 1067 facilius
650 1027 803 1080 poflint,
835 1040 952 1078 quam
973 1025 1158 1064 aemulari.
1189 1024 1309 1062 Hisce
1331 1024 1453 1062 utitur
1472 1024 1730 1063 laudatoribus
1751 1025 1866 1063 Flac-2

477 1109 559 1141 cus,
582 1095 642 1133 his
662 1093 891 1132 innocentiae
911 1091 1083 1138 testibus,
1104 1100 1148 1130 ut
1168 1091 1395 1130 Graecorum
1415 1091 1619 1146 cupiditati
1639 1092 1867 1130 Graecorum

478 1162 622 1201 auxilio
641 1161 867 1200 resistamus.

533 1230 707 1268 XXVII.
741 1229 976 1280 Qanquam
996 1226 1083 1280 quis
1105 1227 1268 1279 ignorat,
1297 1227 1365 1280 qui
1385 1227 1502 1266 modo
1523 1239 1694 1280 unquam
1715 1226 1866 1265 medio-

480 1296 593 1333 criter
627 1307 682 1332 res
717 1293 800 1331 istas
832 1293 924 1330 scire
954 1293 1112 1337 curavit,
1150 1292 1244 1344 quin
1275 1294 1346 1331 tria
1374 1293 1600 1330 Graecorum
1630 1305 1767 1345 genera
1795 1292 1868 1330 sint

480 1373 565 1398 vere
583 1361 595 1397 ?
627 1372 793 1411 quorum
815 1359 882 1396 uni
903 1358 989 1396 sunt
1010 1356 1279 1402 Athenienses,
1310 1371 1393 1410 quae
1413 1371 1504 1410 gens
1534 1359 1672 1395 Ionum
1696 1355 1865 1395 habeba-

480 1436 563 1471 tur;
584 1426 712 1464 AEoles
733 1426 859 1471 alteri,
879 1426 1002 1463 Dores
1024 1424 1125 1462 tertii
1145 1424 1456 1462 nominabantur.
1477 1425 1608 1477 Atque
1628 1423 1710 1462 liaec
1730 1425 1867 1461 cuncta

481 1493 644 1537 Graecia‚
675 1505 760 1544 quae
794 1490 909 1535 fama,
941 1504 1025 1542 quae
1059 1490 1194 1542 gloria,
1232 1503 1316 1541 quae
1350 1490 1533 1535 doctrina,
1570 1504 1654 1542 quae
1688 1489 1866 1541 plurimis

478 1559 637 1603 artibus,
668 1571 752 1610 quae
784 1557 900 1595 etiam
930 1556 1110 1608 imperio,
1141 1565 1179 1593 et
1208 1555 1347 1593 bellica
1376 1555 1500 1601 laude,
1531 1555 1674 1600 floruit,
1705 1568 1868 1607 parvum

479 1624 672 1676 quendam
702 1624 847 1668 locum,
879 1632 922 1660 ut
956 1621 1073 1667 scitis,
1109 1622 1273 1674 Europae
1303 1630 1419 1667 tenet,
1455 1621 1679 1674 semperque
1713 1621 1865 1659 tenuit:

480 1691 575 1729 Asiae
595 1690 832 1728 maritimam
852 1702 973 1733 oram,
1005 1687 1107 1725 bello
1128 1687 1354 1740 superatam,
1387 1688 1511 1726 cinxit
1530 1688 1705 1732 urbibus,
1727 1700 1804 1725 non
1825 1694 1868 1724 ut

479 1756 672 1794 munitam
693 1755 854 1794 coloniis
876 1754 984 1791 illam
1005 1761 1172 1804 augeret,
1204 1752 1265 1789 sed
1286 1761 1329 1790 ut
1349 1751 1531 1790 obseffam
1553 1761 1709 1790 teneret.

535 1821 802 1873 Qamobrem
838 1818 964 1871 quaeso
997 1831 1017 1855 a
1050 1817 1172 1862 vobis,
1207 1817 1365 1855 Asiatici
1399 1817 1521 1862 testes,
1557 1826 1613 1862 ut,
1653 1831 1745 1855 cum
1781 1830 1866 1855 vere

480 1886 666 1924 recordari
702 1886 852 1930 voletis,
892 1892 1083 1936 quantum
1118 1883 1351 1921 auctoritatis
1382 1883 1422 1921 in
1456 1883 1653 1934 judicium
1686 1882 1864 1927 afferatis,

479 1952 694 2004 vosmetipsi
729 1950 948 1989 describatis
984 1950 1140 1994 Asiam3
1179 1962 1261 1994 nec,
1294 1949 1388 2001 quid
1423 1949 1642 2002 alienigenae
1676 1949 1722 1987 de
1756 1949 1865 1987 vobis

479 2019 586 2071 loqui
607 2018 762 2062 soleant,
785 2017 845 2054 sed
866 2016 960 2068 quid
981 2015 1195 2068 vosmetipsi
1217 2016 1262 2053 de
1282 2029 1418 2068 genere
1438 2015 1557 2054 vestro
1577 2016 1759 2060 statuatis,
1781 2028 1866 2054 me-

479 2084 682 2122 mineritis.
715 2084 911 2134 Namque,
944 2091 985 2120 ut
1005 2082 1155 2134 opinor,
1187 2082 1275 2120 Asia
1301 2082 1417 2120 vestra
1442 2082 1586 2119 constat
1612 2095 1659 2119 ex
1685 2081 1865 2134 Phrygia,
1906 2128 1910 2130 v

479 2150 616 2201 Mysia,
648 2149 772 2194 Caria,
803 2148 939 2200 Lydia.
981 2149 1127 2185 Utrum
1159 2148 1278 2200 igitur
1307 2147 1479 2186 nostrum
1509 2148 1574 2192 est,
1608 2162 1654 2185 an
1685 2147 1864 2192 vestrum,

476 2214 551 2252 hoc
586 2215 847 2267 proverbium,
888 2213 1068 2265 Phrygem
1100 2213 1220 2266 plagis
1243 2213 1338 2264 fieri
1358 2214 1473 2266 sblere
1510 2213 1680 2252 meliorem
1698 2213 1717 2252 ἒ
1757 2212 1867 2264 Qid

477 2282 523 2319 de
558 2289 637 2319 tota
672 2281 816 2319 Caria?
848 2293 974 2316 nonne
1003 2278 1078 2316 hoc
1113 2279 1230 2316 vestra
1260 2292 1350 2317 voce
1385 2279 1585 2332 vulgatum
1616 2279 1681 2324 est,
1713 2279 1738 2317 si
1771 2279 1865 2331 quid

476 2362 552 2386 cum
576 2348 733 2399 periculo
765 2345 925 2399 experiri
957 2345 1064 2390 velis,
1095 2345 1131 2383 in
1163 2346 1257 2383 Care
1288 2346 1326 2383 id
1357 2346 1597 2398 potiffimum
1624 2345 1693 2384 effe
1719 2344 1864 2383 facien-

477 2413 598 2450 dum?
631 2413 738 2461 Qid
760 2426 872 2465 porro
893 2411 932 2448 in
954 2412 1091 2449 Graeco
1112 2411 1282 2450 sermone
1304 2421 1381 2450 tam
1404 2412 1538 2450 tritum
1560 2420 1673 2464 atque
1694 2411 1862 2449 celebra·-

477 2487 562 2517 tum
589 2478 653 2524 est,
686 2492 818 2531 quam,
851 2477 874 2515 si
903 2477 988 2530 quis
1018 2476 1226 2530 despicatui
1253 2478 1421 2523 ducitur,
1454 2487 1496 2516 ut
1519 2478 1701 2532 llffysbrum
1722 2476 1865 2514 ultimus
