2212 2835
384 182 457 232 146
875 172 1282 214 ORATIO

376 277 618 316 nominavit?
642 275 680 313 Si
700 273 805 312 enim
826 272 970 324 Syllam
989 271 1230 309 Dictatorem
1249 267 1477 308 nominasset
1484 286 1497 314 ς
1519 267 1764 322 perspicuum

375 342 470 386 fore,
496 352 533 380 et
554 340 802 384 invidiosum,
825 339 1024 377 arbitratus
1045 337 1110 375 est.
1143 336 1216 374 Sed
1236 349 1353 388 quem
1373 335 1538 373 vestrum
1559 343 1639 372 tam
1658 335 1765 373 tardo

378 409 532 460 ingenio
551 407 633 446 fore
654 406 815 460 putavit,
846 406 924 450 cui,
955 404 1038 458 post
1057 418 1120 442 eos
1150 402 1334 442 Consules
1360 402 1505 454 Syllam
1526 402 1766 441 Dictatorem

376 473 500 518 fuisse,
533 474 572 511 in
593 482 766 511 mentem
786 471 913 509 venire
933 484 1012 508 non
1030 469 1176 523 poffet?
1695 466 1698 468 ’

433 540 542 591 Qid
571 553 661 592 ergo
689 539 740 576 ait
768 538 966 576 Marianus
989 537 1166 576 tribunus
1186 535 1324 589 plebis,
1355 534 1425 586 qui
1445 547 1513 572 nos
1535 533 1706 584 Syllanos
1727 532 1766 570 in

377 606 563 643 invidiam
592 605 719 658 rapit?
751 606 842 655 Qae
861 603 936 655 post
961 603 1129 642 Man-ium
1154 610 1189 641 et
1217 601 1413 640 Carbonem
1440 600 1614 653 Corficles,
1644 613 1764 651 agros,

377 672 538 725 aedffiCs‘l»
568 673 678 716 lacus,
697 671 847 724 stagna,
877 670 964 714 loca,
989 669 1207 723 pqffiffi'ones,
1237 668 1377 706 caelum
1407 675 1445 704 et
1476 680 1577 705 mare
1611 674 1765 718 praeter-

379 739 495 782 misit,
532 746 666 776 caetera
699 736 925 788 complexus
959 735 1025 773 est.
1063 734 1210 773 Publice
1243 733 1344 778 data,
1380 733 1568 785 qffignata,
1603 730 1766 775 vendita,

378 804 526 857 conccffi
540 805 648 856 stmt.
682 804 718 840 A
741 816 832 854 quo,
866 801 982 839 Rulle
1002 801 1014 838 ?
1046 800 1134 838 Post
1155 800 1329 838 Marium
1356 808 1395 836 et
1416 799 1635 836 Carbonem
1657 799 1767 835 Con-

379 872 490 915 sules,
522 871 608 922 quis
629 869 838 921 affignavit,
869 868 954 919 quis
976 867 1091 912 dedit,
1118 867 1204 918 quis
1226 865 1418 909 conceffit‚
1442 873 1574 917 praeter
1595 864 1764 915 Syllam?

380 939 439 975 Ea
459 937 573 976 omnia
592 936 820 988 cajus-estut.
852 935 943 984 Qo
958 933 1066 984 jure?
1089 931 1288 970 labefactat
1308 931 1486 968 videlicet
1506 929 1631 968 nescio
1651 930 1766 981 quid:

382 1003 550 1039 nimium
582 1014 679 1044 acer,
712 999 882 1037 nimium
910 996 1131 1042 vehemens,
1162 996 1340 1035 tribunus
1367 995 1491 1048 plebis
1519 994 1667 1046 Syllana
1693 994 1769 1034 res-

379 1068 516 1105 cindit.
551 1068 601 1106 Ut
621 1080 700 1119 quae
719 1065 845 1117 optimo
852 1063 941 1115 jure
953 1064 1113 1116 privata
1117 1064 1214 1114 stnt.
1246 1062 1428 1100 Etiamne
1451 1061 1623 1107 meliore,
1652 1074 1770 1114 quam

379 1142 533 1187 paterna
552 1141 590 1170 et
608 1133 708 1170 avita
724 1132 737 1169 ?
768 1131 942 1169 meliore.

435 1202 490 1238 At
511 1198 587 1237 hoc
607 1198 762 1236 Valeria
780 1196 842 1235 lex
863 1209 940 1234 non
962 1195 1085 1234 dicit:
1118 1193 1308 1233 Corneliae
1334 1195 1436 1246 leges
1464 1207 1542 1232 non
1568 1192 1768 1232 sanciunt:

382 1266 484 1318 Sylla
500 1265 577 1318 ipse
593 1278 670 1302 non
687 1263 865 1317 postulat.
889 1263 927 1300 Si
943 1262 1002 1300 isti
1022 1262 1101 1314 agri
1116 1270 1265 1314 partem
1281 1261 1450 1313 aliquam
1464 1260 1578 1312 juris,
1599 1260 1771 1312 aliquam

380 1331 675 1369 similitudinem
702 1329 864 1383 propriae
891 1327 1134 1381 pofi‘effionis,
1165 1327 1335 1379 aliquam
1361 1326 1467 1379 spem
1491 1325 1770 1370 diuturnitatis,

381 1398 605 1450 attingunt;
637 1410 753 1434 nemo
780 1395 831 1433 est
860 1404 939 1433 tam
969 1394 1192 1447 imprudens
1224 1393 1399 1438 istorum,
1430 1393 1527 1446 quin
1553 1393 1613 1445 agi
1640 1392 1770 1431 secum

380 1464 556 1517 praeclare
577 1463 792 1501 arbitretur.
815 1462 882 1499 Tu
902 1474 1003 1505 vero,
1027 1460 1158 1505 Rulle,
1180 1459 1274 1512 quid
1290 1460 1452 1512 quaeris?
1475 1459 1594 1510 Qod
1609 1457 1768 1503 habent,

382 1539 426 1568 ut
458 1529 653 1568 habeant?
686 1528 772 1580 quis
808 1528 940 1564 vetat?
972 1528 1029 1564 Ut
1064 1526 1288 1579 privatum?
1319 1534 1357 1563 at
1390 1525 1442 1563 ita
1474 1525 1596 1563 latum
1631 1523 1696 1568 est,
1728 1533 1772 1561 ut

381 1596 519 1636 melior
539 1596 595 1634 tui
616 1594 734 1633 soceri
754 1593 896 1632 fundus
924 1592 1077 1645 Irpinus
1104 1592 1163 1637 fit,
1195 1592 1268 1630 five
1295 1605 1383 1644 ager
1409 1591 1579 1644 Irpinus,
1613 1591 1773 1643 (totum

380 1663 486 1701 enim
507 1662 693 1716 poffidet)
725 1674 843 1714 quam
871 1673 979 1698 meus
1000 1667 1179 1712 paternus
1199 1657 1397 1710 avitusque
1416 1658 1559 1696 fundus
1591 1657 1770 1709 Arpinas·

384 1731 427 1768 Id
447 1731 551 1770 enim
572 1743 679 1767 caves
697 1743 706 1767 ε
738 1728 889 1780 optimo
909 1727 1013 1763 enim
1029 1726 1114 1777 jure
1135 1738 1176 1762 ea
1196 1724 1283 1762 sunt
1310 1723 1482 1776 profecto
1502 1724 1655 1776 praedia,
1686 1737 1771 1775 quae

381 1796 530 1849 optIma
548 1795 771 1834 conditione
791 1793 890 1831 sunt.
923 1792 1061 1829 Libera
1080 1790 1240 1829 meliore
1255 1791 1342 1842 jure
1364 1789 1465 1834 sunt,
1496 1802 1614 1841 quam
1641 1788 1741 1826 serva
1759 1803 1769 1826 :

382 1862 506 1915 capite
526 1860 616 1905 hoc,
644 1860 788 1904 omnia,
810 1872 894 1911 quae
913 1857 1135 1902 serviebant,
1158 1870 1234 1894 non
1255 1855 1430 1894 servient.
1464 1855 1595 1893 Soluta
1613 1855 1772 1893 meliore

383 1927 421 1965 in
443 1926 549 1964 causa
569 1926 668 1970 sunt,
700 1938 817 1977 quam
838 1923 1007 1975 obligata
1026 1938 1035 1961 :
1067 1922 1203 1960 eodem
1231 1921 1356 1974 capite
1382 1921 1552 1974 obligata
1570 1921 1714 1965 omnia,
1746 1920 1772 1958 s1

381 1993 500 2031 modo
521 1992 671 2043 Syllana
690 1991 789 2035 sunt,
811 1990 1034 2027 liberantur.
1057 1988 1255 2027 Immunia
1271 1987 1536 2026 commodiore
1550 1987 1773 2025 conditione

382 2060 466 2104 fint,
491 2072 609 2111 quam
630 2057 709 2102 illa,
731 2071 815 2109 quae
836 2056 1036 2109 pensitant.
1069 2057 1155 2108 Ego
1176 2055 1405 2093 Tusculanis
1426 2068 1495 2107 pro
1513 2067 1611 2106 aqua
1632 2054 1774 2092 Crabra

381 2125 541 2178 veffigal
573 2124 750 2177 pendam,
781 2124 872 2176 quia
902 2136 922 2159 a
942 2122 1159 2175 municipio
1185 2121 1353 2160 fundum
1377 2121 1536 2173 accepi:
1570 2120 1595 2158 s1
1623 2133 1643 2158 a
1672 2120 1773 2172 Sylla

383 2192 481 2231 mihi
503 2192 612 2230 datus
632 2191 733 2236 esset,
765 2190 876 2229 Rulli
897 2190 980 2242 lege
1000 2203 1077 2228 non
1098 2190 1318 2242 penderem.

436 2260 510 2297 ΙΙΙ.
541 2258 666 2296 Video
686 2271 766 2302 vos,
799 2257 985 2308 Qirite3‚
1007 2256 1117 2294 ficuti
1138 2269 1193 2294 res
1215 2255 1293 2308 ipsa
1312 2255 1430 2307 cogit,
1453 2254 1691 2293 commoveri
1712 2254 1769 2292 ve]

381 2325 489 2378 legis,
520 2324 580 2362 vel
601 2324 799 2368 orationis,
827 2322 1090 2375 impudentia:
1125 2322 1234 2375 legis,
1268 2323 1427 2373 quaejus
1448 2321 1588 2360 melius
1610 2320 1770 2372 Syllanis

382 2392 529 2443 praediis
574 2390 792 2436 constituat,
832 2403 949 2442 quam
988 2389 1183 2442 paternis;
1224 2389 1420 2433 orationis,
1460 2403 1546 2441 quae
1583 2386 1771 2439 ejusmodi

381 2457 488 2494 causa
526 2456 745 2495 insimulare
782 2468 1020 2509 quemquam
1059 2454 1208 2500 audeat,
1251 2455 1413 2494 rationes
1453 2453 1564 2506 Syllae
1601 2452 1772 2491 nimium
