<?xml version="1.0" encoding="UTF-8"?>
<!DOCTYPE html PUBLIC "-//W3C//DTD XHTML 1.0 Transitional//EN"
    "http://www.w3.org/TR/xhtml1/DTD/xhtml1-transitional.dtd">
<html xmlns="http://www.w3.org/1999/xhtml" xml:lang="en" lang="en">
 <head>
  <title>
</title>
<meta http-equiv="Content-Type" content="text/html;charset=utf-8" />
  <meta name='ocr-system' content='tesseract 3.04.00' />
  <meta name='ocr-capabilities' content='ocr_page ocr_carea ocr_par ocr_line ocrx_word'/>
</head>
<body>
  <div class='ocr_page' id='page_1' title='image "./operacumindicibu05ciceuoft_0398.png"; bbox 0 0 2212 2835; ppageno 0'>
   <div class='ocr_carea' id='block_1_1' title="bbox 506 129 1401 188">
    <p class='ocr_par' dir='ltr' id='par_1_1' title="bbox 506 129 1401 188">
     <span class='ocr_line' id='line_1_1' title="bbox 506 129 1401 188; baseline -0.007 -16"><span class='ocrx_word' id='word_1_1' title='bbox 506 135 583 188; x_wconf 68' lang='lat'>384</span> <span class='ocrx_word' id='word_1_2' title='bbox 999 129 1401 168; x_wconf 90' lang='lat' dir='ltr'>ORATIO</span> 
     </span>
    </p>
   </div>
   <div class='ocr_carea' id='block_1_2' title="bbox 501 226 1966 2470">
    <p class='ocr_par' dir='ltr' id='par_1_2' title="bbox 501 226 1914 683">
     <span class='ocr_line' id='line_1_2' title="bbox 502 226 1895 284; baseline -0.004 -14"><span class='ocrx_word' id='word_1_3' title='bbox 502 233 651 284; x_wconf 82' lang='lat' dir='ltr'>legibus</span> <span class='ocrx_word' id='word_1_4' title='bbox 673 230 833 274; x_wconf 64' lang='lat' dir='ltr'>redufti,</span> <span class='ocrx_word' id='word_1_5' title='bbox 851 228 1021 267; x_wconf 85' lang='lat' dir='ltr'>inimicis</span> <span class='ocrx_word' id='word_1_6' title='bbox 1041 226 1267 272; x_wconf 71' lang='lat' dir='ltr'>interfeffis‚</span> <span class='ocrx_word' id='word_1_7' title='bbox 1285 226 1548 280; x_wconf 83' lang='lat' dir='ltr'>rogationibus</span> <span class='ocrx_word' id='word_1_8' title='bbox 1571 226 1796 273; x_wconf 84' lang='lat' dir='ltr'>tribunitiis,</span> <span class='ocrx_word' id='word_1_9' title='bbox 1818 240 1895 265; x_wconf 90' lang='lat' dir='ltr'>non</span> 
     </span>
     <span class='ocr_line' id='line_1_3' title="bbox 501 292 1893 338; baseline -0.004 -4"><span class='ocrx_word' id='word_1_10' title='bbox 501 297 723 335; x_wconf 58' lang='lat' dir='ltr'>auetoritate</span> <span class='ocrx_word' id='word_1_11' title='bbox 746 295 907 338; x_wconf 85' lang='lat' dir='ltr'>senatus,</span> <span class='ocrx_word' id='word_1_12' title='bbox 930 308 1009 333; x_wconf 91' lang='lat' dir='ltr'>non</span> <span class='ocrx_word' id='word_1_13' title='bbox 1029 293 1201 332; x_wconf 86' lang='lat' dir='ltr'>comitiis</span> <span class='ocrx_word' id='word_1_14' title='bbox 1222 292 1460 337; x_wconf 82' lang='lat' dir='ltr'>centuriatis,</span> <span class='ocrx_word' id='word_1_15' title='bbox 1482 305 1559 330; x_wconf 92' lang='lat' dir='ltr'>non</span> <span class='ocrx_word' id='word_1_16' title='bbox 1581 292 1741 330; x_wconf 84' lang='lat' dir='ltr'><strong>decretis</strong></span> <span class='ocrx_word' id='word_1_17' title='bbox 1763 292 1893 336; x_wconf 71' lang='lat' dir='ltr'>Raliae,</span> 
     </span>
     <span class='ocr_line' id='line_1_4' title="bbox 501 357 1897 410; baseline -0.004 -10"><span class='ocrx_word' id='word_1_18' title='bbox 501 377 578 401; x_wconf 89' lang='lat' dir='ltr'>non</span> <span class='ocrx_word' id='word_1_19' title='bbox 599 362 781 400; x_wconf 84' lang='lat' dir='ltr'>defiderio</span> <span class='ocrx_word' id='word_1_20' title='bbox 801 361 967 399; x_wconf 86' lang='lat' dir='ltr'>civitatis</span> <span class='ocrx_word' id='word_1_21' title='bbox 985 389 996 406; x_wconf 95' lang='lat'>,</span> <span class='ocrx_word' id='word_1_22' title='bbox 1027 360 1280 398; x_wconf 88' lang='lat' dir='ltr'>inimicorum</span> <span class='ocrx_word' id='word_1_23' title='bbox 1302 358 1441 410; x_wconf 85' lang='lat' dir='ltr'>injuria</span> <span class='ocrx_word' id='word_1_24' title='bbox 1460 358 1603 410; x_wconf 91' lang='lat' dir='ltr'>probro</span> <span class='ocrx_word' id='word_1_25' title='bbox 1623 371 1700 396; x_wconf 90' lang='lat' dir='ltr'>non</span> <span class='ocrx_word' id='word_1_26' title='bbox 1721 357 1825 402; x_wconf 75' lang='lat' dir='ltr'>fuit3</span> <span class='ocrx_word' id='word_1_27' title='bbox 1857 357 1897 394; x_wconf 87' lang='lat' dir='ltr'>in</span> 
     </span>
     <span class='ocr_line' id='line_1_5' title="bbox 501 421 1894 480; baseline -0.005 -14"><span class='ocrx_word' id='word_1_28' title='bbox 501 442 589 473; x_wconf 86' lang='lat' dir='ltr'>me,</span> <span class='ocrx_word' id='word_1_29' title='bbox 622 428 691 480; x_wconf 86' lang='lat' dir='ltr'>qui</span> <span class='ocrx_word' id='word_1_30' title='bbox 722 425 914 480; x_wconf 59' lang='lat' dir='ltr'>profectus</span> <span class='ocrx_word' id='word_1_31' title='bbox 948 425 1032 465; x_wconf 88' lang='lat' dir='ltr'>sum</span> <span class='ocrx_word' id='word_1_32' title='bbox 1064 426 1235 478; x_wconf 84' lang='lat' dir='ltr'>integer,</span> <span class='ocrx_word' id='word_1_33' title='bbox 1267 423 1374 461; x_wconf 91' lang='lat' dir='ltr'>abfui</span> <span class='ocrx_word' id='word_1_34' title='bbox 1406 423 1519 461; x_wconf 88' lang='lat' dir='ltr'>fimul</span> <span class='ocrx_word' id='word_1_35' title='bbox 1549 437 1641 461; x_wconf 86' lang='lat' dir='ltr'>cum</span> <span class='ocrx_word' id='word_1_36' title='bbox 1673 421 1894 476; x_wconf 84' lang='lat' dir='ltr'>republica,</span> 
     </span>
     <span class='ocr_line' id='line_1_6' title="bbox 502 487 1899 546; baseline -0.005 -13"><span class='ocrx_word' id='word_1_37' title='bbox 502 495 596 534; x_wconf 90' lang='lat' dir='ltr'>redii</span> <span class='ocrx_word' id='word_1_38' title='bbox 617 495 787 533; x_wconf 83' lang='lat' dir='ltr'>maxima</span> <span class='ocrx_word' id='word_1_39' title='bbox 807 507 899 531; x_wconf 89' lang='lat' dir='ltr'>curn</span> <span class='ocrx_word' id='word_1_40' title='bbox 920 493 1107 546; x_wconf 86' lang='lat' dir='ltr'>dignitate</span> <span class='ocrx_word' id='word_1_41' title='bbox 1124 521 1135 537; x_wconf 98' lang='lat'>,</span> <span class='ocrx_word' id='word_1_42' title='bbox 1168 501 1204 529; x_wconf 94' lang='lat' dir='ltr'>te</span> <span class='ocrx_word' id='word_1_43' title='bbox 1230 492 1318 529; x_wconf 93' lang='lat' dir='ltr'>vivo</span> <span class='ocrx_word' id='word_1_44' title='bbox 1337 519 1348 535; x_wconf 92' lang='lat'>,</span> <span class='ocrx_word' id='word_1_45' title='bbox 1380 489 1493 528; x_wconf 90' lang='lat' dir='ltr'>fratre</span> <span class='ocrx_word' id='word_1_46' title='bbox 1521 500 1588 528; x_wconf 91' lang='lat' dir='ltr'>tuo</span> <span class='ocrx_word' id='word_1_47' title='bbox 1608 489 1725 528; x_wconf 82' lang='lat' dir='ltr'>altero</span> <span class='ocrx_word' id='word_1_48' title='bbox 1745 487 1899 527; x_wconf 87' lang='lat' dir='ltr'>consule</span> 
     </span>
     <span class='ocr_line' id='line_1_7' title="bbox 502 556 1914 612; baseline -0.005 -12"><span class='ocrx_word' id='word_1_49' title='bbox 502 563 721 606; x_wconf 86' lang='lat' dir='ltr'>reducente,</span> <span class='ocrx_word' id='word_1_50' title='bbox 753 561 871 598; x_wconf 91' lang='lat' dir='ltr'>altero</span> <span class='ocrx_word' id='word_1_51' title='bbox 892 568 1051 612; x_wconf 86' lang='lat' dir='ltr'>praetore</span> <span class='ocrx_word' id='word_1_52' title='bbox 1070 567 1238 612; x_wconf 89' lang='lat' dir='ltr'>petente,</span> <span class='ocrx_word' id='word_1_53' title='bbox 1270 566 1382 595; x_wconf 89' lang='lat' dir='ltr'>tuum</span> <span class='ocrx_word' id='word_1_54' title='bbox 1404 557 1524 595; x_wconf 89' lang='lat' dir='ltr'>scelus</span> <span class='ocrx_word' id='word_1_55' title='bbox 1554 570 1688 595; x_wconf 84' lang='lat' dir='ltr'>meum</span> <span class='ocrx_word' id='word_1_56' title='bbox 1710 556 1914 610; x_wconf 49' lang='lat' dir='ltr'>probrum&gt;</span> 
     </span>
     <span class='ocr_line' id='line_1_8' title="bbox 501 627 927 683; baseline -0.007 -16"><span class='ocrx_word' id='word_1_57' title='bbox 501 638 611 683; x_wconf 84' lang='lat' dir='ltr'>putas</span> <span class='ocrx_word' id='word_1_58' title='bbox 632 628 702 666; x_wconf 81' lang='lat' dir='ltr'>effe</span> <span class='ocrx_word' id='word_1_59' title='bbox 721 635 896 680; x_wconf 87' lang='lat' dir='ltr'>oportere</span> <span class='ocrx_word' id='word_1_60' title='bbox 913 627 927 664; x_wconf 87' lang='lat'>?</span> 
     </span>
    </p>

    <p class='ocr_par' dir='ltr' id='par_1_3' title="bbox 503 689 1905 1476">
     <span class='ocr_line' id='line_1_9' title="bbox 557 689 1895 745; baseline -0.005 -12"><span class='ocrx_word' id='word_1_61' title='bbox 557 698 632 740; x_wconf 92' lang='lat' dir='ltr'>Ac,</span> <span class='ocrx_word' id='word_1_62' title='bbox 664 695 688 732; x_wconf 84' lang='lat' dir='ltr'>fi</span> <span class='ocrx_word' id='word_1_63' title='bbox 722 707 786 732; x_wconf 90' lang='lat' dir='ltr'>me</span> <span class='ocrx_word' id='word_1_64' title='bbox 815 692 981 745; x_wconf 79' lang='lat' dir='ltr'>populus</span> <span class='ocrx_word' id='word_1_65' title='bbox 1013 692 1230 735; x_wconf 88' lang='lat' dir='ltr'>Romanus,</span> <span class='ocrx_word' id='word_1_66' title='bbox 1261 690 1443 728; x_wconf 84' lang='lat' dir='ltr'>incitatus</span> <span class='ocrx_word' id='word_1_67' title='bbox 1475 690 1669 728; x_wconf 86' lang='lat' dir='ltr'>iracundia</span> <span class='ocrx_word' id='word_1_68' title='bbox 1699 697 1764 727; x_wconf 89' lang='lat' dir='ltr'>aut</span> <span class='ocrx_word' id='word_1_69' title='bbox 1795 689 1895 727; x_wconf 87' lang='lat' dir='ltr'>invi-</span> 
     </span>
     <span class='ocr_line' id='line_1_10' title="bbox 504 755 1899 810; baseline -0.005 -12"><span class='ocrx_word' id='word_1_70' title='bbox 504 761 564 798; x_wconf 91' lang='lat' dir='ltr'>dia</span> <span class='ocrx_word' id='word_1_71' title='bbox 581 790 591 805; x_wconf 91' lang='lat'>‚</span> <span class='ocrx_word' id='word_1_72' title='bbox 623 774 643 798; x_wconf 91' lang='lat' dir='ltr'>e</span> <span class='ocrx_word' id='word_1_73' title='bbox 664 759 817 797; x_wconf 91' lang='lat' dir='ltr'>civitate</span> <span class='ocrx_word' id='word_1_74' title='bbox 837 756 999 810; x_wconf 83' lang='lat' dir='ltr'>ejeciffet</span> <span class='ocrx_word' id='word_1_75' title='bbox 1018 784 1029 801; x_wconf 93' lang='lat'>,</span> <span class='ocrx_word' id='word_1_76' title='bbox 1060 756 1244 807; x_wconf 85' lang='lat' dir='ltr'>idemque</span> <span class='ocrx_word' id='word_1_77' title='bbox 1263 755 1390 806; x_wconf 89' lang='lat' dir='ltr'>postea</span> <span class='ocrx_word' id='word_1_78' title='bbox 1406 783 1417 799; x_wconf 92' lang='lat'>‚</span> <span class='ocrx_word' id='word_1_79' title='bbox 1450 768 1535 792; x_wconf 88' lang='lat' dir='ltr'>mea</span> <span class='ocrx_word' id='word_1_80' title='bbox 1555 755 1595 792; x_wconf 91' lang='lat' dir='ltr'>in</span> <span class='ocrx_word' id='word_1_81' title='bbox 1615 755 1899 807; x_wconf 87' lang='lat' dir='ltr'>rempublicam</span> 
     </span>
     <span class='ocr_line' id='line_1_11' title="bbox 504 820 1899 874; baseline -0.006 -9"><span class='ocrx_word' id='word_1_82' title='bbox 504 826 689 865; x_wconf 91' lang='lat' dir='ltr'>beneficia</span> <span class='ocrx_word' id='word_1_83' title='bbox 710 824 926 863; x_wconf 89' lang='lat' dir='ltr'>recordatus</span> <span class='ocrx_word' id='word_1_84' title='bbox 939 852 951 868; x_wconf 92' lang='lat'>,</span> <span class='ocrx_word' id='word_1_85' title='bbox 982 822 1018 861; x_wconf 90' lang='lat' dir='ltr'>se</span> <span class='ocrx_word' id='word_1_86' title='bbox 1037 820 1249 874; x_wconf 86' lang='lat' dir='ltr'>collegiffet</span> <span class='ocrx_word' id='word_1_87' title='bbox 1262 849 1273 866; x_wconf 92' lang='lat'>,</span> <span class='ocrx_word' id='word_1_88' title='bbox 1304 820 1564 858; x_wconf 87' lang='lat' dir='ltr'>temeritatem</span> <span class='ocrx_word' id='word_1_89' title='bbox 1584 830 1698 872; x_wconf 88' lang='lat' dir='ltr'>atque</span> <span class='ocrx_word' id='word_1_90' title='bbox 1718 821 1899 872; x_wconf 86' lang='lat' dir='ltr'>injuriam</span> 
     </span>
     <span class='ocr_line' id='line_1_12' title="bbox 504 886 1903 942; baseline -0.005 -9"><span class='ocrx_word' id='word_1_91' title='bbox 504 895 609 932; x_wconf 87' lang='lat' dir='ltr'>suam</span> <span class='ocrx_word' id='word_1_92' title='bbox 632 893 869 932; x_wconf 88' lang='lat' dir='ltr'>restitutione</span> <span class='ocrx_word' id='word_1_93' title='bbox 890 903 976 929; x_wconf 91' lang='lat' dir='ltr'>mea</span> <span class='ocrx_word' id='word_1_94' title='bbox 994 887 1295 942; x_wconf 82' lang='lat' dir='ltr'>reprehendiffet</span> <span class='ocrx_word' id='word_1_95' title='bbox 1310 906 1322 933; x_wconf 69' lang='grc' dir='ltr'><strong><em>ς</em></strong></span> <span class='ocrx_word' id='word_1_96' title='bbox 1344 896 1473 925; x_wconf 87' lang='lat' dir='ltr'>tamen</span> <span class='ocrx_word' id='word_1_97' title='bbox 1493 886 1665 940; x_wconf 64' lang='lat' dir='ltr'>profecto</span> <span class='ocrx_word' id='word_1_98' title='bbox 1685 900 1802 925; x_wconf 83' lang='lat' dir='ltr'>nemo</span> <span class='ocrx_word' id='word_1_99' title='bbox 1821 896 1903 926; x_wconf 87' lang='lat' dir='ltr'>tam</span> 
     </span>
     <span class='ocr_line' id='line_1_13' title="bbox 503 953 1902 1010; baseline -0.007 -11"><span class='ocrx_word' id='word_1_100' title='bbox 503 961 592 999; x_wconf 78' lang='lat' dir='ltr'>effet</span> <span class='ocrx_word' id='word_1_101' title='bbox 622 972 769 1003; x_wconf 84' lang='lat' dir='ltr'>amens,</span> <span class='ocrx_word' id='word_1_102' title='bbox 801 957 870 1010; x_wconf 91' lang='lat' dir='ltr'>qui</span> <span class='ocrx_word' id='word_1_103' title='bbox 900 955 1002 995; x_wconf 89' lang='lat' dir='ltr'>mihi</span> <span class='ocrx_word' id='word_1_104' title='bbox 1028 955 1165 1009; x_wconf 90' lang='lat' dir='ltr'>populi</span> <span class='ocrx_word' id='word_1_105' title='bbox 1196 954 1271 992; x_wconf 89' lang='lat' dir='ltr'>tale</span> <span class='ocrx_word' id='word_1_106' title='bbox 1290 953 1489 1005; x_wconf 89' lang='lat' dir='ltr'>judicium</span> <span class='ocrx_word' id='word_1_107' title='bbox 1517 967 1596 990; x_wconf 91' lang='lat' dir='ltr'>non</span> <span class='ocrx_word' id='word_1_108' title='bbox 1622 953 1802 1006; x_wconf 85' lang='lat' dir='ltr'>dignitati</span> <span class='ocrx_word' id='word_1_109' title='bbox 1829 966 1902 1005; x_wconf 89' lang='lat' dir='ltr'>po-</span> 
     </span>
     <span class='ocr_line' id='line_1_14' title="bbox 504 1018 1903 1078; baseline -0.006 -13"><span class='ocrx_word' id='word_1_110' title='bbox 504 1028 579 1066; x_wconf 85' lang='lat' dir='ltr'>tius</span> <span class='ocrx_word' id='word_1_111' title='bbox 598 1056 609 1071; x_wconf 93' lang='lat'>,</span> <span class='ocrx_word' id='word_1_112' title='bbox 640 1039 759 1078; x_wconf 88' lang='lat' dir='ltr'>quam</span> <span class='ocrx_word' id='word_1_113' title='bbox 787 1023 979 1068; x_wconf 89' lang='lat' dir='ltr'>dedecori,</span> <span class='ocrx_word' id='word_1_114' title='bbox 1011 1030 1162 1075; x_wconf 89' lang='lat' dir='ltr'>putaret</span> <span class='ocrx_word' id='word_1_115' title='bbox 1193 1020 1263 1059; x_wconf 82' lang='lat' dir='ltr'>effe</span> <span class='ocrx_word' id='word_1_116' title='bbox 1289 1028 1479 1072; x_wconf 84' lang='lat' dir='ltr'>oportere.</span> <span class='ocrx_word' id='word_1_117' title='bbox 1511 1018 1633 1057; x_wconf 88' lang='lat' dir='ltr'>Nunc</span> <span class='ocrx_word' id='word_1_118' title='bbox 1664 1033 1779 1064; x_wconf 89' lang='lat' dir='ltr'>vero,</span> <span class='ocrx_word' id='word_1_119' title='bbox 1811 1032 1903 1057; x_wconf 88' lang='lat' dir='ltr'>cum</span> 
     </span>
     <span class='ocr_line' id='line_1_15' title="bbox 504 1085 1904 1144; baseline -0.006 -13"><span class='ocrx_word' id='word_1_120' title='bbox 504 1107 567 1132; x_wconf 87' lang='lat' dir='ltr'>me</span> <span class='ocrx_word' id='word_1_121' title='bbox 587 1093 626 1130; x_wconf 90' lang='lat' dir='ltr'>in</span> <span class='ocrx_word' id='word_1_122' title='bbox 642 1091 839 1144; x_wconf 88' lang='lat' dir='ltr'>judicium</span> <span class='ocrx_word' id='word_1_123' title='bbox 860 1089 997 1142; x_wconf 90' lang='lat' dir='ltr'>populi</span> <span class='ocrx_word' id='word_1_124' title='bbox 1016 1101 1133 1127; x_wconf 89' lang='lat' dir='ltr'>nemo</span> <span class='ocrx_word' id='word_1_125' title='bbox 1152 1087 1334 1126; x_wconf 89' lang='lat' dir='ltr'>omnium</span> <span class='ocrx_word' id='word_1_126' title='bbox 1354 1085 1526 1129; x_wconf 84' lang='lat' dir='ltr'>vocarit3</span> <span class='ocrx_word' id='word_1_127' title='bbox 1555 1085 1806 1124; x_wconf 88' lang='lat' dir='ltr'>condemnari</span> <span class='ocrx_word' id='word_1_128' title='bbox 1826 1098 1904 1123; x_wconf 89' lang='lat' dir='ltr'>non</span> 
     </span>
     <span class='ocr_line' id='line_1_16' title="bbox 506 1152 1905 1212; baseline -0.006 -14"><span class='ocrx_word' id='word_1_129' title='bbox 506 1159 716 1212; x_wconf 87' lang='lat' dir='ltr'>potuerim,</span> <span class='ocrx_word' id='word_1_130' title='bbox 748 1157 817 1210; x_wconf 89' lang='lat' dir='ltr'>qui</span> <span class='ocrx_word' id='word_1_131' title='bbox 837 1155 1032 1194; x_wconf 89' lang='lat' dir='ltr'>accusatus</span> <span class='ocrx_word' id='word_1_132' title='bbox 1053 1169 1132 1193; x_wconf 91' lang='lat' dir='ltr'>non</span> <span class='ocrx_word' id='word_1_133' title='bbox 1156 1154 1225 1192; x_wconf 89' lang='lat' dir='ltr'>fim</span> <span class='ocrx_word' id='word_1_134' title='bbox 1245 1172 1257 1198; x_wconf 78' lang='lat'>3</span> <span class='ocrx_word' id='word_1_135' title='bbox 1290 1153 1456 1205; x_wconf 90' lang='lat' dir='ltr'>denique</span> <span class='ocrx_word' id='word_1_136' title='bbox 1477 1166 1524 1190; x_wconf 92' lang='lat' dir='ltr'>ne</span> <span class='ocrx_word' id='word_1_137' title='bbox 1543 1152 1723 1206; x_wconf 84' lang='lat' dir='ltr'>expulsus</span> <span class='ocrx_word' id='word_1_138' title='bbox 1744 1152 1905 1205; x_wconf 90' lang='lat' dir='ltr'>quidem</span> 
     </span>
     <span class='ocr_line' id='line_1_17' title="bbox 505 1217 1903 1273; baseline -0.006 -10"><span class='ocrx_word' id='word_1_139' title='bbox 505 1227 558 1264; x_wconf 86' lang='lat' dir='ltr'>ita</span> <span class='ocrx_word' id='word_1_140' title='bbox 578 1226 662 1269; x_wconf 86' lang='lat' dir='ltr'>fim,</span> <span class='ocrx_word' id='word_1_141' title='bbox 694 1234 750 1268; x_wconf 92' lang='lat' dir='ltr'>ut,</span> <span class='ocrx_word' id='word_1_142' title='bbox 783 1223 808 1260; x_wconf 89' lang='lat' dir='ltr'>fi</span> <span class='ocrx_word' id='word_1_143' title='bbox 829 1221 1120 1266; x_wconf 87' lang='lat' dir='ltr'>contenderem,</span> <span class='ocrx_word' id='word_1_144' title='bbox 1149 1221 1321 1273; x_wconf 87' lang='lat' dir='ltr'>superare</span> <span class='ocrx_word' id='word_1_145' title='bbox 1341 1232 1419 1256; x_wconf 91' lang='lat' dir='ltr'>non</span> <span class='ocrx_word' id='word_1_146' title='bbox 1446 1217 1592 1270; x_wconf 83' lang='lat' dir='ltr'>poffem</span> <span class='ocrx_word' id='word_1_147' title='bbox 1609 1237 1621 1263; x_wconf 77' lang='lat'><em>3</em></span> <span class='ocrx_word' id='word_1_148' title='bbox 1654 1227 1864 1270; x_wconf 85' lang='lat' dir='ltr'>contraque</span> <span class='ocrx_word' id='word_1_149' title='bbox 1883 1230 1903 1254; x_wconf 91' lang='lat' dir='ltr'>a</span> 
     </span>
     <span class='ocr_line' id='line_1_18' title="bbox 506 1283 1901 1344; baseline -0.006 -15"><span class='ocrx_word' id='word_1_150' title='bbox 506 1291 652 1344; x_wconf 90' lang='lat' dir='ltr'>populo</span> <span class='ocrx_word' id='word_1_151' title='bbox 684 1291 864 1328; x_wconf 85' lang='lat' dir='ltr'>Romano</span> <span class='ocrx_word' id='word_1_152' title='bbox 895 1288 1042 1340; x_wconf 91' lang='lat' dir='ltr'>semper</span> <span class='ocrx_word' id='word_1_153' title='bbox 1073 1286 1143 1324; x_wconf 87' lang='lat' dir='ltr'>fim</span> <span class='ocrx_word' id='word_1_154' title='bbox 1170 1284 1370 1328; x_wconf 89' lang='lat' dir='ltr'>defensus,</span> <span class='ocrx_word' id='word_1_155' title='bbox 1402 1283 1686 1336; x_wconf 88' lang='lat' dir='ltr'>amplificatus,</span> <span class='ocrx_word' id='word_1_156' title='bbox 1718 1292 1901 1322; x_wconf 86' lang='lat' dir='ltr'>ornatus:</span> 
     </span>
     <span class='ocr_line' id='line_1_19' title="bbox 507 1349 1902 1409; baseline -0.006 -14"><span class='ocrx_word' id='word_1_157' title='bbox 507 1358 603 1409; x_wconf 89' lang='lat' dir='ltr'>quid</span> <span class='ocrx_word' id='word_1_158' title='bbox 634 1356 700 1401; x_wconf 85' lang='lat' dir='ltr'>est,</span> <span class='ocrx_word' id='word_1_159' title='bbox 732 1367 848 1408; x_wconf 89' lang='lat' dir='ltr'>quare</span> <span class='ocrx_word' id='word_1_160' title='bbox 878 1352 1084 1406; x_wconf 88' lang='lat' dir='ltr'>quisquam</span> <span class='ocrx_word' id='word_1_161' title='bbox 1116 1350 1218 1390; x_wconf 86' lang='lat' dir='ltr'>mihi</span> <span class='ocrx_word' id='word_1_162' title='bbox 1243 1351 1278 1390; x_wconf 90' lang='lat' dir='ltr'>se</span> <span class='ocrx_word' id='word_1_163' title='bbox 1305 1350 1382 1404; x_wconf 85' lang='lat' dir='ltr'>ipsa</span> <span class='ocrx_word' id='word_1_164' title='bbox 1407 1349 1586 1403; x_wconf 87' lang='lat' dir='ltr'>populari</span> <span class='ocrx_word' id='word_1_165' title='bbox 1616 1350 1762 1388; x_wconf 86' lang='lat' dir='ltr'>ratione</span> <span class='ocrx_word' id='word_1_166' title='bbox 1794 1358 1902 1388; x_wconf 86' lang='lat' dir='ltr'>ante-</span> 
     </span>
     <span class='ocr_line' id='line_1_20' title="bbox 507 1422 659 1476; baseline -0.013 -15"><span class='ocrx_word' id='word_1_167' title='bbox 507 1432 624 1476; x_wconf 86' lang='lat' dir='ltr'>ponat</span> <span class='ocrx_word' id='word_1_168' title='bbox 647 1422 659 1459; x_wconf 89' lang='lat'>?</span> 
     </span>
    </p>

    <p class='ocr_par' dir='ltr' id='par_1_4' title="bbox 505 1481 1908 2067">
     <span class='ocr_line' id='line_1_21' title="bbox 562 1481 1907 1539; baseline -0.005 -13"><span class='ocrx_word' id='word_1_169' title='bbox 562 1490 626 1526; x_wconf 85' lang='lat' dir='ltr'>An</span> <span class='ocrx_word' id='word_1_170' title='bbox 655 1498 696 1526; x_wconf 90' lang='lat' dir='ltr'>tu</span> <span class='ocrx_word' id='word_1_171' title='bbox 724 1486 915 1539; x_wconf 90' lang='lat' dir='ltr'>populum</span> <span class='ocrx_word' id='word_1_172' title='bbox 943 1485 1170 1522; x_wconf 87' lang='lat' dir='ltr'>Romanum</span> <span class='ocrx_word' id='word_1_173' title='bbox 1195 1482 1267 1521; x_wconf 84' lang='lat' dir='ltr'>effe</span> <span class='ocrx_word' id='word_1_174' title='bbox 1291 1483 1406 1521; x_wconf 89' lang='lat' dir='ltr'>illum</span> <span class='ocrx_word' id='word_1_175' title='bbox 1433 1492 1543 1535; x_wconf 88' lang='lat' dir='ltr'>putas</span> <span class='ocrx_word' id='word_1_176' title='bbox 1561 1511 1572 1527; x_wconf 94' lang='lat'>,</span> <span class='ocrx_word' id='word_1_177' title='bbox 1604 1483 1674 1534; x_wconf 90' lang='lat' dir='ltr'>qui</span> <span class='ocrx_word' id='word_1_178' title='bbox 1693 1481 1840 1520; x_wconf 87' lang='lat' dir='ltr'>constat</span> <span class='ocrx_word' id='word_1_179' title='bbox 1859 1494 1907 1519; x_wconf 84' lang='lat' dir='ltr'>ex</span> 
     </span>
     <span class='ocr_line' id='line_1_22' title="bbox 505 1547 1907 1608; baseline -0.005 -15"><span class='ocrx_word' id='word_1_180' title='bbox 505 1556 566 1601; x_wconf 88' lang='lat' dir='ltr'>iis,</span> <span class='ocrx_word' id='word_1_181' title='bbox 589 1555 657 1608; x_wconf 90' lang='lat' dir='ltr'>qui</span> <span class='ocrx_word' id='word_1_182' title='bbox 678 1553 852 1592; x_wconf 89' lang='lat' dir='ltr'>mercede</span> <span class='ocrx_word' id='word_1_183' title='bbox 873 1551 1176 1590; x_wconf 87' lang='lat' dir='ltr'>conducuntur?</span> <span class='ocrx_word' id='word_1_184' title='bbox 1204 1550 1273 1602; x_wconf 91' lang='lat' dir='ltr'>qui</span> <span class='ocrx_word' id='word_1_185' title='bbox 1292 1549 1563 1602; x_wconf 90' lang='lat' dir='ltr'>impelluntur,</span> <span class='ocrx_word' id='word_1_186' title='bbox 1585 1558 1629 1587; x_wconf 91' lang='lat' dir='ltr'>ut</span> <span class='ocrx_word' id='word_1_187' title='bbox 1649 1549 1729 1587; x_wconf 88' lang='lat' dir='ltr'>vim</span> <span class='ocrx_word' id='word_1_188' title='bbox 1750 1547 1907 1586; x_wconf 85' lang='lat' dir='ltr'>afferant</span> 
     </span>
     <span class='ocr_line' id='line_1_23' title="bbox 507 1615 1906 1675; baseline -0.006 -14"><span class='ocrx_word' id='word_1_189' title='bbox 507 1621 791 1675; x_wconf 84' lang='lat' dir='ltr'>magistratibus</span> <span class='ocrx_word' id='word_1_190' title='bbox 809 1638 820 1664; x_wconf 69' lang='grc' dir='ltr'><strong><em>ς</em></strong></span> <span class='ocrx_word' id='word_1_191' title='bbox 853 1627 896 1657; x_wconf 90' lang='lat' dir='ltr'>ut</span> <span class='ocrx_word' id='word_1_192' title='bbox 916 1618 1112 1657; x_wconf 88' lang='lat' dir='ltr'>obfideant</span> <span class='ocrx_word' id='word_1_193' title='bbox 1132 1616 1303 1655; x_wconf 88' lang='lat' dir='ltr'>senatum</span> <span class='ocrx_word' id='word_1_194' title='bbox 1321 1635 1332 1661; x_wconf 89' lang='lat'>;</span> <span class='ocrx_word' id='word_1_195' title='bbox 1365 1625 1502 1669; x_wconf 89' lang='lat' dir='ltr'>optent</span> <span class='ocrx_word' id='word_1_196' title='bbox 1529 1616 1704 1668; x_wconf 90' lang='lat' dir='ltr'>quotidie</span> <span class='ocrx_word' id='word_1_197' title='bbox 1730 1615 1874 1654; x_wconf 81' lang='lat' dir='ltr'>caedem</span> <span class='ocrx_word' id='word_1_198' title='bbox 1894 1643 1906 1660; x_wconf 95' lang='lat'>,</span> 
     </span>
     <span class='ocr_line' id='line_1_24' title="bbox 508 1681 1906 1739; baseline -0.006 -12"><span class='ocrx_word' id='word_1_199' title='bbox 508 1688 686 1727; x_wconf 87' lang='lat' dir='ltr'>incendia</span> <span class='ocrx_word' id='word_1_200' title='bbox 703 1716 713 1732; x_wconf 92' lang='lat'><em>‚</em></span> <span class='ocrx_word' id='word_1_201' title='bbox 756 1686 903 1739; x_wconf 88' lang='lat' dir='ltr'>rapinas</span> <span class='ocrx_word' id='word_1_202' title='bbox 921 1685 933 1721; x_wconf 87' lang='lat'>?</span> <span class='ocrx_word' id='word_1_203' title='bbox 975 1697 1093 1737; x_wconf 88' lang='lat' dir='ltr'>quem</span> <span class='ocrx_word' id='word_1_204' title='bbox 1132 1692 1175 1720; x_wconf 90' lang='lat' dir='ltr'>tu</span> <span class='ocrx_word' id='word_1_205' title='bbox 1209 1692 1338 1721; x_wconf 88' lang='lat' dir='ltr'>tamen</span> <span class='ocrx_word' id='word_1_206' title='bbox 1378 1683 1568 1735; x_wconf 88' lang='lat' dir='ltr'>populum</span> <span class='ocrx_word' id='word_1_207' title='bbox 1585 1711 1598 1727; x_wconf 88' lang='lat'>‚</span> <span class='ocrx_word' id='word_1_208' title='bbox 1638 1682 1706 1720; x_wconf 90' lang='lat' dir='ltr'>nifi</span> <span class='ocrx_word' id='word_1_209' title='bbox 1741 1681 1906 1719; x_wconf 87' lang='lat' dir='ltr'>tabernis</span> 
     </span>
     <span class='ocr_line' id='line_1_25' title="bbox 509 1747 1906 1806; baseline -0.007 -12"><span class='ocrx_word' id='word_1_210' title='bbox 509 1755 642 1793; x_wconf 82' lang='lat' dir='ltr'>claufis</span> <span class='ocrx_word' id='word_1_211' title='bbox 659 1784 671 1800; x_wconf 94' lang='lat'>,</span> <span class='ocrx_word' id='word_1_212' title='bbox 702 1753 944 1806; x_wconf 86' lang='lat' dir='ltr'>frequentare</span> <span class='ocrx_word' id='word_1_213' title='bbox 972 1764 1051 1789; x_wconf 89' lang='lat' dir='ltr'>non</span> <span class='ocrx_word' id='word_1_214' title='bbox 1071 1758 1219 1802; x_wconf 89' lang='lat' dir='ltr'>poteras</span> <span class='ocrx_word' id='word_1_215' title='bbox 1240 1764 1248 1787; x_wconf 90' lang='lat'>:</span> <span class='ocrx_word' id='word_1_216' title='bbox 1281 1749 1344 1786; x_wconf 93' lang='lat' dir='ltr'>cui</span> <span class='ocrx_word' id='word_1_217' title='bbox 1366 1749 1512 1800; x_wconf 88' lang='lat' dir='ltr'>populo</span> <span class='ocrx_word' id='word_1_218' title='bbox 1533 1749 1646 1786; x_wconf 88' lang='lat' dir='ltr'>duces</span> <span class='ocrx_word' id='word_1_219' title='bbox 1676 1747 1877 1786; x_wconf 86' lang='lat' dir='ltr'>Lentidios</span> <span class='ocrx_word' id='word_1_220' title='bbox 1895 1775 1906 1792; x_wconf 91' lang='lat'>‚</span> 
     </span>
     <span class='ocr_line' id='line_1_26' title="bbox 510 1813 1906 1870; baseline -0.005 -11"><span class='ocrx_word' id='word_1_221' title='bbox 510 1822 675 1867; x_wconf 81' lang='lat' dir='ltr'>Lollios,</span> <span class='ocrx_word' id='word_1_222' title='bbox 699 1818 930 1870; x_wconf 86' lang='lat' dir='ltr'>Plaguleios,</span> <span class='ocrx_word' id='word_1_223' title='bbox 954 1816 1118 1868; x_wconf 88' lang='lat' dir='ltr'>Sergios,</span> <span class='ocrx_word' id='word_1_224' title='bbox 1140 1814 1372 1867; x_wconf 81' lang='lat' dir='ltr'>praefeceras.</span> <span class='ocrx_word' id='word_1_225' title='bbox 1407 1815 1444 1850; x_wconf 87' lang='lat' dir='ltr'>O</span> <span class='ocrx_word' id='word_1_226' title='bbox 1466 1813 1630 1866; x_wconf 89' lang='lat' dir='ltr'>speciem</span> <span class='ocrx_word' id='word_1_227' title='bbox 1653 1813 1906 1866; x_wconf 89' lang='lat' dir='ltr'>dignitatem-</span> 
     </span>
     <span class='ocr_line' id='line_1_27' title="bbox 511 1881 1908 1939; baseline -0.006 -15"><span class='ocrx_word' id='word_1_228' title='bbox 511 1900 586 1939; x_wconf 91' lang='lat' dir='ltr'>que</span> <span class='ocrx_word' id='word_1_229' title='bbox 607 1885 742 1939; x_wconf 90' lang='lat' dir='ltr'>populi</span> <span class='ocrx_word' id='word_1_230' title='bbox 764 1883 948 1927; x_wconf 90' lang='lat' dir='ltr'>Romani,</span> <span class='ocrx_word' id='word_1_231' title='bbox 980 1895 1097 1935; x_wconf 89' lang='lat' dir='ltr'>quam</span> <span class='ocrx_word' id='word_1_232' title='bbox 1118 1894 1239 1934; x_wconf 86' lang='lat' dir='ltr'>reges,</span> <span class='ocrx_word' id='word_1_233' title='bbox 1271 1894 1387 1932; x_wconf 89' lang='lat' dir='ltr'>quam</span> <span class='ocrx_word' id='word_1_234' title='bbox 1410 1881 1581 1918; x_wconf 82' lang='lat' dir='ltr'>nationes</span> <span class='ocrx_word' id='word_1_235' title='bbox 1602 1889 1753 1925; x_wconf 63' lang='lat' dir='ltr'>exterae,</span> <span class='ocrx_word' id='word_1_236' title='bbox 1786 1893 1908 1932; x_wconf 86' lang='lat' dir='ltr'>quam</span> 
     </span>
     <span class='ocr_line' id='line_1_28' title="bbox 511 1945 1908 2005; baseline -0.005 -15"><span class='ocrx_word' id='word_1_237' title='bbox 511 1962 642 2005; x_wconf 83' lang='lat' dir='ltr'>gentes</span> <span class='ocrx_word' id='word_1_238' title='bbox 666 1950 827 1994; x_wconf 82' lang='lat' dir='ltr'>ultimae,</span> <span class='ocrx_word' id='word_1_239' title='bbox 859 1948 1148 2002; x_wconf 86' lang='lat' dir='ltr'>pertimescunt,</span> <span class='ocrx_word' id='word_1_240' title='bbox 1180 1947 1477 1985; x_wconf 85' lang='lat' dir='ltr'>multitudinem</span> <span class='ocrx_word' id='word_1_241' title='bbox 1498 1945 1708 1984; x_wconf 86' lang='lat' dir='ltr'>hominum</span> <span class='ocrx_word' id='word_1_242' title='bbox 1728 1960 1775 1984; x_wconf 84' lang='lat' dir='ltr'>ex</span> <span class='ocrx_word' id='word_1_243' title='bbox 1796 1946 1908 1984; x_wconf 90' lang='lat' dir='ltr'>servis</span> 
     </span>
     <span class='ocr_line' id='line_1_29' title="bbox 511 2012 1703 2067; baseline -0.006 -11"><span class='ocrx_word' id='word_1_244' title='bbox 511 2017 726 2061; x_wconf 58' lang='lat' dir='ltr'>conduetis,</span> <span class='ocrx_word' id='word_1_245' title='bbox 757 2029 803 2054; x_wconf 88' lang='lat' dir='ltr'>ex</span> <span class='ocrx_word' id='word_1_246' title='bbox 824 2014 1058 2059; x_wconf 70' lang='lat' dir='ltr'>facinorosis,</span> <span class='ocrx_word' id='word_1_247' title='bbox 1089 2028 1136 2052; x_wconf 88' lang='lat' dir='ltr'>ex</span> <span class='ocrx_word' id='word_1_248' title='bbox 1157 2013 1373 2067; x_wconf 88' lang='lat' dir='ltr'>egentibus,</span> <span class='ocrx_word' id='word_1_249' title='bbox 1404 2021 1673 2064; x_wconf 85' lang='lat' dir='ltr'>congregatam</span> <span class='ocrx_word' id='word_1_250' title='bbox 1696 2012 1703 2049; x_wconf 81' lang='lat' dir='ltr'>l</span> 
     </span>
    </p>

    <p class='ocr_par' dir='ltr' id='par_1_5' title="bbox 513 2078 1966 2470">
     <span class='ocr_line' id='line_1_30' title="bbox 568 2078 1966 2134; baseline -0.005 -12"><span class='ocrx_word' id='word_1_251' title='bbox 568 2084 640 2123; x_wconf 90' lang='lat' dir='ltr'>Illa</span> <span class='ocrx_word' id='word_1_252' title='bbox 670 2082 746 2122; x_wconf 87' lang='lat' dir='ltr'>fuit</span> <span class='ocrx_word' id='word_1_253' title='bbox 779 2080 1032 2134; x_wconf 89' lang='lat' dir='ltr'>pulchritudo</span> <span class='ocrx_word' id='word_1_254' title='bbox 1063 2080 1199 2134; x_wconf 91' lang='lat' dir='ltr'>populi</span> <span class='ocrx_word' id='word_1_255' title='bbox 1231 2079 1415 2123; x_wconf 86' lang='lat' dir='ltr'>Romani,</span> <span class='ocrx_word' id='word_1_256' title='bbox 1449 2079 1514 2117; x_wconf 90' lang='lat' dir='ltr'>illa</span> <span class='ocrx_word' id='word_1_257' title='bbox 1544 2078 1684 2124; x_wconf 88' lang='lat' dir='ltr'>forma,</span> <span class='ocrx_word' id='word_1_258' title='bbox 1716 2092 1833 2131; x_wconf 86' lang='lat' dir='ltr'>quam</span> <span class='ocrx_word' id='word_1_259' title='bbox 1869 2078 1909 2116; x_wconf 88' lang='lat' dir='ltr'>in</span> <span class='ocrx_word' id='word_1_260' title='bbox 1963 2106 1966 2108; x_wconf 29' lang='lat' dir='ltr'>v</span> 
     </span>
     <span class='ocr_line' id='line_1_31' title="bbox 513 2145 1909 2203; baseline -0.005 -14"><span class='ocrx_word' id='word_1_261' title='bbox 513 2164 652 2203; x_wconf 89' lang='lat' dir='ltr'>campo</span> <span class='ocrx_word' id='word_1_262' title='bbox 673 2149 798 2188; x_wconf 89' lang='lat' dir='ltr'>vidisti</span> <span class='ocrx_word' id='word_1_263' title='bbox 820 2157 921 2192; x_wconf 86' lang='lat' dir='ltr'>tum,</span> <span class='ocrx_word' id='word_1_264' title='bbox 938 2160 1030 2185; x_wconf 89' lang='lat' dir='ltr'>cum</span> <span class='ocrx_word' id='word_1_265' title='bbox 1054 2147 1169 2185; x_wconf 88' lang='lat' dir='ltr'>etiam</span> <span class='ocrx_word' id='word_1_266' title='bbox 1192 2146 1263 2184; x_wconf 93' lang='lat' dir='ltr'>tibi</span> <span class='ocrx_word' id='word_1_267' title='bbox 1283 2154 1415 2184; x_wconf 86' lang='lat' dir='ltr'>contra</span> <span class='ocrx_word' id='word_1_268' title='bbox 1437 2145 1597 2189; x_wconf 88' lang='lat' dir='ltr'>senatus,</span> <span class='ocrx_word' id='word_1_269' title='bbox 1617 2145 1809 2197; x_wconf 90' lang='lat' dir='ltr'>totiusque</span> <span class='ocrx_word' id='word_1_270' title='bbox 1831 2146 1909 2183; x_wconf 88' lang='lat' dir='ltr'>Ita-</span> 
     </span>
     <span class='ocr_line' id='line_1_32' title="bbox 513 2211 1909 2264; baseline -0.006 -8"><span class='ocrx_word' id='word_1_271' title='bbox 513 2219 588 2262; x_wconf 85' lang='lat' dir='ltr'>liae,</span> <span class='ocrx_word' id='word_1_272' title='bbox 619 2216 883 2255; x_wconf 68' lang='lat' dir='ltr'>auctoritatem</span> <span class='ocrx_word' id='word_1_273' title='bbox 905 2223 942 2252; x_wconf 93' lang='lat' dir='ltr'>et</span> <span class='ocrx_word' id='word_1_274' title='bbox 963 2214 1133 2252; x_wconf 90' lang='lat' dir='ltr'>studium</span> <span class='ocrx_word' id='word_1_275' title='bbox 1154 2212 1307 2251; x_wconf 87' lang='lat' dir='ltr'>dicendi</span> <span class='ocrx_word' id='word_1_276' title='bbox 1330 2212 1488 2264; x_wconf 86' lang='lat' dir='ltr'>potestas</span> <span class='ocrx_word' id='word_1_277' title='bbox 1509 2211 1600 2250; x_wconf 88' lang='lat' dir='ltr'>fuit.</span> <span class='ocrx_word' id='word_1_278' title='bbox 1633 2211 1719 2256; x_wconf 90' lang='lat' dir='ltr'>Ille,</span> <span class='ocrx_word' id='word_1_279' title='bbox 1751 2211 1817 2249; x_wconf 89' lang='lat' dir='ltr'>ille</span> <span class='ocrx_word' id='word_1_280' title='bbox 1837 2224 1909 2264; x_wconf 86' lang='lat' dir='ltr'>po-</span> 
     </span>
     <span class='ocr_line' id='line_1_33' title="bbox 515 2278 1909 2338; baseline -0.006 -16"><span class='ocrx_word' id='word_1_281' title='bbox 515 2285 628 2338; x_wconf 88' lang='lat' dir='ltr'>pulus</span> <span class='ocrx_word' id='word_1_282' title='bbox 649 2284 701 2321; x_wconf 90' lang='lat' dir='ltr'>est</span> <span class='ocrx_word' id='word_1_283' title='bbox 722 2282 902 2321; x_wconf 84' lang='lat' dir='ltr'>dominus</span> <span class='ocrx_word' id='word_1_284' title='bbox 924 2294 1074 2333; x_wconf 88' lang='lat' dir='ltr'>regum,</span> <span class='ocrx_word' id='word_1_285' title='bbox 1106 2281 1228 2318; x_wconf 66' lang='lat' dir='ltr'>victor</span> <span class='ocrx_word' id='word_1_286' title='bbox 1247 2288 1360 2331; x_wconf 88' lang='lat' dir='ltr'>atque</span> <span class='ocrx_word' id='word_1_287' title='bbox 1381 2280 1590 2331; x_wconf 86' lang='lat' dir='ltr'>imperator</span> <span class='ocrx_word' id='word_1_288' title='bbox 1610 2278 1790 2316; x_wconf 90' lang='lat' dir='ltr'>omnium</span> <span class='ocrx_word' id='word_1_289' title='bbox 1811 2291 1909 2330; x_wconf 82' lang='lat' dir='ltr'>gen-</span> 
     </span>
     <span class='ocr_line' id='line_1_34' title="bbox 514 2344 1908 2402; baseline -0.006 -13"><span class='ocrx_word' id='word_1_290' title='bbox 514 2353 631 2395; x_wconf 86' lang='lat' dir='ltr'>tium,</span> <span class='ocrx_word' id='word_1_291' title='bbox 662 2362 781 2402; x_wconf 89' lang='lat' dir='ltr'>quem</span> <span class='ocrx_word' id='word_1_292' title='bbox 803 2348 872 2386; x_wconf 90' lang='lat' dir='ltr'>illo</span> <span class='ocrx_word' id='word_1_293' title='bbox 892 2347 1096 2385; x_wconf 84' lang='lat' dir='ltr'>clariffimo</span> <span class='ocrx_word' id='word_1_294' title='bbox 1117 2346 1191 2390; x_wconf 90' lang='lat' dir='ltr'>die,</span> <span class='ocrx_word' id='word_1_295' title='bbox 1223 2345 1413 2390; x_wconf 86' lang='lat' dir='ltr'>scelerate,</span> <span class='ocrx_word' id='word_1_296' title='bbox 1437 2344 1561 2382; x_wconf 89' lang='lat' dir='ltr'>vidisti</span> <span class='ocrx_word' id='word_1_297' title='bbox 1584 2354 1683 2389; x_wconf 89' lang='lat' dir='ltr'>tum,</span> <span class='ocrx_word' id='word_1_298' title='bbox 1705 2357 1798 2382; x_wconf 93' lang='lat' dir='ltr'>cum</span> <span class='ocrx_word' id='word_1_299' title='bbox 1819 2357 1908 2382; x_wconf 91' lang='lat' dir='ltr'>om-</span> 
     </span>
     <span class='ocr_line' id='line_1_35' title="bbox 516 2410 1908 2470; baseline -0.006 -14"><span class='ocrx_word' id='word_1_300' title='bbox 516 2431 582 2456; x_wconf 84' lang='lat' dir='ltr'>nes</span> <span class='ocrx_word' id='word_1_301' title='bbox 604 2416 794 2470; x_wconf 84' lang='lat' dir='ltr'>principes</span> <span class='ocrx_word' id='word_1_302' title='bbox 816 2414 1004 2460; x_wconf 85' lang='lat' dir='ltr'>civitatis,</span> <span class='ocrx_word' id='word_1_303' title='bbox 1034 2426 1168 2453; x_wconf 90' lang='lat' dir='ltr'>omnes</span> <span class='ocrx_word' id='word_1_304' title='bbox 1191 2412 1373 2452; x_wconf 88' lang='lat' dir='ltr'>ordinum</span> <span class='ocrx_word' id='word_1_305' title='bbox 1395 2420 1510 2464; x_wconf 85' lang='lat' dir='ltr'>atque</span> <span class='ocrx_word' id='word_1_306' title='bbox 1532 2420 1688 2450; x_wconf 85' lang='lat' dir='ltr'>aetatum</span> <span class='ocrx_word' id='word_1_307' title='bbox 1708 2410 1908 2453; x_wconf 85' lang='lat' dir='ltr'>omnium,</span> 
     </span>
    </p>
   </div>
  </div>
 </body>
</html>
