2212 2835
412 190 487 228 194
834 168 1234 208 ORATIO
1316 168 1392 206 111.

405 271 480 308 suis
497 270 649 323 ‘opibus
680 276 979 320 anteponerent3
1010 266 1050 304 id
1082 279 1209 304 nonne
1234 265 1420 304 divinitus
1446 263 1593 304 faetum
1619 265 1690 304 effe
1715 278 1790 319 pu-

402 336 522 374 tatis?
552 335 759 388 praesertim
787 335 854 387 qui
882 347 950 372 nos
978 347 1054 371 non
1082 333 1303 386 pugnando,
1335 331 1396 370 sed
1417 332 1592 377 tacendo,
1621 332 1793 385 superare

402 410 627 454 potuerunt.

456 468 509 506 X.
541 467 823 518 Qamobrem,
847 466 1033 518 Qirites,
1056 465 1240 518 quoniam
1261 465 1307 503 ad
1326 465 1458 503 omnia
1472 464 1686 517 pulvinaria
1702 463 1792 517 sup-

400 533 560 587 plicatio
580 534 730 572 decreta
749 533 814 578 est,
845 532 1074 571 celebratote
1093 532 1180 570 illos
1202 532 1281 569 dies
1302 545 1394 570 cum
1415 531 1644 585 conjugibus
1671 544 1714 568 ac
1741 530 1792 567 li-

402 599 501 638 beris
521 599 664 638 vestris.
697 599 804 637 Nam
825 598 942 636 multi
971 598 1064 651 saepe
1091 597 1253 636 honores
1281 598 1369 636 Diis
1397 597 1684 636 immortalibus
1700 596 1793 649 justi

400 664 525 703 habiti
555 666 643 704 sunt
673 678 716 703 ac
746 665 881 709 debiti,
913 664 973 702 sed
1004 663 1176 717 profe6³oe
1200 664 1377 716 justiores
1409 677 1624 717 nunquam.
1657 662 1793 715 Erepti

401 733 507 770 enim
528 732 614 771 estis
640 746 686 770 ex
712 731 970 770 crudeliffimo
997 745 1040 768 ac
1067 731 1282 769 miserrimo
1307 732 1480 776 interitu,
1510 741 1548 769 et
1573 731 1692 784 erepti
1715 729 1792 767 fine

401 797 516 843 caede,
546 797 623 835 fine
643 797 836 849 sanguine,
868 796 943 834 fine
963 797 1148 839 exercitu,
1180 796 1256 833 fine
1275 796 1523 835 dimicatione
1541 812 1549 834 :
1573 796 1706 848 togati,
1728 808 1791 832 me

401 877 479 901 uno
500 872 629 916 togato
649 863 747 900 duce
767 871 804 900 et
824 862 1066 914 imperatore,
1098 861 1253 899 vicistis.

455 930 616 967 Etenim
655 929 921 973 recordamini,
963 928 1150 979 Qirstes,
1191 940 1325 965 omnes
1365 926 1495 964 civiles
1534 925 1790 970 diffenfiones,

401 1008 526 1047 neque
561 995 685 1033 solum
719 1008 795 1038 eas,
829 1007 921 1046 quas
957 993 1126 1038 audistis,
1163 993 1224 1030 sed
1258 1002 1296 1030 et
1328 992 1410 1038 has,
1447 1005 1539 1045 quas
1575 991 1792 1045 vosmetipsi

399 1060 629 1099 meministis
650 1070 687 1098 et
706 1059 864 1098 vidistis.
896 1060 945 1097 L.
969 1059 1071 1111 Sylla
1092 1060 1135 1097 P.
1158 1059 1376 1112 Sulpicium
1396 1058 1599 1112 oppreffit;
1631 1072 1679 1097 ex
1697 1058 1793 1097 urbe

399 1127 509 1179 ejecit
527 1127 575 1165 C.
598 1126 789 1171 Marium,
809 1125 1006 1164 custodem
1026 1123 1142 1176 hujus
1164 1124 1268 1162 urbis
1281 1143 1294 1170 3
1316 1125 1537 1177 multosque
1555 1124 1671 1164 fortes
1693 1112 1792 1164 viro's

399 1193 540 1245 partim
561 1192 673 1244 ejecit
691 1205 739 1230 ex
758 1191 927 1235 civitate,
958 1190 1100 1243 partim
1121 1190 1332 1228 interemit.
1366 1191 1442 1228 Cn.
1466 1191 1663 1235 Ostavius,
1694 1204 1792 1228 con-

400 1259 471 1304 sul,
502 1259 616 1297 armis
647 1258 819 1296 exurbe
849 1257 1040 1309 collegam
1071 1257 1183 1295 suum
1215 1257 1393 1310 expulit:
1425 1257 1553 1295 omnis
1584 1256 1650 1295 hic
1682 1257 1789 1295 locus

398 1326 541 1364 acervis
561 1338 768 1378 corporum
789 1334 827 1362 et
846 1324 993 1362 civium
1014 1323 1194 1376 sanguine
1214 1324 1451 1362 redundavit.
1484 1324 1682 1377 Superavit
1700 1322 1789 1377 pos-

398 1402 459 1430 tea
487 1392 613 1430 Cinna
639 1405 731 1430 cum
760 1391 915 1429 Mario:
948 1400 1034 1428 tum
1065 1404 1168 1435 vero,
1199 1390 1412 1428 clarifiimis
1443 1391 1532 1428 viris
1564 1389 1788 1435 interfectis,

399 1458 549 1497 lumina
568 1458 732 1496 civitatis
753 1458 920 1495 extimeta
939 1456 1039 1494 sunt.
1072 1457 1190 1495 Ultus
1211 1456 1264 1494 est
1283 1455 1399 1509 hujus
1427 1457 1593 1495 vietoriae
1620 1457 1788 1495 crudeli-

399 1534 518 1562 tatem
539 1523 663 1577 postea
685 1523 804 1575 Sylla:
828 1535 875 1560 ne
895 1522 972 1560 dici
993 1522 1151 1574 quidem
1171 1535 1267 1575 opus
1287 1522 1352 1567 est,
1374 1531 1517 1575 quanta
1531 1522 1791 1561 diminutione

399 1591 559 1635 civium,
589 1599 627 1628 et
646 1598 789 1642 quanta
814 1588 1029 1626 calamitate
1053 1588 1288 1641 reipublicae.
1321 1587 1500 1627 Diffenfit
1527 1588 1590 1626 M.
1620 1589 1790 1641 Lepidus

399 1671 418 1694 a
437 1657 640 1695 clariffimo
659 1666 697 1695 et
717 1655 922 1694 fortiffimo
943 1656 1024 1694 viro
1045 1656 1265 1707 QCatulo
1284 1671 1293 1694 z
1325 1656 1456 1695 attulit
1476 1669 1553 1694 non
1575 1664 1654 1694 tam
1674 1655 1789 1709 ipsius

397 1724 571 1762 interitus
591 1723 812 1776 reipublicae
832 1722 998 1766 luctum,
1028 1734 1146 1773 quam
1167 1730 1408 1759 caeterorum.

454 1792 584 1842 Atque
609 1790 684 1827 illae
710 1787 946 1826 diffenfiones
973 1795 1080 1824 erant
1106 1785 1344 1838 hujusmodi,
1377 1786 1563 1837 Qirites‚
1595 1800 1679 1838 quae
1709 1799 1788 1824 non

397 1856 442 1893 ad
463 1855 679 1900 delendam,
710 1854 771 1892 sed
792 1854 838 1891 ad
862 1851 1194 1897 commutandam,
1227 1851 1508 1904 rempublicam
1536 1852 1785 1905 pertinerent.

399 1922 492 1960 Non
513 1922 572 1959 illi
592 1921 741 1959 nullam
761 1919 832 1958 effe
858 1919 1157 1972 rempublicam,
1186 1918 1249 1956 sed
1274 1919 1313 1956 in
1338 1932 1393 1963 ea,
1425 1932 1509 1971 quae
1528 1918 1629 1963 esset,
1661 1918 1696 1956 se
1716 1918 1789 1956 effe

396 1988 616 2041 principes;
648 1999 773 2039 neque
799 1985 898 2023 hanc
926 1986 1062 2023 urbem
1091 1984 1334 2037 conflagrare,
1366 1984 1428 2022 sed
1457 1985 1492 2022 se
1523 1985 1563 2022 in
1590 1983 1662 2022 hac
1694 1984 1788 2022 urbe

394 2054 540 2098 florere,
562 2053 779 2091 voluerunt.
803 2053 935 2103 Atque
954 2051 1029 2089 illae
1050 2060 1177 2089 tamen
1198 2064 1332 2088 omnes
1353 2050 1604 2096 diffenfiones,
1622 2064 1787 2103 quarum

394 2120 501 2158 nulla
521 2120 685 2158 exitium
707 2117 926 2170 reipublicae
947 2117 1132 2169 quaefivit,
1163 2116 1350 2168 ejusmodi
1371 2115 1539 2161 fuerunt,
1563 2125 1605 2154 ut
1627 2130 1703 2154 non
1725 2130 1786 2154 re-

394 2186 663 2225 conciliatione
701 2184 929 2228 concordiae,
968 2183 1030 2221 sed
1068 2183 1329 2221 internecione
1367 2183 1528 2227 civium,
1569 2183 1786 2235 dijudicatae

394 2253 478 2291 fint.
510 2253 555 2290 In
576 2251 652 2289 hoc
673 2260 801 2289 autem
823 2264 900 2288 uno
919 2249 1001 2303 post
1022 2249 1231 2287 hominum
1253 2249 1480 2287 memoriam
1502 2249 1675 2288 maximo
1694 2262 1784 2287 cru-

392 2319 659 2371 deliffimoque
691 2317 805 2362 bello,
838 2317 949 2369 quale
981 2316 1127 2354 bellum
1160 2315 1265 2353 nulla
1297 2329 1469 2368 unquam
1497 2316 1666 2354 barbaria
1692 2328 1784 2353 cum

392 2386 454 2423 sua
475 2395 588 2437 gente
609 2384 730 2437 gefiit,
762 2397 840 2436 quo
860 2384 900 2421 in
921 2382 1023 2421 bello
1043 2382 1103 2420 lex
1131 2381 1212 2420 haec
1234 2380 1309 2419 fuit
1338 2395 1358 2419 a
1386 2382 1569 2427 Lentulo,
1603 2382 1783 2424 Catilina,

393 2451 530 2495 Cassio,
562 2450 751 2503 Cethego,
782 2449 1001 2495 constituta,
1033 2457 1076 2488 ut
1095 2460 1243 2494 omneS,
1275 2447 1344 2502 qui
1365 2448 1462 2487 salva
1484 2448 1577 2486 urbe
1603 2446 1693 2485 salvi
1715 2445 1785 2484 effe
