2212 2835
492 225 567 264 322
1000 205 1402 244 ORATIO

489 308 637 345 summa
659 307 759 350 sunt,
791 319 836 343 ex
856 318 933 357 quo
954 303 1061 343 fonte
1088 303 1278 348 hauriam,
1309 303 1443 341 sentio.
1478 304 1604 348 Nam,
1637 303 1705 341 nifi
1733 303 1880 342 multo-

490 387 575 411 rum
597 373 810 425 praeceptis,
834 371 1043 423 multisque
1064 371 1199 415 literis,
1222 370 1321 409 mihi
1343 371 1388 409 ab
1410 370 1660 408 adolescentia
1680 369 1880 415 suafiffem,

488 439 587 477 nihil
619 439 689 477 effe
724 440 763 477 in
797 439 874 476 vita
904 451 1136 490 magnopere
1167 439 1451 490 expetendum,
1485 437 1552 474 nifi
1584 436 1739 474 laudem
1771 445 1884 488 atque

488 505 726 544 honestatem
744 524 755 550 ς
779 505 818 542 in
839 518 880 542 ea
901 513 1026 542 autem
1050 504 1305 557 persequenda
1327 517 1461 541 omnes
1484 504 1675 541 cruciatus
1697 502 1882 554 corporis,

488 574 620 610 omnia
639 572 809 625 pericula
824 572 974 615 mortis,
992 579 1107 622 atque
1122 569 1243 614 exilii,
1261 570 1366 622 parvi
1383 570 1453 607 effe
1469 568 1661 607 ducenda:
1681 582 1884 621 nunquam

489 654 552 678 me
573 653 641 692 pro
662 639 779 677 salute
799 638 916 675 vestra
935 638 976 675 in
997 646 1055 675 tot
1072 650 1113 674 ac
1136 646 1255 674 tantas
1277 636 1543 674 dimicationes
1561 664 1571 681 ,
1603 645 1718 687 atque
1745 636 1785 673 in
1812 634 1883 673 hos

488 706 780 760 profligatorum
807 702 1018 741 hominum
1046 702 1292 753 quotidianos
1318 703 1487 754 impetus
1505 730 1515 747 ,
1547 702 1781 753 objeciffem.
1815 701 1885 740 Sed

488 773 594 825 pleni
614 784 749 810 omnes
777 769 863 807 sunt
890 769 1007 812 libri,
1038 767 1160 820 plenae
1188 767 1417 819 sapientium
1443 781 1553 805 voces
1571 797 1582 812 ,
1614 768 1724 820 plena
1747 781 1881 806 exem·

489 839 643 891 plorum
664 835 825 875 vetustas
843 852 854 879 ς
888 848 973 886 quae
987 834 1158 886 jacerent
1178 832 1219 870 in
1240 832 1406 870 tenebris
1427 834 1572 877 onmia,
1595 833 1662 870 nifi
1684 834 1882 872 literarum

488 906 623 942 lumen
643 902 851 941 accederet.
885 901 1017 950 Qam
1039 898 1180 937 multas
1201 898 1313 936 nobis
1334 898 1522 951 imagines
1541 927 1551 943 ,
1584 911 1661 936 non
1688 898 1813 936 solum
1839 900 1885 937 ad

489 969 737 1014 intuendum,
769 980 902 1005 verum
937 966 1055 1004 etiam
1089 965 1136 1003 ad
1171 964 1422 1008 imitandum,
1454 963 1749 1003 fortiffimorum
1772 965 1884 1004 *viro-

489 1051 576 1075 rum
604 1035 786 1089 expressas
814 1033 1014 1086 scriptores
1041 1040 1080 1069 et
1107 1031 1235 1070 Graeci
1266 1039 1304 1068 et
1332 1031 1464 1068 Latini
1491 1031 1761 1084 reliquerunt?
1792 1045 1885 1084 quas

488 1118 559 1157 ego
595 1102 695 1142 mihi
728 1102 873 1154 semper
907 1100 947 1138 in
978 1098 1275 1137 administranda
1306 1097 1501 1150 republica
1532 1111 1765 1151 proponens,
1801 1100 1885 1137 ani-

489 1185 601 1210 mum
622 1180 658 1208 et
679 1177 851 1208 mentem
872 1180 998 1206 meam
1027 1165 1106 1219 ipsa
1128 1164 1361 1219 cogitatione
1381 1163 1591 1203 hominum
1611 1165 1887 1205 excellentium

487 1237 797 1277 conformabam.

545 1304 638 1341 VII.
673 1304 830 1353 Qaeret
850 1299 1040 1353 quispiam
1055 1327 1065 1343 ‚
1097 1300 1193 1352 quid
1211 1300 1224 1337 ?
1255 1299 1315 1337 illi
1335 1299 1403 1351 ips1
1426 1298 1569 1337 summi
1590 1300 1685 1344 viri,
1717 1313 1886 1352 quorum

491 1371 649 1409 virtutes
670 1368 790 1406 literis
811 1367 970 1420 proditae
991 1365 1106 1411 sunt,
1137 1366 1253 1404 istane
1274 1365 1445 1403 doctrina
1461 1395 1472 1411 ‚
1503 1379 1620 1418 qnam
1643 1375 1685 1404 tu
1706 1366 1886 1404 laudibus

489 1435 614 1480 effers,
633 1434 773 1473 eruditi
793 1433 948 1471 fuerunt
964 1433 976 1469 ?
1000 1432 1174 1470 Difficile
1193 1432 1246 1469 est
1265 1430 1341 1469 hoc
1362 1431 1409 1469 de
1428 1433 1611 1470 omnibus
1632 1432 1884 1472 confirmare:

490 1502 553 1541 sed
574 1511 703 1540 tamen
724 1499 776 1538 est
796 1508 946 1537 certum
963 1526 974 1543 ,
1006 1498 1100 1549 quid
1126 1497 1387 1550 respondeam.
1420 1498 1506 1550 Ego
1533 1499 1677 1537 multos
1705 1497 1885 1537 hommes

490 1566 694 1606 excellenti
716 1565 846 1605 animo
867 1577 909 1603 ac
929 1565 1072 1602 virtute
1091 1562 1202 1602 fuiffe
1219 1593 1230 1608 ‚
1262 1573 1300 1601 et
1326 1564 1402 1602 fine
1427 1564 1597 1602 doctrina
1615 1594 1626 1610 ,
1657 1573 1800 1603 naturae
1825 1565 1887 1618 ip-

490 1634 563 1672 sius
598 1632 734 1671 habitu
768 1645 886 1685 prope
920 1630 1066 1675 divino,
1098 1643 1166 1682 per
1199 1630 1336 1683 seipsos
1369 1639 1407 1669 et
1436 1631 1652 1670 moderatos
1686 1640 1723 1670 et
1756 1644 1887 1685 graves

490 1699 654 1739 extitiffe
668 1728 679 1745 ,
710 1698 856 1737 fateor:
888 1697 1005 1735 etiam
1025 1696 1124 1734 illud
1145 1696 1313 1748 adjungo
1328 1725 1338 1741 ‚
1370 1696 1503 1749 saepius
1530 1698 1576 1735 ad
1596 1697 1751 1735 laudem
1772 1706 1887 1750 atque

490 1768 675 1805 virtutem
697 1775 871 1804 naturam
892 1765 969 1802 fine
990 1762 1162 1801 doctrina
1178 1791 1189 1807 ‚
1222 1777 1339 1814 quam
1367 1763 1443 1800 fine
1464 1772 1598 1801 natura
1617 1763 1769 1802 valuiffe
1789 1764 1885 1802 doc-

491 1833 647 1872 trinam.
680 1833 813 1882 Atque
833 1829 937 1867 idem
957 1842 1030 1881 ego
1053 1828 1247 1866 contendo
1263 1857 1274 1872 ,
1306 1841 1399 1865 cum
1424 1828 1470 1866 ad
1498 1837 1673 1867 naturam
1701 1830 1887 1869 eximiam

491 1908 607 1951 atque
643 1896 831 1935 illustrem
865 1894 1056 1934 accesserit
1090 1895 1186 1933 ratio
1220 1894 1394 1946 quaedam
1426 1894 1762 1948 conformatioque
1792 1896 1886 1935 doc-

491 1966 600 2004 trinae
617 1982 629 2010 ς
656 1972 742 2001 tum
763 1961 861 2001 illud
881 1961 1007 2000 nescio
1026 1961 1120 2014 quid
1140 1960 1366 2013 praeclarum
1383 1974 1426 1999 ac
1445 1961 1631 2014 singulare
1652 1961 1768 2000 solere
1787 1962 1886 2001 exis-

493 2041 581 2070 tere.
618 2031 680 2069 Ex
700 2028 775 2067 hoc
795 2027 866 2067 effe
886 2026 992 2066 hunc
1019 2041 1182 2065 numero
1198 2056 1208 2072 ‚
1241 2041 1357 2079 quem
1387 2036 1510 2079 patres
1537 2027 1652 2066 nostri
1679 2028 1859 2068 viderunt
1875 2057 1886 2075 ,

491 2097 668 2136 divinum
689 2095 907 2140 hominem,
930 2093 1186 2133 Africanum:
1209 2107 1255 2132 ex
1276 2092 1352 2132 hoc
1374 2095 1421 2132 C.
1438 2094 1619 2139 Laelium,
1642 2096 1690 2133 L.
1708 2096 1887 2142 Furium,
1940 2126 1943 2128 -

494 2161 813 2203 moderatiflimos
833 2160 1013 2199 homines
1033 2169 1071 2198 et
1091 2159 1456 2199 continentiffimos:
1475 2173 1521 2199 ex
1542 2159 1617 2199 hoc
1638 2160 1890 2201 fortissimum

492 2231 646 2275 virum,
677 2238 715 2267 et
749 2228 825 2266 illis
861 2227 1101 2280 temporibus
1132 2226 1393 2265 doetiffimum
1412 2256 1422 2271 ‚
1459 2227 1522 2265 M.
1546 2227 1736 2266 Catonem
1771 2228 1886 2267 illum

495 2298 651 2337 senem:
686 2296 753 2348 qui
788 2293 974 2347 profesto,
1006 2293 1031 2332 fi
1067 2292 1167 2332 nihil
1202 2293 1247 2332 ad
1283 2294 1570 2347 percipiendam
1605 2295 1887 2348 colendamque

495 2365 680 2401 virtutem
712 2360 832 2400 literis
867 2359 1147 2413 adjuvarentur,
1179 2372 1379 2413 nunquam
1411 2359 1446 2398 se
1477 2360 1522 2400 ad
1553 2373 1685 2399 earum
1716 2360 1886 2399 studium

495 2426 754 2468 contulissent.

552 2493 671 2546 Qod
706 2493 732 2532 fi
766 2507 843 2533 non
879 2492 945 2533 hic
980 2501 1107 2533 tantus
1142 2492 1289 2533 fruetus
1321 2492 1591 2539 ostenderetur,
1623 2500 1661 2531 et
1691 2491 1717 2530 fi
1748 2504 1794 2530 ex
1824 2488 1886 2529 his
