2212 2835
646 188 736 226 DE
796 185 989 226 LEGE
1049 184 1404 224 AGRARIA.
1671 199 1740 238 145

345 286 515 339 Agraria,
548 299 632 338 quae
668 285 911 338 promulgata
944 285 1002 329 sit,
1036 284 1156 322 adimi
1192 283 1363 335 Syllanos
1398 295 1520 335 agros,
1555 280 1741 334 vobisque

343 353 478 397 dividi,
510 362 574 390 aut
595 352 761 403 denique
782 351 907 388 minui
929 350 1166 402 privatorum
1187 348 1441 401 poffeffiones,
1471 357 1514 385 ut
1534 348 1573 385 in
1595 360 1653 385 eas
1675 360 1739 384 vos

345 418 603 456 deducamini.
636 418 673 455 Si
694 416 862 460 ostendo,
895 429 972 452 non
995 414 1112 452 modo
1139 427 1217 451 non
1242 414 1360 451 adimi
1381 415 1564 465 cuiquam
1586 413 1740 465 glebam

345 484 392 521 de
412 484 573 535 Syllanis
594 483 706 534 agris,
738 482 801 519 sed
822 482 938 518 etiarn
959 493 1080 533 genus
1101 480 1141 516 id
1161 492 1341 531 agrorum
1362 488 1466 516 certo
1494 479 1619 531 capite
1646 478 1740 530 legis

345 549 672 603 impudentiffime
690 548 911 587 confirmari
931 556 1046 599 atque
1067 545 1223 590 sanciri;
1246 545 1272 582 fi
1293 545 1425 589 doceo,
1457 546 1555 596 agris
1575 544 1651 589 his,
1674 545 1740 596 qui

343 629 364 653 a
392 616 494 667 Sylla
520 615 607 654 sunt
634 615 726 660 dati,
759 615 808 653 fic
836 614 1040 666 diligenter
1068 611 1237 650 Rullum
1264 611 1326 648 sua
1352 611 1437 663 lege
1457 610 1668 654 consulere,
1701 618 1741 647 ut

344 682 456 720 facile
482 691 670 736 appareat,
702 695 786 720 earn
815 681 940 733 legem
967 692 1045 717 non
1072 692 1092 716 a
1118 677 1329 717 vestrorum
1353 677 1653 715 commodorum
1674 689 1741 729 pa-

345 757 470 794 trono,
493 736 589 787 seda
604 748 734 800 Valgii
750 760 904 800 genero,
926 744 997 783 effe
1013 744 1291 797 conscriptam:
1314 756 1410 781 num
1428 743 1522 795 quid
1540 741 1593 780 est
1609 741 1742 786 causae,

345 816 535 867 Qirites‚
567 815 662 868 quin
690 814 757 852 illa
782 812 1066 857 criminatione,
1097 824 1175 863 qua
1199 811 1239 848 in
1266 823 1330 848 me
1350 809 1546 848 absentem
1568 808 1654 847 usus
1675 809 1740 853 est,

345 896 423 920 non
445 882 568 920 solum
589 895 730 926 meam,
752 879 815 919 sed
830 879 946 918 etiam
964 878 1141 923 vestram,
1162 876 1405 930 diligentiam
1420 875 1743 930 prudentiamque

346 947 558 1001 despexerit
576 949 588 985 ?

403 1015 456 1052 ΙΙ.
491 1015 619 1067 Caput
638 1013 691 1052 est
709 1013 806 1066 legis
828 1025 901 1056 xr,
932 1011 979 1049 de
996 1024 1074 1063 quo
1094 1023 1165 1062 ego
1185 1008 1375 1053 consulto,
1408 1007 1596 1059 Qirites,
1619 1019 1744 1059 neque

348 1081 450 1134 apud
478 1095 543 1120 vos
571 1090 658 1118 ante
683 1079 759 1117 feci
786 1078 1042 1122 mentionem,
1073 1089 1121 1114 ne
1149 1084 1214 1113 aut
1240 1073 1417 1112 refricare
1437 1073 1645 1112 obdudmm
1661 1074 1744 1125 jam

348 1147 571 1200 reipublicae
601 1145 823 1184 cicatricem
847 1143 1005 1187 viderer,
1039 1151 1103 1179 aut
1129 1140 1277 1192 aliquid
1311 1139 1539 1177 alieniffimo
1573 1148 1746 1192 tempore

347 1211 455 1251 novae
474 1211 706 1250 diffenfionis
727 1222 987 1249 commovere.
1020 1207 1163 1259 Neque
1183 1219 1273 1243 vero
1293 1218 1397 1243 nunc
1417 1204 1504 1243 ideo
1525 1204 1743 1257 disputabo,

348 1279 453 1332 quod
472 1277 579 1317 hunc
599 1278 740 1316 statum
759 1276 982 1330 reipublicae
1002 1288 1080 1313 non
1101 1285 1335 1325 magnopere
1361 1270 1649 1310 defendendum
1670 1285 1745 1323 pu-

348 1355 429 1384 tem
446 1364 458 1391 ;
490 1345 697 1400 praesertim
724 1345 798 1397 ,qui
829 1343 900 1381 otii
931 1351 969 1380 et
999 1339 1213 1380 concordiae
1243 1347 1453 1391 patronum
1483 1351 1547 1376 me
1573 1338 1614 1375 in
1640 1336 1746 1375 hunc

349 1425 496 1451 annum
516 1411 738 1465 reipublicae
755 1408 939 1463 professus
956 1408 1023 1446 firn
1033 1426 1044 1452 ;
1068 1405 1144 1451 sed,
1162 1413 1205 1443 ut
1221 1405 1380 1443 doceam
1401 1403 1570 1442 Rullum
1591 1402 1746 1455 posthac

348 1479 391 1516 in
410 1477 472 1517 his
492 1478 626 1517 saltem
647 1487 770 1516 tacere
790 1476 918 1520 rebus,
940 1476 981 1513 in
1001 1474 1142 1527 quibus
1164 1471 1210 1510 de
1230 1470 1264 1509 se
1281 1480 1320 1508 et
1340 1470 1386 1508 de
1407 1470 1480 1508 suis
1501 1468 1609 1508 factis
1632 1469 1748 1507 taceri

351 1544 457 1583 velit.

409 1610 605 1648 Omnium
637 1609 769 1663 legum
801 1606 1094 1661 iniquiffimam,
1132 1603 1505 1654 diffimillimamque
1536 1601 1645 1654 legis,
1677 1600 1748 1639 effe

351 1677 513 1715 arbitror
533 1691 631 1722 eam,
663 1689 781 1729 quam
801 1677 849 1714 L.
874 1674 1051 1718 Flaccus,
1083 1673 1263 1715 interrex,
1294 1670 1341 1707 de
1362 1669 1463 1720 Sylla
1483 1668 1587 1712 tulit,
1610 1677 1653 1706 ut
1671 1681 1745 1706 om-

351 1744 426 1789 m‘a,
458 1757 673 1797 quaecunque
706 1743 761 1780 ille
781 1741 936 1795 feciſjbt,
967 1740 1069 1794 cffbnt
1103 1747 1204 1777 rata.
1246 1737 1368 1780 Nam,
1400 1749 1492 1773 cum
1528 1734 1671 1772 caeteris
1706 1734 1747 1771 in

351 1810 588 1854 civitatibus,
620 1808 788 1861 tyrannis
813 1807 1014 1852 institutis,
1045 1806 1146 1858 leges
1174 1817 1307 1842 omnes
1333 1802 1609 1854 extinguantur
1634 1808 1750 1852 atque

351 1876 548 1921 tollantur,
569 1874 635 1914 hic
657 1874 878 1927 reipublicae
899 1882 1106 1925 tyrannum
1127 1871 1211 1923 lege
1233 1867 1445 1907 constituit.
1478 1866 1544 1905 Est
1564 1865 1749 1904 invidiosa

353 1944 429 1989 lex,
465 1944 561 1983 ficut
595 1943 703 1987 dixi,
745 1950 994 1979 veruntamen
1028 1938 1145 1977 habet
1179 1936 1493 1975 excusationem.
1484 1949 1493 1957 ·
1530 1946 1609 1972 non
1643 1933 1749 1971 enim

353 2010 502 2049 videtur
521 2009 694 2048 hominis
713 2009 777 2047 lex
796 2007 880 2053 efle,
913 2007 975 2045 sed
996 2005 1194 2059 temporis.

408 2077 530 2126 Qid,
561 2077 588 2115 s1
624 2076 677 2114 est
711 2074 792 2114 haec
828 2074 954 2113 multo
988 2071 1284 2126 impudentior?
1322 2069 1430 2108 Nam
1463 2067 1615 2105 Valeria
1647 2035 1746 2118 lege,

356 2144 622 2196 Corneliisque
647 2143 813 2196 legibus,
845 2142 1019 2194 eripitur,
1051 2153 1143 2178 cum
1170 2138 1307 2176 datur:
1339 2135 1590 2188 conjungitur
1614 2133 1746 2185 impu-

354 2211 446 2248 dens
477 2210 706 2263 gratificatio
736 2223 829 2248 cum
861 2208 994 2246 acerba
1024 2207 1187 2258 injuria:
1221 2203 1283 2242 sed
1314 2211 1445 2241 tamen
1471 2200 1619 2239 habet
1609 2213 1649 2237 in
1670 2197 1747 2235 illis

355 2276 506 2330 legibus
528 2275 632 2329 spem
654 2275 882 2314 nonnullam
904 2274 982 2319 ille,
1014 2273 1077 2310 cui
1104 2271 1306 2323 ademptus
1334 2268 1413 2313 est,
1445 2267 1615 2318 aliquem
1642 2263 1747 2301 seiu-

356 2343 511 2397 pulum,
533 2342 597 2380 cui
618 2342 726 2380 datus
746 2342 812 2380 est.
835 2341 947 2380 Rulli
964 2339 1090 2378 cautio
1109 2338 1162 2376 est
1178 2337 1274 2381 haec,
1296 2337 1388 2388 Qae
1399 2333 1476 2387 post
1497 2333 1541 2369 C.
1565 2329 1747 2372 Mari,an

356 2413 428 2450 Cn.
451 2409 658 2463 Papzrzum,
691 2410 865 2462 Consules.
899 2409 1030 2459 Qam
1057 2405 1193 2459 procul
1219 2418 1239 2442 a
1266 2401 1476 2454 suspicione
1496 2397 1613 2450 fugit,
1645 2395 1750 2448 quod

355 2491 420 2516 eos
442 2476 642 2520 Consules,
674 2475 744 2528 qui
763 2474 961 2513 adversarii
982 2473 1092 2524 Syllae
1113 2471 1283 2510 maxime
1308 2467 1479 2510 fuerunt,
1510 2462 1750 2518 potiffimum

495 2544 626 2582 TOM.
650 2541 702 2581 V.
1409 2532 1448 2569 T
