<?xml version="1.0" encoding="UTF-8"?>
<!DOCTYPE html PUBLIC "-//W3C//DTD XHTML 1.0 Transitional//EN"
    "http://www.w3.org/TR/xhtml1/DTD/xhtml1-transitional.dtd">
<html xmlns="http://www.w3.org/1999/xhtml" xml:lang="en" lang="en">
 <head>
  <title>
</title>
<meta http-equiv="Content-Type" content="text/html;charset=utf-8" />
  <meta name='ocr-system' content='tesseract 3.04.00' />
  <meta name='ocr-capabilities' content='ocr_page ocr_carea ocr_par ocr_line ocrx_word'/>
</head>
<body>
  <div class='ocr_page' id='page_1' title='image "./operacumindicibu05ciceuoft_0134.png"; bbox 0 0 2212 2835; ppageno 0'>
   <div class='ocr_carea' id='block_1_1' title="bbox 399 197 1304 240">
    <p class='ocr_par' dir='ltr' id='par_1_1' title="bbox 399 197 1304 240">
     <span class='ocr_line' id='line_1_1' title="bbox 399 197 1304 240; baseline -0.009 0"><span class='ocrx_word' id='word_1_1' title='bbox 399 202 470 240; x_wconf 84' lang='lat'>126</span> <span class='ocrx_word' id='word_1_2' title='bbox 904 197 1304 234; x_wconf 81' lang='lat' dir='ltr'>ORATIO</span> 
     </span>
    </p>
   </div>
   <div class='ocr_carea' id='block_1_2' title="bbox 392 291 1796 2074">
    <p class='ocr_par' dir='ltr' id='par_1_2' title="bbox 392 291 1785 544">
     <span class='ocr_line' id='line_1_2' title="bbox 392 291 1783 350; baseline -0.003 -14"><span class='ocrx_word' id='word_1_3' title='bbox 392 298 618 350; x_wconf 79' lang='lat' dir='ltr'>cogitarent.</span> <span class='ocrx_word' id='word_1_4' title='bbox 652 297 796 345; x_wconf 81' lang='lat' dir='ltr'>Atque,</span> <span class='ocrx_word' id='word_1_5' title='bbox 828 294 867 331; x_wconf 89' lang='lat' dir='ltr'>in</span> <span class='ocrx_word' id='word_1_6' title='bbox 888 293 1072 331; x_wconf 81' lang='lat' dir='ltr'>omnibus</span> <span class='ocrx_word' id='word_1_7' title='bbox 1098 291 1158 331; x_wconf 87' lang='lat' dir='ltr'>his</span> <span class='ocrx_word' id='word_1_8' title='bbox 1180 294 1277 346; x_wconf 84' lang='lat' dir='ltr'>agris</span> <span class='ocrx_word' id='word_1_9' title='bbox 1298 292 1541 344; x_wconf 62' lang='lat' dir='ltr'>aedificiisque</span> <span class='ocrx_word' id='word_1_10' title='bbox 1563 294 1783 337; x_wconf 65' lang='lat' dir='ltr'>vendendis,</span> 
     </span>
     <span class='ocr_line' id='line_1_3' title="bbox 394 349 1784 416; baseline -0.001 -16"><span class='ocrx_word' id='word_1_11' title='bbox 394 362 632 416; x_wconf 79' lang='lat' dir='ltr'>permittitur</span> <span class='ocrx_word' id='word_1_12' title='bbox 659 359 900 404; x_wconf 78' lang='lat' dir='ltr'>decemviris,</span> <span class='ocrx_word' id='word_1_13' title='bbox 931 368 973 397; x_wconf 82' lang='lat' dir='ltr'>ut</span> <span class='ocrx_word' id='word_1_14' title='bbox 996 349 1177 404; x_wconf 55' lang='lat' dir='ltr'>vendant,</span> <span class='ocrx_word' id='word_1_15' title='bbox 1208 359 1464 413; x_wconf 68' lang='lat' dir='ltr'>quibzgsczmque</span> <span class='ocrx_word' id='word_1_16' title='bbox 1490 360 1526 397; x_wconf 76' lang='lat' dir='ltr'>in</span> <span class='ocrx_word' id='word_1_17' title='bbox 1552 360 1631 397; x_wconf 70' lang='lat' dir='ltr'>locis</span> <span class='ocrx_word' id='word_1_18' title='bbox 1661 359 1784 398; x_wconf 74' lang='lat' dir='ltr'>videa-</span> 
     </span>
     <span class='ocr_line' id='line_1_4' title="bbox 395 425 1785 480; baseline -0.004 -13"><span class='ocrx_word' id='word_1_19' title='bbox 395 440 472 467; x_wconf 81' lang='lat' dir='ltr'>tur.</span> <span class='ocrx_word' id='word_1_20' title='bbox 498 429 533 465; x_wconf 85' lang='lat' dir='ltr'>O</span> <span class='ocrx_word' id='word_1_21' title='bbox 557 427 816 480; x_wconf 78' lang='lat' dir='ltr'>perturbatam</span> <span class='ocrx_word' id='word_1_22' title='bbox 834 425 1019 464; x_wconf 87' lang='lat' dir='ltr'>rationem</span> <span class='ocrx_word' id='word_1_23' title='bbox 1039 425 1045 462; x_wconf 91' lang='lat'>!</span> <span class='ocrx_word' id='word_1_24' title='bbox 1069 439 1092 463; x_wconf 91' lang='grc' dir='ltr'>ο</span> <span class='ocrx_word' id='word_1_25' title='bbox 1108 425 1312 463; x_wconf 85' lang='lat' dir='ltr'>libidinem</span> <span class='ocrx_word' id='word_1_26' title='bbox 1333 425 1595 463; x_wconf 72' lang='lat' dir='ltr'>refrenandam</span> <span class='ocrx_word' id='word_1_27' title='bbox 1617 425 1623 461; x_wconf 73' lang='lat' dir='ltr'>l</span> <span class='ocrx_word' id='word_1_28' title='bbox 1648 438 1670 462; x_wconf 91' lang='lat' dir='ltr'>o</span> <span class='ocrx_word' id='word_1_29' title='bbox 1690 436 1785 463; x_wconf 90' lang='lat' dir='ltr'>con-</span> 
     </span>
     <span class='ocr_line' id='line_1_5' title="bbox 395 490 1022 544; baseline -0.006 -12"><span class='ocrx_word' id='word_1_30' title='bbox 395 495 473 532; x_wconf 81' lang='lat' dir='ltr'>filia</span> <span class='ocrx_word' id='word_1_31' title='bbox 494 493 682 537; x_wconf 79' lang='lat' dir='ltr'>diffoluta‚</span> <span class='ocrx_word' id='word_1_32' title='bbox 714 502 829 543; x_wconf 86' lang='lat' dir='ltr'>atque</span> <span class='ocrx_word' id='word_1_33' title='bbox 851 492 997 544; x_wconf 74' lang='lat' dir='ltr'>perdita</span> <span class='ocrx_word' id='word_1_34' title='bbox 1016 490 1022 528; x_wconf 93' lang='lat'><strong>!</strong></span> 
     </span>
    </p>

    <p class='ocr_par' dir='ltr' id='par_1_3' title="bbox 394 555 1788 1144">
     <span class='ocr_line' id='line_1_6' title="bbox 450 555 1786 610; baseline -0.002 -13"><span class='ocrx_word' id='word_1_35' title='bbox 450 560 562 598; x_wconf 86' lang='lat' dir='ltr'>XXI.</span> <span class='ocrx_word' id='word_1_36' title='bbox 595 557 808 610; x_wconf 69' lang='lat' dir='ltr'>Vectigalia</span> <span class='ocrx_word' id='word_1_37' title='bbox 824 558 946 595; x_wconf 87' lang='lat' dir='ltr'>locare</span> <span class='ocrx_word' id='word_1_38' title='bbox 963 557 1150 609; x_wconf 80' lang='lat' dir='ltr'>nusquam</span> <span class='ocrx_word' id='word_1_39' title='bbox 1167 557 1270 602; x_wconf 87' lang='lat' dir='ltr'>licet,</span> <span class='ocrx_word' id='word_1_40' title='bbox 1290 557 1356 595; x_wconf 74' lang='lat' dir='ltr'>nisi</span> <span class='ocrx_word' id='word_1_41' title='bbox 1374 557 1414 594; x_wconf 88' lang='lat' dir='ltr'>in</span> <span class='ocrx_word' id='word_1_42' title='bbox 1432 556 1502 594; x_wconf 87' lang='lat' dir='ltr'>hac</span> <span class='ocrx_word' id='word_1_43' title='bbox 1520 557 1626 601; x_wconf 75' lang='lat' dir='ltr'>urbe,</span> <span class='ocrx_word' id='word_1_44' title='bbox 1648 555 1723 594; x_wconf 88' lang='lat' dir='ltr'>hoc</span> <span class='ocrx_word' id='word_1_45' title='bbox 1739 568 1786 594; x_wconf 78' lang='lat' dir='ltr'>ex</span> 
     </span>
     <span class='ocr_line' id='line_1_7' title="bbox 394 623 1785 676; baseline -0.004 -11"><span class='ocrx_word' id='word_1_46' title='bbox 394 627 494 672; x_wconf 91' lang='lat' dir='ltr'>loco,</span> <span class='ocrx_word' id='word_1_47' title='bbox 525 625 597 664; x_wconf 82' lang='lat' dir='ltr'>hac</span> <span class='ocrx_word' id='word_1_48' title='bbox 618 624 784 662; x_wconf 86' lang='lat' dir='ltr'>vestrum</span> <span class='ocrx_word' id='word_1_49' title='bbox 806 623 1035 676; x_wconf 78' lang='lat' dir='ltr'>frequentia.</span> <span class='ocrx_word' id='word_1_50' title='bbox 1068 624 1210 661; x_wconf 88' lang='lat' dir='ltr'>Venire</span> <span class='ocrx_word' id='word_1_51' title='bbox 1231 624 1365 661; x_wconf 85' lang='lat' dir='ltr'>vestras</span> <span class='ocrx_word' id='word_1_52' title='bbox 1387 635 1443 661; x_wconf 88' lang='lat' dir='ltr'>res</span> <span class='ocrx_word' id='word_1_53' title='bbox 1471 624 1655 676; x_wconf 86' lang='lat' dir='ltr'>proprias,</span> <span class='ocrx_word' id='word_1_54' title='bbox 1688 632 1726 660; x_wconf 90' lang='lat' dir='ltr'>et</span> <span class='ocrx_word' id='word_1_55' title='bbox 1746 624 1785 660; x_wconf 89' lang='lat' dir='ltr'>in</span> 
     </span>
     <span class='ocr_line' id='line_1_8' title="bbox 394 688 1788 746; baseline -0.004 -15"><span class='ocrx_word' id='word_1_56' title='bbox 394 702 625 746; x_wconf 88' lang='lat' dir='ltr'>perpetuum</span> <span class='ocrx_word' id='word_1_57' title='bbox 653 705 672 728; x_wconf 86' lang='lat' dir='ltr'>a</span> <span class='ocrx_word' id='word_1_58' title='bbox 699 690 807 728; x_wconf 88' lang='lat' dir='ltr'>vobis</span> <span class='ocrx_word' id='word_1_59' title='bbox 834 690 1003 734; x_wconf 86' lang='lat' dir='ltr'>alienari,</span> <span class='ocrx_word' id='word_1_60' title='bbox 1035 690 1073 727; x_wconf 87' lang='lat' dir='ltr'>in</span> <span class='ocrx_word' id='word_1_61' title='bbox 1103 688 1371 742; x_wconf 65' lang='lat' dir='ltr'>Paphlagoniae</span> <span class='ocrx_word' id='word_1_62' title='bbox 1402 690 1582 734; x_wconf 85' lang='lat' dir='ltr'>tenebris,</span> <span class='ocrx_word' id='word_1_63' title='bbox 1613 699 1728 742; x_wconf 84' lang='lat' dir='ltr'>atque</span> <span class='ocrx_word' id='word_1_64' title='bbox 1747 690 1788 726; x_wconf 83' lang='lat' dir='ltr'>in</span> 
     </span>
     <span class='ocr_line' id='line_1_9' title="bbox 397 755 1784 812; baseline -0.004 -14"><span class='ocrx_word' id='word_1_65' title='bbox 397 759 648 812; x_wconf 70' lang='lat' dir='ltr'>Cappadociae</span> <span class='ocrx_word' id='word_1_66' title='bbox 668 757 886 801; x_wconf 87' lang='lat' dir='ltr'>solitudine,</span> <span class='ocrx_word' id='word_1_67' title='bbox 918 756 1052 794; x_wconf 85' lang='lat' dir='ltr'>licebit</span> <span class='ocrx_word' id='word_1_68' title='bbox 1071 757 1082 793; x_wconf 91' lang='lat'>?</span> <span class='ocrx_word' id='word_1_69' title='bbox 1115 757 1163 794; x_wconf 93' lang='lat' dir='ltr'>L.</span> <span class='ocrx_word' id='word_1_70' title='bbox 1187 756 1288 807; x_wconf 89' lang='lat' dir='ltr'>Sylla</span> <span class='ocrx_word' id='word_1_71' title='bbox 1307 770 1398 794; x_wconf 88' lang='lat' dir='ltr'>cum</span> <span class='ocrx_word' id='word_1_72' title='bbox 1422 756 1520 794; x_wconf 84' lang='lat' dir='ltr'>bona</span> <span class='ocrx_word' id='word_1_73' title='bbox 1542 755 1784 794; x_wconf 82' lang='lat' dir='ltr'>indemnato-</span> 
     </span>
     <span class='ocr_line' id='line_1_10' title="bbox 395 822 1787 874; baseline -0.003 -10"><span class='ocrx_word' id='word_1_74' title='bbox 395 840 482 864; x_wconf 87' lang='lat' dir='ltr'>rum</span> <span class='ocrx_word' id='word_1_75' title='bbox 514 826 660 863; x_wconf 90' lang='lat' dir='ltr'>civium</span> <span class='ocrx_word' id='word_1_76' title='bbox 690 822 838 861; x_wconf 84' lang='lat' dir='ltr'>funesta</span> <span class='ocrx_word' id='word_1_77' title='bbox 868 822 935 860; x_wconf 90' lang='lat' dir='ltr'>illa</span> <span class='ocrx_word' id='word_1_78' title='bbox 964 822 1140 862; x_wconf 66' lang='lat' dir='ltr'>auctione</span> <span class='ocrx_word' id='word_1_79' title='bbox 1173 822 1235 860; x_wconf 88' lang='lat' dir='ltr'>sua</span> <span class='ocrx_word' id='word_1_80' title='bbox 1263 823 1455 866; x_wconf 86' lang='lat' dir='ltr'>venderet,</span> <span class='ocrx_word' id='word_1_81' title='bbox 1486 831 1524 860; x_wconf 87' lang='lat' dir='ltr'>et</span> <span class='ocrx_word' id='word_1_82' title='bbox 1555 823 1590 860; x_wconf 91' lang='lat' dir='ltr'>se</span> <span class='ocrx_word' id='word_1_83' title='bbox 1620 822 1787 874; x_wconf 86' lang='lat' dir='ltr'>praedam</span> 
     </span>
     <span class='ocr_line' id='line_1_11' title="bbox 396 887 1788 939; baseline -0.004 -9"><span class='ocrx_word' id='word_1_84' title='bbox 396 892 502 930; x_wconf 80' lang='lat' dir='ltr'>suam</span> <span class='ocrx_word' id='word_1_85' title='bbox 522 891 664 929; x_wconf 88' lang='lat' dir='ltr'>diceret</span> <span class='ocrx_word' id='word_1_86' title='bbox 683 889 858 933; x_wconf 90' lang='lat' dir='ltr'>vendere,</span> <span class='ocrx_word' id='word_1_87' title='bbox 879 898 1008 926; x_wconf 87' lang='lat' dir='ltr'>tamen</span> <span class='ocrx_word' id='word_1_88' title='bbox 1028 901 1075 926; x_wconf 84' lang='lat' dir='ltr'>ex</span> <span class='ocrx_word' id='word_1_89' title='bbox 1096 887 1171 926; x_wconf 94' lang='lat' dir='ltr'>hoc</span> <span class='ocrx_word' id='word_1_90' title='bbox 1193 888 1279 925; x_wconf 92' lang='lat' dir='ltr'>loco</span> <span class='ocrx_word' id='word_1_91' title='bbox 1300 887 1472 925; x_wconf 90' lang='lat' dir='ltr'>vendidit</span> <span class='ocrx_word' id='word_1_92' title='bbox 1480 906 1491 932; x_wconf 81' lang='lat'>3</span> <span class='ocrx_word' id='word_1_93' title='bbox 1515 901 1598 932; x_wconf 90' lang='lat' dir='ltr'>nec,</span> <span class='ocrx_word' id='word_1_94' title='bbox 1620 899 1788 939; x_wconf 88' lang='lat' dir='ltr'>quorum</span> 
     </span>
     <span class='ocr_line' id='line_1_12' title="bbox 396 951 1787 1006; baseline -0.005 -9"><span class='ocrx_word' id='word_1_95' title='bbox 396 958 530 997; x_wconf 83' lang='lat' dir='ltr'>oculos</span> <span class='ocrx_word' id='word_1_96' title='bbox 555 956 786 999; x_wconf 86' lang='lat' dir='ltr'>offendebat,</span> <span class='ocrx_word' id='word_1_97' title='bbox 818 967 953 992; x_wconf 91' lang='lat' dir='ltr'>eorum</span> <span class='ocrx_word' id='word_1_98' title='bbox 978 953 1149 1006; x_wconf 89' lang='lat' dir='ltr'>ipsorum</span> <span class='ocrx_word' id='word_1_99' title='bbox 1169 951 1418 1005; x_wconf 67' lang='lat' dir='ltr'>conspectum</span> <span class='ocrx_word' id='word_1_100' title='bbox 1439 952 1572 1006; x_wconf 88' lang='lat' dir='ltr'>fugere</span> <span class='ocrx_word' id='word_1_101' title='bbox 1591 953 1700 990; x_wconf 76' lang='lat' dir='ltr'>ausus</span> <span class='ocrx_word' id='word_1_102' title='bbox 1720 951 1787 991; x_wconf 45' lang='lat' dir='ltr'>esti</span> 
     </span>
     <span class='ocr_line' id='line_1_13' title="bbox 397 1020 1788 1074; baseline -0.004 -10"><span class='ocrx_word' id='word_1_103' title='bbox 397 1024 619 1064; x_wconf 84' lang='lat' dir='ltr'>Decemviri</span> <span class='ocrx_word' id='word_1_104' title='bbox 645 1023 763 1061; x_wconf 88' lang='lat' dir='ltr'>vestra</span> <span class='ocrx_word' id='word_1_105' title='bbox 787 1021 983 1074; x_wconf 61' lang='lat' dir='ltr'>veetigalia</span> <span class='ocrx_word' id='word_1_106' title='bbox 1003 1035 1080 1059; x_wconf 87' lang='lat' dir='ltr'>non</span> <span class='ocrx_word' id='word_1_107' title='bbox 1103 1021 1221 1059; x_wconf 89' lang='lat' dir='ltr'>modo</span> <span class='ocrx_word' id='word_1_108' title='bbox 1247 1034 1293 1058; x_wconf 91' lang='lat' dir='ltr'>ne</span> <span class='ocrx_word' id='word_1_109' title='bbox 1313 1021 1422 1059; x_wconf 82' lang='lat' dir='ltr'>vobis</span> <span class='ocrx_word' id='word_1_110' title='bbox 1443 1021 1603 1074; x_wconf 86' lang='lat' dir='ltr'>quidem</span> <span class='ocrx_word' id='word_1_111' title='bbox 1623 1020 1788 1065; x_wconf 81' lang='lat' dir='ltr'>arbitris,</span> 
     </span>
     <span class='ocr_line' id='line_1_14' title="bbox 397 1087 1430 1144; baseline -0.006 -14"><span class='ocrx_word' id='word_1_112' title='bbox 397 1092 458 1130; x_wconf 91' lang='lat' dir='ltr'>sed</span> <span class='ocrx_word' id='word_1_113' title='bbox 479 1105 526 1129; x_wconf 91' lang='lat' dir='ltr'>ne</span> <span class='ocrx_word' id='word_1_114' title='bbox 546 1102 720 1144; x_wconf 81' lang='lat' dir='ltr'>praecone</span> <span class='ocrx_word' id='word_1_115' title='bbox 739 1088 899 1141; x_wconf 89' lang='lat' dir='ltr'>quidem</span> <span class='ocrx_word' id='word_1_116' title='bbox 919 1087 1078 1140; x_wconf 91' lang='lat' dir='ltr'>publico</span> <span class='ocrx_word' id='word_1_117' title='bbox 1098 1087 1202 1131; x_wconf 90' lang='lat' dir='ltr'>teste,</span> <span class='ocrx_word' id='word_1_118' title='bbox 1234 1088 1399 1125; x_wconf 86' lang='lat' dir='ltr'>vendent</span> <span class='ocrx_word' id='word_1_119' title='bbox 1417 1088 1430 1124; x_wconf 90' lang='lat'>?</span> 
     </span>
    </p>

    <p class='ocr_par' dir='ltr' id='par_1_4' title="bbox 398 1154 1793 1595">
     <span class='ocr_line' id='line_1_15' title="bbox 453 1154 1789 1210; baseline -0.003 -14"><span class='ocrx_word' id='word_1_120' title='bbox 453 1158 648 1210; x_wconf 87' lang='lat' dir='ltr'>Sequitur,</span> <span class='ocrx_word' id='word_1_121' title='bbox 681 1157 810 1194; x_wconf 85' lang='lat' dir='ltr'>Omnes</span> <span class='ocrx_word' id='word_1_122' title='bbox 836 1168 943 1207; x_wconf 81' lang='lat' dir='ltr'>agros</span> <span class='ocrx_word' id='word_1_123' title='bbox 969 1163 1077 1192; x_wconf 80' lang='lat' dir='ltr'>extra</span> <span class='ocrx_word' id='word_1_124' title='bbox 1100 1154 1247 1192; x_wconf 77' lang='lat' dir='ltr'>Italiam</span> <span class='ocrx_word' id='word_1_125' title='bbox 1274 1154 1412 1206; x_wconf 82' lang='lat' dir='ltr'>infinito</span> <span class='ocrx_word' id='word_1_126' title='bbox 1434 1168 1477 1193; x_wconf 86' lang='lat' dir='ltr'>ex</span> <span class='ocrx_word' id='word_1_127' title='bbox 1499 1163 1665 1207; x_wconf 79' lang='lat' dir='ltr'>tempore,</span> <span class='ocrx_word' id='word_1_128' title='bbox 1698 1164 1789 1198; x_wconf 85' lang='lat' dir='ltr'>non,</span> 
     </span>
     <span class='ocr_line' id='line_1_16' title="bbox 398 1220 1790 1273; baseline -0.003 -11"><span class='ocrx_word' id='word_1_129' title='bbox 398 1234 443 1263; x_wconf 92' lang='lat' dir='ltr'>ut</span> <span class='ocrx_word' id='word_1_130' title='bbox 465 1233 588 1268; x_wconf 84' lang='lat' dir='ltr'>antea,</span> <span class='ocrx_word' id='word_1_131' title='bbox 619 1223 666 1260; x_wconf 90' lang='lat' dir='ltr'>ab</span> <span class='ocrx_word' id='word_1_132' title='bbox 693 1220 795 1273; x_wconf 89' lang='lat' dir='ltr'>Sylla</span> <span class='ocrx_word' id='word_1_133' title='bbox 819 1230 857 1258; x_wconf 90' lang='lat' dir='ltr'>et</span> <span class='ocrx_word' id='word_1_134' title='bbox 884 1221 1074 1273; x_wconf 86' lang='lat' dir='ltr'>Pompeio</span> <span class='ocrx_word' id='word_1_135' title='bbox 1100 1220 1347 1258; x_wconf 82' lang='lat' dir='ltr'>Consulibus.</span> <span class='ocrx_word' id='word_1_136' title='bbox 1381 1220 1567 1273; x_wconf 90' lang='lat' dir='ltr'>Cognitio</span> <span class='ocrx_word' id='word_1_137' title='bbox 1593 1221 1790 1259; x_wconf 87' lang='lat' dir='ltr'>decemvi-</span> 
     </span>
     <span class='ocr_line' id='line_1_17' title="bbox 398 1285 1791 1343; baseline -0.004 -14"><span class='ocrx_word' id='word_1_138' title='bbox 398 1304 500 1334; x_wconf 89' lang='lat' dir='ltr'>rum,</span> <span class='ocrx_word' id='word_1_139' title='bbox 532 1290 699 1343; x_wconf 87' lang='lat' dir='ltr'>privatus</span> <span class='ocrx_word' id='word_1_140' title='bbox 726 1288 784 1333; x_wconf 85' lang='lat' dir='ltr'>fit,</span> <span class='ocrx_word' id='word_1_141' title='bbox 816 1301 862 1325; x_wconf 91' lang='lat' dir='ltr'>an</span> <span class='ocrx_word' id='word_1_142' title='bbox 888 1286 1095 1339; x_wconf 88' lang='lat' dir='ltr'>publicus:</span> <span class='ocrx_word' id='word_1_143' title='bbox 1128 1285 1254 1338; x_wconf 77' lang='lat' dir='ltr'>sicque</span> <span class='ocrx_word' id='word_1_144' title='bbox 1279 1296 1369 1339; x_wconf 85' lang='lat' dir='ltr'>agro</span> <span class='ocrx_word' id='word_1_145' title='bbox 1394 1287 1604 1339; x_wconf 82' lang='lat' dir='ltr'>pergrande</span> <span class='ocrx_word' id='word_1_146' title='bbox 1629 1287 1791 1338; x_wconf 64' lang='lat' dir='ltr'>vectigal</span> 
     </span>
     <span class='ocr_line' id='line_1_18' title="bbox 399 1353 1792 1410; baseline -0.004 -15"><span class='ocrx_word' id='word_1_147' title='bbox 399 1357 630 1410; x_wconf 85' lang='lat' dir='ltr'>imponitur.</span> <span class='ocrx_word' id='word_1_148' title='bbox 662 1355 753 1393; x_wconf 91' lang='lat' dir='ltr'>Hoc</span> <span class='ocrx_word' id='word_1_149' title='bbox 773 1362 962 1406; x_wconf 88' lang='lat' dir='ltr'>quantum</span> <span class='ocrx_word' id='word_1_150' title='bbox 977 1353 1189 1405; x_wconf 88' lang='lat' dir='ltr'>judicium,</span> <span class='ocrx_word' id='word_1_151' title='bbox 1215 1366 1332 1404; x_wconf 87' lang='lat' dir='ltr'>quam</span> <span class='ocrx_word' id='word_1_152' title='bbox 1353 1353 1651 1397; x_wconf 85' lang='lat' dir='ltr'>intolerandum,</span> <span class='ocrx_word' id='word_1_153' title='bbox 1673 1363 1792 1405; x_wconf 84' lang='lat' dir='ltr'>quam</span> 
     </span>
     <span class='ocr_line' id='line_1_19' title="bbox 400 1419 1790 1477; baseline -0.004 -15"><span class='ocrx_word' id='word_1_154' title='bbox 400 1424 550 1477; x_wconf 87' lang='lat' dir='ltr'>regium</span> <span class='ocrx_word' id='word_1_155' title='bbox 581 1423 638 1466; x_wconf 82' lang='lat' dir='ltr'>sit,</span> <span class='ocrx_word' id='word_1_156' title='bbox 671 1435 787 1474; x_wconf 89' lang='lat' dir='ltr'>quem</span> <span class='ocrx_word' id='word_1_157' title='bbox 820 1420 1017 1474; x_wconf 63' lang='lat' dir='ltr'>praeterit?</span> <span class='ocrx_word' id='word_1_158' title='bbox 1052 1419 1166 1473; x_wconf 78' lang='lat' dir='ltr'>poffe,</span> <span class='ocrx_word' id='word_1_159' title='bbox 1202 1419 1497 1471; x_wconf 82' lang='lat' dir='ltr'>quibuscunque</span> <span class='ocrx_word' id='word_1_160' title='bbox 1527 1420 1622 1457; x_wconf 82' lang='lat' dir='ltr'>locis</span> <span class='ocrx_word' id='word_1_161' title='bbox 1656 1420 1790 1464; x_wconf 84' lang='lat' dir='ltr'>velint,</span> 
     </span>
     <span class='ocr_line' id='line_1_20' title="bbox 401 1482 1793 1541; baseline -0.004 -13"><span class='ocrx_word' id='word_1_162' title='bbox 401 1490 507 1529; x_wconf 84' lang='lat' dir='ltr'>nulla</span> <span class='ocrx_word' id='word_1_163' title='bbox 541 1487 829 1541; x_wconf 85' lang='lat' dir='ltr'>disceptatione,</span> <span class='ocrx_word' id='word_1_164' title='bbox 864 1485 974 1524; x_wconf 91' lang='lat' dir='ltr'>nullo</span> <span class='ocrx_word' id='word_1_165' title='bbox 1005 1485 1177 1530; x_wconf 76' lang='lat' dir='ltr'>consilio,</span> <span class='ocrx_word' id='word_1_166' title='bbox 1209 1485 1353 1538; x_wconf 85' lang='lat' dir='ltr'>privata</span> <span class='ocrx_word' id='word_1_167' title='bbox 1388 1482 1600 1538; x_wconf 86' lang='lat' dir='ltr'>publicare,</span> <span class='ocrx_word' id='word_1_168' title='bbox 1639 1485 1793 1538; x_wconf 80' lang='lat' dir='ltr'>publica</span> 
     </span>
     <span class='ocr_line' id='line_1_21' title="bbox 401 1556 586 1595; baseline -0.011 -1"><span class='ocrx_word' id='word_1_169' title='bbox 401 1556 586 1595; x_wconf 84' lang='lat' dir='ltr'>liberare?</span> 
     </span>
    </p>

    <p class='ocr_par' dir='ltr' id='par_1_5' title="bbox 401 1617 1796 2074">
     <span class='ocr_line' id='line_1_22' title="bbox 456 1617 1793 1674; baseline -0.004 -14"><span class='ocrx_word' id='word_1_170' title='bbox 456 1620 663 1674; x_wconf 81' lang='lat' dir='ltr'>Excipitur</span> <span class='ocrx_word' id='word_1_171' title='bbox 688 1618 764 1657; x_wconf 92' lang='lat' dir='ltr'>hoc</span> <span class='ocrx_word' id='word_1_172' title='bbox 784 1618 909 1672; x_wconf 85' lang='lat' dir='ltr'>capite</span> <span class='ocrx_word' id='word_1_173' title='bbox 927 1630 1016 1670; x_wconf 87' lang='lat' dir='ltr'>ager</span> <span class='ocrx_word' id='word_1_174' title='bbox 1033 1617 1074 1655; x_wconf 92' lang='lat' dir='ltr'>in</span> <span class='ocrx_word' id='word_1_175' title='bbox 1095 1617 1223 1655; x_wconf 85' lang='lat' dir='ltr'>Sicilia</span> <span class='ocrx_word' id='word_1_176' title='bbox 1243 1617 1521 1656; x_wconf 82' lang='lat' dir='ltr'>Recentoricus</span> <span class='ocrx_word' id='word_1_177' title='bbox 1539 1631 1548 1655; x_wconf 75' lang='grc' dir='ltr'>ε</span> <span class='ocrx_word' id='word_1_178' title='bbox 1581 1626 1699 1669; x_wconf 85' lang='lat' dir='ltr'>quem</span> <span class='ocrx_word' id='word_1_179' title='bbox 1722 1626 1793 1669; x_wconf 83' lang='lat' dir='ltr'>ego</span> 
     </span>
     <span class='ocr_line' id='line_1_23' title="bbox 401 1683 1791 1740; baseline -0.004 -14"><span class='ocrx_word' id='word_1_180' title='bbox 401 1688 541 1740; x_wconf 80' lang='lat' dir='ltr'>excipi,</span> <span class='ocrx_word' id='word_1_181' title='bbox 573 1695 611 1725; x_wconf 90' lang='lat' dir='ltr'>et</span> <span class='ocrx_word' id='word_1_182' title='bbox 630 1694 786 1739; x_wconf 85' lang='lat' dir='ltr'>propter</span> <span class='ocrx_word' id='word_1_183' title='bbox 805 1684 1014 1722; x_wconf 88' lang='lat' dir='ltr'>hominum</span> <span class='ocrx_word' id='word_1_184' title='bbox 1035 1683 1364 1728; x_wconf 83' lang='lat' dir='ltr'>neceflitudinem,</span> <span class='ocrx_word' id='word_1_185' title='bbox 1394 1692 1433 1721; x_wconf 90' lang='lat' dir='ltr'>et</span> <span class='ocrx_word' id='word_1_186' title='bbox 1457 1692 1612 1736; x_wconf 86' lang='lat' dir='ltr'>propter</span> <span class='ocrx_word' id='word_1_187' title='bbox 1631 1683 1791 1735; x_wconf 84' lang='lat' dir='ltr'>aequita—</span> 
     </span>
     <span class='ocr_line' id='line_1_24' title="bbox 402 1747 1792 1803; baseline -0.005 -11"><span class='ocrx_word' id='word_1_188' title='bbox 402 1763 497 1798; x_wconf 88' lang='lat' dir='ltr'>tem,</span> <span class='ocrx_word' id='word_1_189' title='bbox 534 1752 722 1803; x_wconf 83' lang='lat' dir='ltr'>Qirites,</span> <span class='ocrx_word' id='word_1_190' title='bbox 758 1750 852 1803; x_wconf 69' lang='lat' dir='ltr'>saepe</span> <span class='ocrx_word' id='word_1_191' title='bbox 883 1747 1129 1787; x_wconf 83' lang='lat' dir='ltr'>vehementer</span> <span class='ocrx_word' id='word_1_192' title='bbox 1147 1749 1309 1800; x_wconf 85' lang='lat' dir='ltr'>gaude0.</span> <span class='ocrx_word' id='word_1_193' title='bbox 1341 1748 1411 1786; x_wconf 87' lang='lat' dir='ltr'>Sed</span> <span class='ocrx_word' id='word_1_194' title='bbox 1431 1760 1516 1800; x_wconf 82' lang='lat' dir='ltr'>quae</span> <span class='ocrx_word' id='word_1_195' title='bbox 1546 1747 1628 1786; x_wconf 84' lang='lat' dir='ltr'>haec</span> <span class='ocrx_word' id='word_1_196' title='bbox 1659 1749 1792 1800; x_wconf 86' lang='lat' dir='ltr'>impu-</span> 
     </span>
     <span class='ocr_line' id='line_1_25' title="bbox 402 1811 1793 1871; baseline -0.004 -13"><span class='ocrx_word' id='word_1_197' title='bbox 402 1820 552 1860; x_wconf 77' lang='lat' dir='ltr'>dentia?</span> <span class='ocrx_word' id='word_1_198' title='bbox 575 1819 643 1871; x_wconf 88' lang='lat' dir='ltr'>qui</span> <span class='ocrx_word' id='word_1_199' title='bbox 662 1828 796 1871; x_wconf 85' lang='lat' dir='ltr'>agrum</span> <span class='ocrx_word' id='word_1_200' title='bbox 819 1816 1121 1854; x_wconf 88' lang='lat' dir='ltr'>Recentoricum</span> <span class='ocrx_word' id='word_1_201' title='bbox 1142 1811 1341 1868; x_wconf 84' lang='lat' dir='ltr'>poffident‚</span> <span class='ocrx_word' id='word_1_202' title='bbox 1362 1814 1543 1852; x_wconf 86' lang='lat' dir='ltr'>vetustate</span> <span class='ocrx_word' id='word_1_203' title='bbox 1563 1814 1793 1867; x_wconf 80' lang='lat' dir='ltr'>posseffionis</span> 
     </span>
     <span class='ocr_line' id='line_1_26' title="bbox 403 1880 1793 1938; baseline -0.004 -13"><span class='ocrx_word' id='word_1_204' title='bbox 403 1888 453 1933; x_wconf 90' lang='lat' dir='ltr'>se,</span> <span class='ocrx_word' id='word_1_205' title='bbox 485 1898 561 1925; x_wconf 89' lang='lat' dir='ltr'>non</span> <span class='ocrx_word' id='word_1_206' title='bbox 577 1887 662 1938; x_wconf 87' lang='lat' dir='ltr'>jure</span> <span class='ocrx_word' id='word_1_207' title='bbox 679 1903 689 1930; x_wconf 67' lang='grc' dir='ltr'><strong><em>ς</em></strong></span> <span class='ocrx_word' id='word_1_208' title='bbox 723 1882 980 1923; x_wconf 86' lang='lat' dir='ltr'>misericordia</span> <span class='ocrx_word' id='word_1_209' title='bbox 999 1882 1160 1927; x_wconf 62' lang='lat' dir='ltr'>semitm,</span> <span class='ocrx_word' id='word_1_210' title='bbox 1193 1893 1270 1920; x_wconf 89' lang='lat' dir='ltr'>non</span> <span class='ocrx_word' id='word_1_211' title='bbox 1291 1881 1370 1934; x_wconf 87' lang='lat' dir='ltr'>agri</span> <span class='ocrx_word' id='word_1_212' title='bbox 1390 1881 1625 1926; x_wconf 83' lang='lat' dir='ltr'>conditione,</span> <span class='ocrx_word' id='word_1_213' title='bbox 1656 1880 1793 1920; x_wconf 83' lang='lat' dir='ltr'>defen-</span> 
     </span>
     <span class='ocr_line' id='line_1_27' title="bbox 404 1946 1794 2003; baseline -0.004 -12"><span class='ocrx_word' id='word_1_214' title='bbox 404 1955 516 1991; x_wconf 87' lang='lat' dir='ltr'>dunt.</span> <span class='ocrx_word' id='word_1_215' title='bbox 560 1953 666 1991; x_wconf 83' lang='lat' dir='ltr'>Nam</span> <span class='ocrx_word' id='word_1_216' title='bbox 698 1951 811 1989; x_wconf 88' lang='lat' dir='ltr'>illum</span> <span class='ocrx_word' id='word_1_217' title='bbox 843 1963 979 2003; x_wconf 83' lang='lat' dir='ltr'>agrum</span> <span class='ocrx_word' id='word_1_218' title='bbox 1010 1949 1216 2002; x_wconf 86' lang='lat' dir='ltr'>publicum</span> <span class='ocrx_word' id='word_1_219' title='bbox 1250 1946 1321 1986; x_wconf 81' lang='lat' dir='ltr'>effe</span> <span class='ocrx_word' id='word_1_220' title='bbox 1351 1946 1545 1986; x_wconf 82' lang='lat' dir='ltr'>fatentur:</span> <span class='ocrx_word' id='word_1_221' title='bbox 1578 1947 1614 1985; x_wconf 89' lang='lat' dir='ltr'>se</span> <span class='ocrx_word' id='word_1_222' title='bbox 1648 1948 1794 1986; x_wconf 87' lang='lat' dir='ltr'>moveri</span> 
     </span>
     <span class='ocr_line' id='line_1_28' title="bbox 406 2014 1796 2074; baseline -0.003 -16"><span class='ocrx_word' id='word_1_223' title='bbox 406 2019 706 2074; x_wconf 83' lang='lat' dir='ltr'>poffeffionibus‚</span> <span class='ocrx_word' id='word_1_224' title='bbox 743 2017 980 2055; x_wconf 78' lang='lat' dir='ltr'>amiciffimis</span> <span class='ocrx_word' id='word_1_225' title='bbox 1008 2016 1173 2061; x_wconf 87' lang='lat' dir='ltr'>sedibus,</span> <span class='ocrx_word' id='word_1_226' title='bbox 1209 2028 1251 2053; x_wconf 91' lang='lat' dir='ltr'>ac</span> <span class='ocrx_word' id='word_1_227' title='bbox 1273 2014 1360 2053; x_wconf 86' lang='lat' dir='ltr'>Diis</span> <span class='ocrx_word' id='word_1_228' title='bbox 1396 2014 1618 2059; x_wconf 88' lang='lat' dir='ltr'>Penatibus,</span> <span class='ocrx_word' id='word_1_229' title='bbox 1653 2022 1796 2068; x_wconf 88' lang='lat' dir='ltr'>negant</span> 
     </span>
    </p>
   </div>
   <div class='ocr_carea' id='block_1_3' title="bbox 403 2080 1858 2139">
    <p class='ocr_par' dir='ltr' id='par_1_6' title="bbox 403 2080 1858 2139">
     <span class='ocr_line' id='line_1_29' title="bbox 403 2080 1858 2139; baseline -0.005 -15"><span class='ocrx_word' id='word_1_230' title='bbox 403 2094 592 2139; x_wconf 84' lang='lat' dir='ltr'>oportere.</span> <span class='ocrx_word' id='word_1_231' title='bbox 625 2086 693 2128; x_wconf 86' lang='lat' dir='ltr'>At,</span> <span class='ocrx_word' id='word_1_232' title='bbox 725 2083 750 2121; x_wconf 85' lang='lat' dir='ltr'>fi</span> <span class='ocrx_word' id='word_1_233' title='bbox 777 2083 829 2121; x_wconf 91' lang='lat' dir='ltr'>est</span> <span class='ocrx_word' id='word_1_234' title='bbox 855 2083 1022 2136; x_wconf 87' lang='lat' dir='ltr'>privatus</span> <span class='ocrx_word' id='word_1_235' title='bbox 1049 2094 1136 2135; x_wconf 82' lang='lat' dir='ltr'>ager</span> <span class='ocrx_word' id='word_1_236' title='bbox 1163 2080 1454 2125; x_wconf 80' lang='lat' dir='ltr'>Recentoricus,</span> <span class='ocrx_word' id='word_1_237' title='bbox 1486 2080 1581 2132; x_wconf 88' lang='lat' dir='ltr'>quid</span> <span class='ocrx_word' id='word_1_238' title='bbox 1607 2092 1698 2118; x_wconf 89' lang='lat' dir='ltr'>eum</span> <span class='ocrx_word' id='word_1_239' title='bbox 1725 2093 1794 2118; x_wconf 83' lang='lat' dir='ltr'>ex-</span> <span class='ocrx_word' id='word_1_240' title='bbox 1855 2110 1858 2111; x_wconf 16' lang='grc' dir='ltr'><em>γ</em></span> 
     </span>
    </p>
   </div>
   <div class='ocr_carea' id='block_1_4' title="bbox 405 2147 1796 2529">
    <p class='ocr_par' dir='ltr' id='par_1_7' title="bbox 405 2147 1796 2529">
     <span class='ocr_line' id='line_1_30' title="bbox 405 2147 1795 2206; baseline -0.005 -15"><span class='ocrx_word' id='word_1_241' title='bbox 405 2153 501 2206; x_wconf 88' lang='lat' dir='ltr'>cipis</span> <span class='ocrx_word' id='word_1_242' title='bbox 520 2153 533 2189; x_wconf 92' lang='lat'>?</span> <span class='ocrx_word' id='word_1_243' title='bbox 564 2151 617 2190; x_wconf 89' lang='lat' dir='ltr'>fin</span> <span class='ocrx_word' id='word_1_244' title='bbox 638 2160 767 2188; x_wconf 88' lang='lat' dir='ltr'>autem</span> <span class='ocrx_word' id='word_1_245' title='bbox 787 2149 967 2203; x_wconf 84' lang='lat' dir='ltr'>publicus</span> <span class='ocrx_word' id='word_1_246' title='bbox 984 2167 996 2194; x_wconf 86' lang='lat'>;</span> <span class='ocrx_word' id='word_1_247' title='bbox 1028 2160 1113 2202; x_wconf 83' lang='lat' dir='ltr'>quae</span> <span class='ocrx_word' id='word_1_248' title='bbox 1131 2147 1184 2186; x_wconf 86' lang='lat' dir='ltr'>est</span> <span class='ocrx_word' id='word_1_249' title='bbox 1204 2148 1270 2185; x_wconf 87' lang='lat' dir='ltr'>ista</span> <span class='ocrx_word' id='word_1_250' title='bbox 1287 2147 1458 2199; x_wconf 78' lang='lat' dir='ltr'>aequitas,</span> <span class='ocrx_word' id='word_1_251' title='bbox 1489 2155 1656 2191; x_wconf 81' lang='lat' dir='ltr'>coeteros,</span> <span class='ocrx_word' id='word_1_252' title='bbox 1678 2147 1795 2185; x_wconf 82' lang='lat' dir='ltr'>etiam</span> 
     </span>
     <span class='ocr_line' id='line_1_31' title="bbox 407 2213 1796 2272; baseline -0.005 -15"><span class='ocrx_word' id='word_1_253' title='bbox 407 2219 432 2257; x_wconf 87' lang='lat' dir='ltr'>fi</span> <span class='ocrx_word' id='word_1_254' title='bbox 452 2219 589 2272; x_wconf 85' lang='lat' dir='ltr'>privati</span> <span class='ocrx_word' id='word_1_255' title='bbox 611 2217 695 2262; x_wconf 90' lang='lat' dir='ltr'>fint,</span> <span class='ocrx_word' id='word_1_256' title='bbox 727 2216 948 2270; x_wconf 82' lang='lat' dir='ltr'>permittere</span> <span class='ocrx_word' id='word_1_257' title='bbox 969 2223 1012 2253; x_wconf 90' lang='lat' dir='ltr'>ut</span> <span class='ocrx_word' id='word_1_258' title='bbox 1041 2215 1189 2269; x_wconf 85' lang='lat' dir='ltr'>publici</span> <span class='ocrx_word' id='word_1_259' title='bbox 1214 2214 1464 2267; x_wconf 85' lang='lat' dir='ltr'>judicentur;</span> <span class='ocrx_word' id='word_1_260' title='bbox 1495 2213 1601 2251; x_wconf 87' lang='lat' dir='ltr'>hunc</span> <span class='ocrx_word' id='word_1_261' title='bbox 1622 2213 1796 2266; x_wconf 85' lang='lat' dir='ltr'>excipere</span> 
     </span>
     <span class='ocr_line' id='line_1_32' title="bbox 408 2278 1794 2335; baseline -0.005 -12"><span class='ocrx_word' id='word_1_262' title='bbox 408 2284 655 2329; x_wconf 80' lang='lat' dir='ltr'>nominatim,</span> <span class='ocrx_word' id='word_1_263' title='bbox 678 2283 745 2335; x_wconf 92' lang='lat' dir='ltr'>qui</span> <span class='ocrx_word' id='word_1_264' title='bbox 765 2282 946 2335; x_wconf 87' lang='lat' dir='ltr'>publicus</span> <span class='ocrx_word' id='word_1_265' title='bbox 966 2281 1036 2319; x_wconf 82' lang='lat' dir='ltr'>effe</span> <span class='ocrx_word' id='word_1_266' title='bbox 1055 2280 1239 2319; x_wconf 84' lang='lat' dir='ltr'>fateatur?</span> <span class='ocrx_word' id='word_1_267' title='bbox 1262 2281 1367 2333; x_wconf 90' lang='lat' dir='ltr'>Ergo</span> <span class='ocrx_word' id='word_1_268' title='bbox 1386 2293 1519 2318; x_wconf 89' lang='lat' dir='ltr'>eorum</span> <span class='ocrx_word' id='word_1_269' title='bbox 1539 2292 1627 2332; x_wconf 83' lang='lat' dir='ltr'>ager</span> <span class='ocrx_word' id='word_1_270' title='bbox 1646 2278 1794 2331; x_wconf 79' lang='lat' dir='ltr'>excipi·</span> 
     </span>
     <span class='ocr_line' id='line_1_33' title="bbox 409 2346 1794 2404; baseline -0.005 -15"><span class='ocrx_word' id='word_1_271' title='bbox 409 2360 485 2396; x_wconf 83' lang='lat' dir='ltr'>tur,</span> <span class='ocrx_word' id='word_1_272' title='bbox 508 2351 575 2404; x_wconf 92' lang='lat' dir='ltr'>qui</span> <span class='ocrx_word' id='word_1_273' title='bbox 595 2349 696 2403; x_wconf 89' lang='lat' dir='ltr'>apud</span> <span class='ocrx_word' id='word_1_274' title='bbox 716 2348 883 2389; x_wconf 88' lang='lat' dir='ltr'>Rullum</span> <span class='ocrx_word' id='word_1_275' title='bbox 903 2348 976 2386; x_wconf 81' lang='lat' dir='ltr'>alia</span> <span class='ocrx_word' id='word_1_276' title='bbox 995 2348 1139 2386; x_wconf 87' lang='lat' dir='ltr'>ratione</span> <span class='ocrx_word' id='word_1_277' title='bbox 1158 2346 1378 2385; x_wconf 86' lang='lat' dir='ltr'>valuerunt:</span> <span class='ocrx_word' id='word_1_278' title='bbox 1401 2346 1526 2385; x_wconf 84' lang='lat' dir='ltr'>caeteri</span> <span class='ocrx_word' id='word_1_279' title='bbox 1547 2346 1625 2398; x_wconf 87' lang='lat' dir='ltr'>agri</span> <span class='ocrx_word' id='word_1_280' title='bbox 1645 2356 1794 2389; x_wconf 53' lang='lat' dir='ltr'>omna,</span> 
     </span>
     <span class='ocr_line' id='line_1_34' title="bbox 407 2409 1794 2470; baseline -0.005 -15"><span class='ocrx_word' id='word_1_281' title='bbox 407 2417 477 2470; x_wconf 89' lang='lat' dir='ltr'>qui</span> <span class='ocrx_word' id='word_1_282' title='bbox 497 2417 642 2469; x_wconf 88' lang='lat' dir='ltr'>ubique</span> <span class='ocrx_word' id='word_1_283' title='bbox 662 2415 762 2461; x_wconf 88' lang='lat' dir='ltr'>sunt,</span> <span class='ocrx_word' id='word_1_284' title='bbox 793 2414 870 2453; x_wconf 87' lang='lat' dir='ltr'>fine</span> <span class='ocrx_word' id='word_1_285' title='bbox 890 2413 974 2453; x_wconf 89' lang='lat' dir='ltr'>ullo</span> <span class='ocrx_word' id='word_1_286' title='bbox 992 2414 1155 2459; x_wconf 64' lang='lat' dir='ltr'>delectu,</span> <span class='ocrx_word' id='word_1_287' title='bbox 1184 2413 1260 2451; x_wconf 85' lang='lat' dir='ltr'>fine</span> <span class='ocrx_word' id='word_1_288' title='bbox 1279 2413 1415 2466; x_wconf 87' lang='lat' dir='ltr'>populi</span> <span class='ocrx_word' id='word_1_289' title='bbox 1435 2411 1605 2452; x_wconf 85' lang='lat' dir='ltr'>Romani</span> <span class='ocrx_word' id='word_1_290' title='bbox 1625 2409 1794 2455; x_wconf 85' lang='lat' dir='ltr'>notione,</span> 
     </span>
     <span class='ocr_line' id='line_1_35' title="bbox 410 2479 1342 2529; baseline -0.002 -9"><span class='ocrx_word' id='word_1_291' title='bbox 410 2483 485 2520; x_wconf 84' lang='lat' dir='ltr'>fine</span> <span class='ocrx_word' id='word_1_292' title='bbox 505 2482 649 2529; x_wconf 68' lang='lat' dir='ltr'>iudicio</span> <span class='ocrx_word' id='word_1_293' title='bbox 668 2481 830 2528; x_wconf 80' lang='lat' dir='ltr'>senatus,</span> <span class='ocrx_word' id='word_1_294' title='bbox 858 2481 1086 2520; x_wconf 82' lang='lat' dir='ltr'>decemviris</span> <span class='ocrx_word' id='word_1_295' title='bbox 1106 2479 1342 2519; x_wconf 86' lang='lat' dir='ltr'>addicentur.</span> 
     </span>
    </p>
   </div>
  </div>
 </body>
</html>
