2212 2835
437 213 518 254 314
864 191 1285 239 ORATIO,
1356 192 1434 232 &c.

436 308 476 337 et
506 299 691 349 lacrymas
725 293 965 339 reciderunt,
998 302 1060 339 ut,
1091 292 1161 346 qui
1192 291 1309 346 paulo
1339 301 1428 330 ante
1458 290 1591 330 consul
1623 291 1840 345 designatus

438 363 566 403 fuiffet
584 392 596 408 ,
628 361 809 401 retineret
836 369 993 413 repente
1019 359 1176 398 nullum
1195 358 1402 412 vestIgium
1423 358 1590 411 pristinae
1610 359 1810 411 dignitatis
1829 358 1837 396 !

439 431 550 482 Qid
570 430 677 469 enirn
698 437 777 467 erat
797 427 890 466 mali
905 456 916 472 ,
947 427 1054 480 quod
1073 425 1189 472 huic,
1220 425 1382 479 spoliato
1401 424 1548 464 honore
1562 454 1573 471 ,
1604 424 1728 470 fama,
1760 424 1843 463 for-

440 498 545 536 tunis
560 526 571 543 ,
603 495 721 535 deeffe
742 495 934 533 videretur
954 495 966 532 ?
998 502 1064 532 aut
1084 494 1148 532 cui
1170 507 1276 532 novae
1297 492 1508 532 calamitati
1527 493 1638 531 locus
1659 492 1761 531 ullus
1782 505 1843 530 re-

439 565 555 604 lidius
576 563 695 602 effet?
728 563 854 615 Urget
873 561 1006 599 eadem
1031 559 1210 604 fortuna,
1241 573 1327 612 quae
1352 559 1500 613 coepit:
1532 560 1673 613 reperit
1698 572 1846 598 novum

441 644 670 670 moerorem:
690 643 768 667 non
788 628 932 681 patitur
952 626 1156 666 hominem
1176 625 1461 672 calamitosum,
1484 639 1564 665 uno
1583 625 1702 665 modo
1719 623 1844 665 afflic-

443 707 545 743 tum,
576 710 656 735 uno
675 696 716 733 in
736 696 844 733 luctu
864 694 1000 747 perire.

501 764 671 815 Sedjam
692 761 885 814 impedior
905 768 1074 812 egomet,
1096 759 1267 811 Judices,
1288 759 1419 798 dolore
1439 760 1574 806 animi,
1596 773 1644 799 ne
1662 759 1709 799 de
1728 759 1845 814 hujus

445 831 596 870 miseria
615 830 725 883 plura
746 829 887 866 dicam.
919 827 1062 865 Vestrae
1078 827 1160 879 jam
1183 827 1270 864 sunt
1290 835 1428 879 partes,
1451 827 1635 878 Judices;
1667 827 1708 865 in
1729 827 1848 865 vestra

446 896 739 936 mansuetudine
760 904 875 947 atque
895 892 1138 932 humanitate
1157 892 1308 931 causam
1332 902 1452 930 totam
1482 905 1639 946 repono.
1673 893 1753 931 Vos
1768 922 1779 938 ‚
1810 901 1850 931 et

447 964 651 1016 rejectione
672 961 903 1014 interposita,
936 958 1035 998 nihil
1058 959 1336 1012 suspicantibus
1358 959 1485 1003 nobis,
1508 958 1699 1012 repentini
1717 959 1757 997 in
1779 972 1848 997 nos

439 1031 592 1084 judices
614 1028 832 1067 consedistis
848 1056 858 1072 ,
890 1027 937 1065 ab
958 1025 1239 1064 accusatoribus
1261 1024 1398 1064 delecti
1418 1025 1465 1063 ad
1485 1025 1590 1078 spem
1610 1025 1849 1071 acerbitatis,

447 1111 468 1136 a
497 1097 654 1136 fortuna
683 1095 796 1134 nobis
828 1094 874 1132 ad
905 1093 1122 1147 praefidium
1155 1093 1386 1131 innocentiae
1412 1092 1626 1132 constituti.
1658 1093 1717 1131 Ut
1748 1105 1849 1146 ego,

447 1165 546 1219 quid
566 1164 613 1203 de
632 1177 694 1202 me
714 1162 880 1216 populus
902 1163 1106 1199 Romanus
1126 1160 1360 1199 existimaret
1375 1189 1387 1206 ,
1418 1160 1510 1212 quia
1536 1159 1684 1199 severus
1707 1160 1748 1198 in
1770 1161 1849 1198 im-

448 1232 588 1287 probos
609 1229 773 1274 fueram,
789 1228 972 1273 laboravi,
994 1237 1046 1273 et,
1065 1241 1151 1280 quae
1172 1227 1297 1280 prima
1316 1226 1536 1265 innocentis
1556 1225 1658 1265 mihi
1678 1225 1850 1266 defensio

448 1299 502 1338 est
520 1297 663 1343 oblata,
693 1295 838 1348 suscepi
854 1313 866 1340 3
898 1295 948 1333 sic
968 1308 1035 1333 vos
1055 1294 1293 1333 severitatem
1307 1293 1564 1346 judiciorum,
1586 1307 1671 1346 quae
1691 1306 1757 1347 per
1776 1291 1849 1332 hos

450 1363 598 1404 menses
616 1364 657 1401 in
676 1361 856 1401 homines
877 1360 1142 1399 audaciffimos
1162 1359 1261 1398 fasta
1279 1359 1332 1398 est
1348 1389 1359 1405 ,
1392 1359 1550 1399 lenitate
1568 1373 1611 1398 ac
1631 1358 1849 1398 misericor-

450 1432 513 1471 dia
532 1430 723 1484 mitigate.
747 1429 839 1468 Hoc
861 1441 954 1466 cum
974 1428 1180 1480 impetrare
1200 1440 1221 1465 a
1240 1426 1349 1465 vobis
1369 1426 1448 1480 ipsa
1467 1426 1576 1465 causa
1595 1426 1710 1465 debet
1726 1444 1738 1471 3
1762 1435 1849 1465 tum

450 1496 503 1538 est
533 1497 646 1537 vestri
676 1496 797 1534 animi
829 1504 944 1548 atque
973 1494 1127 1533 virtutis
1159 1493 1362 1539 declarare,
1393 1507 1472 1532 non
1503 1492 1574 1532 effe
1600 1506 1664 1532 eos
1691 1506 1772 1538 VOS,
1802 1493 1851 1532 ad

450 1579 549 1619 quos
569 1562 826 1618 potiffimum,
857 1560 1079 1615 interposita
1098 1560 1314 1614 rejectione,
1338 1560 1516 1599 devenire
1536 1560 1771 1599 convenerit.
1804 1560 1851 1598 In

451 1646 531 1686 quo
550 1644 648 1685 ego,
680 1630 837 1682 Judices
851 1658 863 1674 ‚
894 1642 986 1675 vos,
1017 1637 1210 1681 quantum
1230 1641 1341 1667 meus
1360 1641 1469 1668 amor
1495 1628 1537 1666 in
1564 1640 1631 1666 vos
1656 1627 1848 1680 postulat,

452 1703 606 1734 tantum
626 1692 774 1737 hortor,
807 1701 850 1730 ut
870 1691 1074 1729 communi
1095 1690 1234 1736 studio,
1267 1690 1453 1743 quoniam
1474 1690 1515 1728 in
1536 1689 1734 1742 republica
1752 1701 1849 1727 con-

446 1761 573 1813 junffi
595 1760 742 1804 sumus,
773 1756 1067 1797 mansuetudine
1086 1765 1124 1795 et
1144 1756 1405 1796 misericordia
1423 1755 1554 1802 vestra,
1584 1754 1716 1794 falsam
1736 1767 1758 1793 a
1777 1767 1850 1793 no-

454 1828 513 1867 bis
535 1825 770 1866 crudelitatis
793 1823 938 1863 famam
959 1822 1205 1876 repellamus.
