2212 2835
696 181 836 221 PRO
895 178 1114 219 DOMO
1174 179 1321 217 SUA.
1441 146 1443 148 '
1629 179 1705 231 367

312 284 410 324 Dixi
440 284 539 338 apud
569 282 794 337 pontifices,
833 281 942 320 istam
977 280 1225 333 adoptionem
1260 279 1368 318 nullo
1404 279 1554 317 decreto
1588 278 1704 332 hujus

312 352 468 404 collegii
502 351 721 404 probatam,
757 358 889 387 contra
924 360 1040 386 omne
1070 345 1318 398 pontificium
1347 346 1410 397 jus
1442 344 1604 391 factam,
1636 360 1705 400 pro

313 417 438 456 nihilo
471 416 542 456 effe
571 416 811 454 habendam:
844 428 921 468 qua
946 413 1105 456 sublata,
1137 411 1337 462 intelligis,
1369 421 1497 450 totum
1529 413 1704 451 tribuna-

313 493 399 522 tum
421 494 534 522 tuum
554 480 773 520 concidiffe.

367 549 458 588 XV.
491 548 618 586 Venio
636 547 683 584 ad
703 558 880 599 augures.
926 544 1110 595 Qorum
1136 555 1208 594 ego
1235 542 1369 586 libros,
1401 542 1426 579 fi
1448 542 1515 594 qui
1536 543 1623 581 sunt
1643 557 1703 581 re-

311 615 474 659 conditi,
494 627 572 652 non
594 613 765 657 scrutor,
797 624 876 649 non
898 609 981 648 sum
1001 610 1041 647 in
1061 607 1300 661 exquirendo
1314 608 1402 660 jure
1421 621 1611 660 augurum
1633 623 1704 646 cu-

312 681 454 720 riosus:
486 679 583 725 haec,
614 693 699 732 quae
718 691 793 717 una
815 691 908 715 cum
936 676 1083 729 populo
1111 675 1245 720 didici,
1267 688 1353 726 quae
1374 674 1467 728 saepe
1486 675 1526 712 in
1548 675 1705 713 concio-

244 788 248 793 ,
307 747 428 796 'nibus
454 745 626 800 responsa
646 745 746 790 sunt,
769 744 873 782 novi.
895 742 1053 795 Negant
1071 740 1127 779 fas
1147 740 1219 779 effe
1238 742 1299 793 agi
1319 754 1411 778 cum
1433 741 1592 794 populo,
1614 755 1707 779 cum

306 814 359 860 ,de
378 814 472 853 caelo
492 813 681 851 servatum
701 811 760 849 fit.
793 812 885 862 Qo
905 809 966 847 die
987 808 1034 846 de
1054 818 1090 846 te
1111 808 1172 846 lex
1191 809 1337 845 curiata
1356 808 1430 845 lata
1450 807 1521 845 effe
1541 808 1707 853 dicatur,

311 880 425 918 audes
446 891 582 932 negare
602 878 649 916 de
669 876 763 916 caelo
779 876 850 915 effe
874 875 1091 913 servatum?
1124 874 1241 912 Adest
1262 873 1419 927 praesens
1437 874 1505 919 vir,
1529 874 1707 927 singulari

312 947 467 991 virtute,
488 944 711 988 constantia,
742 944 926 997 gravitate
946 941 1141 996 praeditus,
1173 942 1236 979 M.
1260 940 1422 979 Bibulus
1443 956 1451 979 :
1485 940 1590 979 hunc
1611 955 1706 980 con-

313 1013 434 1051 sulem
455 1012 524 1050 illo
539 1011 620 1064 ipso
635 1011 696 1049 die
711 1010 905 1049 contendo
922 1008 1073 1047 servaffe
1090 1008 1136 1046 de
1152 1007 1259 1046 caelo.
1293 1007 1453 1045 Infirma
1469 1007 1556 1045 sunt
1573 1008 1706 1060 igitur,

315 1089 379 1118 tua
399 1078 596 1122 sententia,
627 1080 706 1116 aeta
727 1078 775 1115 C.
800 1075 970 1120 Caesaris,
1002 1075 1074 1112 viri
1097 1073 1323 1113 fortiffimi?
1356 1074 1552 1112 Minime:
1585 1087 1710 1126 neque

314 1146 421 1183 enim
450 1158 536 1183 mea
561 1144 645 1195 jam
676 1143 891 1196 quidquam
922 1140 1089 1185 interest,
1120 1139 1289 1192 exceptis
1321 1138 1381 1177 his
1415 1140 1515 1184 telis,
1547 1153 1632 1192 quae
1663 1153 1710 1178 ex

313 1212 417 1249 illius
439 1210 653 1249 actionibus
674 1209 715 1247 in
736 1221 870 1247 meum
892 1220 1030 1260 corpus
1051 1205 1219 1245 immiffa
1239 1205 1338 1243 sunt.

371 1278 443 1316 Sed
472 1276 554 1316 haec
583 1277 631 1314 de
661 1276 839 1329 auspiciis
857 1304 867 1319 ‚
899 1288 984 1327 quae
1019 1287 1090 1326 ego
1125 1285 1230 1310 nunc
1265 1272 1498 1325 perbreviter
1532 1272 1709 1324 attingo,

314 1345 395 1382 asta
424 1342 511 1381 sunt
542 1356 564 1380 a
593 1352 643 1381 te.
675 1343 756 1385 Tu,
788 1350 856 1379 tuo
886 1339 1149 1393 praeeipitante
1175 1339 1257 1391 jam
1289 1347 1326 1375 et
1353 1338 1553 1376 debilitato
1579 1338 1707 1376 tribu-

313 1419 407 1448 natu
423 1438 436 1454 ,
465 1408 724 1461 auspiciorum
744 1416 926 1460 patronus
947 1404 1073 1442 subito
1093 1403 1251 1442 extitisti
1270 1418 1278 1441 :
1312 1413 1354 1441 tu
1376 1404 1438 1442 M.
1461 1404 1648 1442 Bibulum
1669 1404 1711 1442 in

315 1475 573 1518 concionem,
605 1482 649 1511 tu
682 1484 870 1524 augures,
907 1469 1132 1522 produxisti.
1164 1470 1227 1506 Te
1260 1469 1518 1523 interrogante
1550 1483 1711 1522 augures

316 1539 591 1592 responderunt
607 1567 618 1583 ,
648 1551 741 1576 cum
763 1538 808 1575 de
827 1536 920 1574 caelo
940 1536 1128 1573 servatum
1149 1535 1194 1572 fit
1211 1563 1221 1579 ,
1253 1547 1346 1572 cum
1372 1534 1518 1587 populo
1543 1536 1604 1587 agi
1632 1549 1710 1573 non

317 1604 418 1658 poffe
436 1619 444 1642 :
477 1604 550 1642 tibi
571 1604 634 1641 M.
658 1602 821 1641 Bibulus
842 1601 1041 1654 quaerenti,
1064 1599 1099 1638 se
1118 1601 1165 1638 de
1185 1599 1279 1637 caelo
1299 1599 1463 1644 servasse,
1486 1600 1679 1652 respondit
1699 1615 1708 1638 ε

315 1672 498 1724 idemque
517 1671 558 1709 in
577 1670 764 1709 concione
783 1669 883 1707 dixit
900 1699 910 1713 ‚
942 1669 988 1706 ab
1016 1667 1147 1720 Appio
1166 1697 1176 1712 ‚
1207 1666 1321 1705 fratre
1348 1676 1414 1705 tuo
1431 1696 1442 1711 ,
1473 1667 1680 1720 produems
1699 1696 1711 1712 ‚

315 1747 354 1776 te
373 1737 549 1781 omnino,
581 1735 686 1788 quod
706 1744 839 1773 contra
857 1734 1023 1786 auspicia
1042 1733 1241 1786 adoptatus
1263 1732 1369 1777 effes,
1400 1733 1603 1770 tribunum
1623 1733 1709 1785 ple-

318 1805 378 1842 bis
398 1816 476 1841 non
496 1800 620 1840 fuisse.
652 1802 742 1840 Tua
761 1800 927 1853 denique
947 1799 1076 1837 omnis
1095 1799 1194 1837 a<ffio
1221 1798 1490 1852 posterIOribus
1519 1798 1710 1836 menfibus

317 1869 410 1914 fuit,
440 1868 587 1912 omnia,
618 1881 703 1920 quae
725 1868 769 1905 C.
796 1866 919 1905 Caesar
939 1865 1082 1919 egiffet,
1114 1865 1219 1918 quod
1246 1874 1379 1903 contra
1406 1864 1570 1917 auspicia
1597 1864 1713 1903 effent

318 1936 399 1973 asta
414 1963 426 1979 ,
457 1947 524 1987 per
557 1933 728 1971 senatum
763 1932 925 1970 rescindi
959 1941 1133 1984 oportere
1153 1946 1162 1969 ε
1196 1931 1302 1982 quod
1335 1931 1361 1968 s1
1393 1930 1499 1968 fieret
1517 1960 1527 1975 ,
1560 1931 1711 1968 dicebas

319 2011 357 2040 te
377 2001 453 2038 tuis
473 1999 645 2038 humeris
666 2012 730 2038 me
748 1998 945 2037 custodem
967 1998 1071 2035 urbis
1092 1997 1133 2035 in
1155 1998 1291 2035 urbem
1317 1997 1540 2035 relaturum.
1573 1997 1712 2033 Videte

320 2066 491 2105 hominis
512 2066 735 2110 amentiam,
767 2065 834 2103 ubi
855 2078 921 2117 per
941 2064 1055 2103 suurn
1081 2065 1323 2102 tribunatum
1345 2063 1498 2102 Caesaris
1519 2063 1609 2100 affis
1632 2062 1711 2099 illi-

319 2143 428 2186 gatus
450 2141 653 2170 teneretur.
686 2131 725 2169 Si
744 2140 781 2168 et
802 2130 993 2168 sacrorum
1017 2131 1103 2182 jure
1129 2129 1330 2183 pontifices
1349 2158 1360 2174 ,
1391 2139 1429 2166 et
1455 2128 1711 2180 auspiciorum

321 2198 504 2250 religione
524 2210 697 2249 augures,
729 2205 857 2235 totum
879 2206 1055 2234 evertunt
1076 2197 1316 2234 tribunatum
1339 2204 1466 2239 tuum,
1491 2193 1585 2245 quid
1605 2206 1710 2243 quae-

322 2266 371 2303 ris
393 2264 558 2316 amplius
579 2264 591 2300 ?
614 2277 659 2301 an
681 2263 797 2302 etiam
818 2264 983 2316 apertius
1004 2262 1161 2315 aliquod
1175 2263 1238 2314 jus
1260 2261 1394 2314 populi
1415 2269 1528 2311 atque
1548 2259 1679 2309 legum
1697 2258 1708 2294 ?

379 2331 489 2369 XVI.
523 2331 633 2368 Hora
651 2328 800 2366 fortasse
828 2329 928 2368 sexta
952 2329 1030 2367 diei
1056 2329 1209 2381 questus
1237 2328 1318 2365 sum
1351 2327 1390 2363 in
1411 2325 1588 2376 judicio,
1619 2338 1712 2362 cum

322 2399 371 2435 C.
392 2397 626 2439 Antonium,
649 2395 838 2447 collegam
861 2408 1008 2438 meum,
1030 2393 1289 2436 defenderem,
1307 2391 1482 2443 quasdam
1503 2390 1548 2427 de
1570 2390 1710 2442 repub-

324 2465 408 2508 lica,
440 2476 525 2515 quae
545 2460 644 2500 mihi
664 2460 739 2498 visa
759 2460 845 2498 sunt
866 2460 911 2497 ad
932 2459 1035 2496 illius
1056 2459 1182 2496 miseri
1203 2457 1351 2495 causam
1380 2456 1580 2509 pertinere.
1615 2457 1710 2494 Haec
