2212 2835
642 203 779 242 PRO
839 203 889 240 A.
951 196 1362 238 CLUENTIO.

1664 207 1710 245 35

314 308 535 348 Acervatim
552 307 634 359 jam
654 305 814 356 reliqua,
837 302 1009 354 Judices‚
1031 301 1174 343 dicam,
1203 306 1246 335 ut
1267 296 1312 335 ad
1333 309 1389 340 ea,
1431 307 1516 346 quae
1537 292 1715 346 propiora

313 376 430 428 hujus
451 374 568 412 causae
588 382 626 410 et
645 370 883 423 adjundfiora
903 368 1002 411 sunt,
1025 365 1260 418 perveniam.
1285 364 1380 407 Vos,
1399 360 1539 414 quaes0‚
1561 373 1716 398 memo-

315 444 370 481 ria
389 441 563 483 teneatis,
597 451 675 476 non
696 435 797 475 mihi
818 434 894 472 hoc
915 433 986 471 effe
1008 431 1262 485 propositum,
1295 439 1337 467 ut
1368 428 1543 466 accusem
1566 426 1720 479 Oppia-2

317 509 452 546 nicum
473 515 704 548 mortuum3
737 502 814 547 sed,
846 514 940 539 cum
966 498 1042 537 hoc
1064 497 1285 552 persuadere
1305 495 1415 533 vobis
1450 494 1581 537 velim,
1609 492 1717 544 judi-

318 576 425 613 cium
446 574 493 612 ab
514 572 590 612 hoc
611 586 690 610 non
709 570 780 608 effe
801 578 1045 622 corruptum,
1078 565 1153 604 hoc
1181 564 1239 603 uti
1259 563 1373 601 initio
1404 575 1446 600 ac
1467 560 1721 599 fundamento

318 640 563 685 defenfionis,
597 638 881 691 Oppianicum,
917 634 1124 672 hominem
1145 629 1475 670 sceleratiffimum
1504 637 1542 665 et
1577 639 1721 664 nocen—

321 708 525 753 tiffimuni,
562 705 633 744 efi'e
654 705 907 743 damnatum:
949 701 1018 754 qui
1040 699 1152 738 uxori
1180 698 1252 736 suae
1274 695 1480 740 Cluentiae,
1500 708 1585 747 quae
1607 693 1724 731 amita

321 774 440 828 hujus
454 774 564 813 Aviti
584 772 676 817 fuit,
690 785 784 809 cum
805 769 884 823 ipse
903 767 1092 822 poculum
1114 763 1285 810 dediffet,
1304 763 1433 802 subito
1452 762 1520 800 illa
1538 761 1579 799 in
1600 759 1726 798 media

323 843 481 895 potione
500 838 745 883 exclamavit,
776 837 812 875 se
845 836 1020 874 maximo
1049 847 1142 872 cum
1161 831 1293 870 dolore
1326 829 1427 869 mori
1443 847 1454 874 3
1488 841 1558 867 nec
1580 826 1726 865 diutius

324 910 437 954 vixit,
471 922 588 961 quam
609 907 740 944 locuta
759 904 825 943 est.
858 903 966 942 Nam
988 903 1028 940 in
1055 900 1138 954 ipso
1159 899 1333 938 sermone
1361 895 1451 941 hoc,
1483 905 1521 934 et
1541 892 1728 933 vocifera-

327 975 447 1018 tione,
470 983 624 1012 mortua
642 972 695 1010 est
713 987 721 1009 :
753 980 791 1008 et
812 970 858 1007 ad
877 968 978 1007 hanc
999 976 1169 1006 mortem
1190 974 1270 1003 tam
1292 963 1550 1017 repentinam,
1570 972 1729 999 vocem-

330 1055 408 1094 que
429 1040 646 1084 morienfis,
664 1037 797 1076 omnia
816 1044 1007 1089 praeterea,
1022 1048 1108 1086 quae
1130 1033 1251 1070 solent
1265 1031 1337 1069 effe
1356 1030 1501 1068 indicia
1520 1037 1559 1065 et
1579 1026 1734 1078 vestigia

330 1109 482 1153 veneni,
505 1108 546 1145 in
567 1105 672 1144 illius
694 1112 858 1141 mortuae
878 1114 1038 1154 corpore
1058 1100 1230 1138 fuerunt.
1263 1097 1496 1148 Eodemque
1516 1106 1664 1133 veneno
1684 1093 1732 1130 C.

333 1175 616 1229 Oppianicum,
638 1170 812 1214 fratrem,
835 1168 999 1206 necavit.

387 1242 462 1280 XI.
494 1240 637 1292 Neque
663 1237 716 1276 est
736 1235 812 1276 hoc
833 1234 948 1273 satis:
983 1232 1131 1272 tametfi
1158 1231 1199 1269 in
1234 1229 1315 1283 ipso
1334 1227 1503 1267 fraterno
1532 1225 1738 1280 parricidio

336 1309 492 1348 nullum
513 1306 634 1345 scelus
656 1301 951 1358 praetermiffum
972 1301 1148 1343 videtur3
1172 1307 1317 1342 tamen,
1336 1305 1379 1334 ut
1394 1295 1441 1334 ad
1455 1293 1531 1332 hoc
1547 1291 1740 1331 nefarium

336 1376 486 1415 facinus
522 1373 717 1412 accederet
733 1401 744 1417 ‚
783 1370 934 1409 aditum
968 1368 1038 1406 fibi
1072 1366 1155 1405 aliis
1191 1364 1396 1403 sceleribus
1432 1370 1519 1400 ante
1553 1359 1739 1399 munivit.

337 1443 459 1488 Nam,
476 1456 570 1480 cum
587 1439 676 1478 effet
696 1437 852 1492 gravida
864 1435 998 1480 Auria,
1012 1433 1139 1472 fratris
1156 1445 1267 1476 uxor,
1285 1439 1323 1468 et
1338 1431 1421 1483 jam
1437 1427 1743 1481 appropinquare

338 1520 468 1563 partus
501 1508 694 1547 videretur
712 1524 723 1551 ς
757 1504 962 1543 mulierem
983 1513 1131 1539 veneno
1163 1497 1374 1542 interfecit,
1408 1505 1452 1534 ut
1483 1507 1559 1533 una
1593 1493 1674 1537 illa,
1706 1500 1744 1529 et

340 1577 449 1630 quod
469 1585 547 1614 erat
567 1589 614 1613 ex
634 1573 749 1612 fratre
769 1579 1023 1622 conceptum,
1038 1575 1250 1607 necaretur.
1274 1564 1407 1603 Postea
1421 1562 1580 1601 fratrem
1593 1557 1745 1613 aggres-

343 1644 403 1683 sus
435 1643 515 1681 est:
548 1642 616 1694 qui
645 1641 739 1685 sero,
765 1640 849 1692 jam
867 1635 1051 1675 exhausto
1082 1634 1152 1672 illo
1174 1631 1316 1685 poculo
1337 1630 1488 1675 mortis,
1518 1641 1611 1666 cum
1644 1636 1681 1664 et
1700 1625 1749 1663 de

343 1713 425 1756 suo,
448 1720 486 1748 et
506 1710 552 1747 de
572 1708 717 1752 uxoris,
739 1706 898 1744 interitu
919 1704 1116 1746 clamaret,
1139 1700 1488 1749 testamentumque
1509 1704 1659 1733 mutare
1676 1707 1748 1731 cu-

345 1786 464 1832 peret,
500 1777 541 1814 in
573 1774 651 1828 ipsa
681 1771 958 1827 significatione
991 1768 1108 1822 hujus
1141 1766 1351 1805 voluntatis
1382 1764 1435 1802 est
1467 1771 1658 1801 mortuus,
1691 1760 1750 1798 Ita

346 1846 568 1888 mulierem,
591 1855 638 1880 ne
658 1850 768 1895 partu
789 1841 870 1893 ejus
891 1838 938 1877 ab
959 1836 1172 1876 hereditate
1192 1833 1358 1873 fraterna
1378 1830 1663 1872 excluderetur,
1681 1839 1751 1865 ne-

348 1914 472 1958 cavit3
505 1910 631 1949 fratris
663 1917 794 1947 autem
825 1907 966 1945 liberos
999 1904 1104 1957 prius
1125 1902 1203 1940 vita
1222 1900 1400 1954 privavit,
1432 1911 1551 1950 quam
1573 1895 1632 1933 illi
1652 1893 1753 1932 hanc

349 1982 397 2019 ab
416 1987 550 2018 natura
580 1976 774 2030 propriam
795 1974 925 2012 lucem
946 1971 1118 2024 accipere
1138 1976 1349 2023 potuerunt
1367 1981 1376 2005 :
1409 1974 1452 2004 ut
1472 1976 1607 2003 omnes
1635 1960 1753 1999 intel-

352 2049 529 2101 ligerent,
563 2043 662 2082 nihil
693 2043 728 2081 ei
760 2040 947 2085 clausum,
983 2037 1084 2077 nihil
1105 2037 1292 2080 sanctum,
1326 2033 1397 2072 effe
1427 2031 1542 2085 posse,
1576 2030 1687 2081 cujus
1708 2028 1754 2065 ab

352 2114 521 2157 audacia,
555 2110 681 2149 fratris
704 2109 845 2147 liberos
865 2121 913 2146 ne
944 2104 1109 2145 materni
1128 2103 1290 2157 quidem
1316 2099 1487 2153 corporis
1507 2096 1678 2136 custodia
1698 2104 1755 2132 te-

356 2194 442 2233 gere
462 2177 656 2233 potuiffet.

413 2245 608 2285 Memoria
629 2254 754 2288 teneo,
778 2241 974 2281 Milesiam
995 2239 1189 2293 quandam
1210 2236 1431 2279 mulierem,
1461 2245 1554 2270 cum
1582 2228 1695 2268 effem
1717 2226 1757 2264 in

361 2313 461 2356 Afia,
480 2313 599 2364 quod,
632 2312 678 2349 ab
700 2310 904 2348 heredibus
926 2307 1100 2346 secundis
1120 2313 1274 2357 accepta
1294 2301 1471 2356 pecunia,
1504 2306 1658 2351 partum
1689 2294 1758 2331 fibi

362 2379 437 2432 ipsa
459 2378 750 2416 medicamentis
771 2375 966 2429 abegisset,
989 2375 1042 2412 rei
1063 2372 1236 2425 capitalis
1256 2371 1327 2408 esse
1348 2370 1574 2406 damnatum
1592 2377 1601 2400 ε
1635 2374 1760 2413 neque

363 2446 524 2499 injuria3
558 2457 642 2497 quae
663 2443 768 2495 spem
789 2443 971 2495 parentis,
1003 2439 1234 2479 memoriam
1256 2434 1440 2478 nominis,
1463 2430 1673 2470 subfidium
1692 2441 1759 2480 ge·-

364 2514 478 2558 neris,
495 2511 676 2550 heredem
698 2508 869 2555 familiae,
887 2508 1126 2561 designatum
1148 2503 1369 2557 reipublicae
1389 2500 1530 2544 civem,
1546 2495 1757 2536 sustuliss'en

1372 2568 1404 2606 E
1439 2580 1459 2605 τ’.
