2212 2835
662 178 797 218 PRO
855 178 907 217 A.
969 175 1381 217 cLUENT10.
1676 190 1728 233 43

329 277 454 324 fuiffe,
477 287 591 331 atque
609 277 694 323 effe,
725 278 891 317 dicebat.
925 278 992 317 Sin
1023 287 1153 317 autem
1182 278 1280 317 illud
1306 290 1472 331 egeram,
1505 276 1663 315 nullum
1684 276 1731 314 ad

333 346 612 385 Scamandrum
633 354 758 383 morte
778 345 887 383 Aviti
907 354 1115 383 venturum
1137 346 1453 383 emolumentum
1473 342 1610 389 fuiffe;
1634 357 1731 382 con-

332 413 492 452 cedebat
510 427 518 450 :
542 412 604 450 sed
624 412 670 449 ad
690 424 854 449 uxorem
877 411 1104 464 Oppianici,
1127 410 1300 449 hominis
1322 412 1362 449 in
1383 412 1569 450 uxoribus
1591 425 1734 449 necan-

333 479 390 517 dis
411 477 622 522 exercitati,
645 477 777 515 omnia
807 477 908 515 bona
927 477 1038 515 Aviti
1064 485 1223 515 ventura
1242 476 1312 515 effe
1343 477 1509 515 dicebat.
1542 478 1647 515 Cum
1668 477 1734 514 illa

332 542 550 582 defensione
570 543 657 582 usus
679 542 808 589 effem,
845 557 930 596 quae
950 543 991 581 in
1018 543 1292 582 libertinorum
1326 543 1444 582 causis
1477 542 1735 581 honestiffima

332 610 481 664 semper
501 609 715 648 existimata
733 609 800 655 est,
822 610 1101 648 Scamandrum
1132 619 1294 663 patrono
1315 608 1386 648 effe
1406 609 1614 663 probatum
1631 627 1642 654 ;
1675 608 1734 647 fa-

334 677 485 715 tebatur
502 692 511 716 :
544 676 606 715 sed
627 676 835 729 quaerebat,
856 677 921 715 cui
939 676 1121 730 probatus
1141 676 1231 716 effet
1247 676 1324 730 ipse
1344 686 1543 730 patronus.

395 744 502 782 Cum
522 757 593 796 ego
613 743 790 796 pluribus
810 743 937 782 verbis
969 744 1009 782 in
1029 757 1075 782 eo
1095 752 1358 782 commoratus
1388 743 1519 789 effem,
1553 744 1735 782 Scaman-

334 810 404 849 dro
425 809 540 849 fafitas
561 810 713 849 infidias
734 810 805 849 effe
824 824 891 864 per
918 811 1156 865 Diogenem,
1189 811 1524 864 constitutumque
1545 811 1646 849 inter
1675 823 1738 848 eos

336 876 383 915 de
412 876 484 915 alia
514 890 554 915 re
584 875 709 922 fuiffe,
740 886 784 915 ut
811 877 1162 923 medicamentum,
1196 891 1275 916 non
1295 891 1505 923 venenum,
1539 877 1738 929 Diogenes

337 942 486 981 afferret
502 962 513 989 3
546 942 621 981 hoc
643 943 767 982 cuivis
794 943 862 982 usu
882 944 1011 982 venire
1030 943 1160 998 poffe3
1193 945 1398 997 quaerebat,
1420 957 1488 982 cur
1507 944 1549 982 in
1568 943 1740 996 ejusmo-

339 1010 380 1047 di
399 1009 534 1048 locum
554 1019 633 1047 tam
655 1009 848 1054 abditum,
875 1023 948 1047 cur
979 1010 1096 1056 solus,
1126 1024 1195 1048 cur
1224 1024 1318 1049 cum
1337 1011 1535 1063 obsignata
1564 1010 1740 1063 pecunia,

340 1075 509 1114 veniffet.
544 1075 728 1127 Denique
747 1074 823 1114 hoc
844 1075 932 1113 loco
951 1075 1060 1114 causa
1080 1076 1252 1121 testibus,
1273 1075 1544 1114 honestiffimis
1565 1075 1742 1114 homini·-

342 1140 429 1186 bus,
457 1140 721 1194 premebatur.
753 1140 818 1178 M,
841 1140 1004 1179 Bebrius
1037 1141 1083 1178 de
1103 1140 1171 1179 suo
1201 1141 1360 1180 confilio
1380 1142 1604 1194 Diogenem
1627 1155 1741 1195 emp-

340 1216 430 1246 tum
447 1222 457 1245 t
489 1207 525 1245 se
545 1205 725 1259 praesente
745 1206 1024 1245 Scamandrum
1055 1220 1149 1245 cum
1176 1220 1325 1246 veneno
1343 1208 1585 1261 pecuniaque
1604 1208 1742 1260 depre-

340 1272 505 1312 hensum
526 1272 597 1312 effe
614 1272 782 1312 dicebat.
816 1273 860 1312 P.
881 1273 1070 1325 Qintius
1084 1274 1222 1319 Varus,
1245 1272 1368 1312 homo
1387 1274 1539 1312 summa
1558 1274 1746 1327 religione

340 1349 380 1378 et
399 1340 551 1378 summa
569 1339 795 1378 auctoritate
814 1339 1011 1393 praedituS,
1034 1339 1081 1378 de
1100 1339 1260 1385 infidiis,
1283 1353 1368 1393 quae
1388 1339 1526 1379 fierent
1545 1341 1679 1386 Avito,
1706 1349 1746 1379 et

342 1407 389 1445 de
408 1407 679 1446 sollicitatione
700 1406 905 1461 Diogenis,
928 1406 1073 1446 recenti
1093 1420 1146 1453 re,
1169 1406 1298 1446 secum
1319 1406 1610 1461 Cleophantum
1632 1407 1745 1446 locu-

342 1482 430 1512 tum
450 1474 521 1513 effe
542 1474 706 1513 dicebat.

399 1543 532 1593 Atque
562 1542 604 1580 in
634 1542 705 1580 illo
730 1542 882 1594 judicio
902 1555 995 1581 cum
1017 1542 1296 1581 Scamandrum
1322 1555 1391 1582 nos
1412 1541 1616 1581 defendere
1635 1540 1746 1580 vide-

345 1620 489 1653 remur,
511 1608 628 1646 verbo
648 1609 715 1646 ille
737 1622 821 1647 reus
842 1617 934 1654 erat,
957 1623 995 1647 re
1016 1609 1177 1661 quidem
1198 1623 1296 1655 vera,
1328 1618 1366 1647 et
1386 1609 1576 1662 periculo,
1609 1618 1648 1647 et
1668 1618 1748 1647 tota

347 1674 597 1721 accusatione,
622 1675 879 1729 Oppianicus.
902 1676 1046 1729 Neque
1065 1676 1105 1714 id
1121 1676 1279 1715 obscure
1300 1675 1457 1722 ferebat,
1476 1690 1546 1715 nec
1568 1675 1748 1714 diffimu-

346 1741 423 1779 lare
443 1741 525 1779 ullo
545 1741 665 1780 modo
683 1751 856 1794 poterat:
885 1742 1012 1781 aderat
1030 1742 1227 1796 frequens,
1249 1743 1470 1789 advocabat,
1493 1742 1602 1781 omni
1623 1742 1749 1780 studio

346 1809 545 1862 gratiaque
565 1809 763 1862 pugnabat
781 1824 790 1848 :
822 1809 1030 1863 postremo,
1052 1810 1092 1848 id
1113 1811 1219 1863 quod
1240 1811 1415 1849 maximo
1432 1810 1534 1848 malo
1555 1809 1614 1847 illi
1630 1808 1750 1847 causae

348 1875 438 1921 fuit,
471 1875 547 1914 hoc
568 1876 650 1929 ipso
670 1876 711 1914 in
731 1877 832 1923 loco,
855 1878 958 1930 quasl
987 1891 1072 1916 reus
1093 1877 1172 1931 ipse
1192 1878 1296 1925 effet,
1318 1877 1483 1916 sedebat.
1519 1877 1638 1915 Oculi
1659 1890 1747 1915 om-

348 1944 459 1982 nium
475 1943 660 1996 judicum
681 1957 759 1982 non
780 1945 821 1982 in
843 1944 1137 1991 Scamandrum,
1160 1945 1222 1983 sed
1241 1945 1282 1983 in
1305 1945 1587 1998 Oppianicum,
1623 1944 1749 1996 conji-

349 2010 571 2048 ciebantur:
594 2010 714 2049 timor
733 2012 828 2063 ejus,
850 2011 1103 2065 perturbatio,
1121 2011 1318 2064 suspensus
1339 2010 1583 2063 incertusque
1603 2011 1750 2054 vultus,

348 2076 481 2115 crebra
499 2076 638 2115 coloris
660 2079 839 2124 mutatio,
862 2092 947 2131 quae
964 2087 1070 2117 erant
1090 2088 1200 2117 antea
1220 2078 1432 2132 suspiciosa,
1455 2076 1536 2116 haec
1557 2086 1682 2130 aperta
1709 2090 1751 2113 ac

351 2142 550 2182 manifesta
573 2142 780 2183 faciebant.

407 2210 499 2248 XX.
533 2212 636 2250 Cum
659 2211 700 2249 in
725 2211 932 2250 consilium
963 2212 1009 2250 iri
1040 2222 1246 2266 oporteret,
1268 2211 1440 2266 quaesivit
1459 2212 1506 2250 ab
1528 2225 1590 2249 reo
1612 2212 1657 2248 C.
1677 2210 1753 2260 Ju-

354 2274 455 2319 nius,
521 2277 682 2322 uaefitor,
710 2278 861 2331 exlege
882 2278 949 2316 illa
969 2279 1163 2324 Cornelia,
1196 2293 1282 2331 quae
1315 2290 1402 2317 tum
1432 2288 1523 2322 erat,
1557 2277 1672 2319 clani,
1706 2288 1754 2312 an

356 2340 498 2392 palam,
531 2341 578 2379 de
597 2342 633 2380 se
653 2343 881 2383 sententiam
902 2343 992 2383 ferri
1013 2345 1141 2384 vellet.
1174 2346 1237 2384 De
1257 2345 1468 2398 Oppianici
1490 2342 1672 2381 sententia
1693 2354 1752 2379 re-

301 2453 305 2457 ,
358 2406 538 2459 sponsum
559 2406 624 2452 est,
642 2410 746 2460 quod
766 2411 797 2449 is
819 2411 929 2449 Aviti
949 2410 1180 2450 familiarem
1197 2413 1362 2463 Junium
1384 2409 1455 2447 effe
1471 2408 1636 2453 dicebat,
1653 2407 1755 2445 clam

358 2473 455 2512 velle
476 2471 580 2513 ferri.
613 2474 720 2514 Itum
752 2475 805 2514 est
834 2476 875 2515 in
905 2477 1125 2517 consilium.
1160 2478 1359 2516 Omnibus
1382 2475 1590 2519 sententiis,
1622 2482 1756 2528 praeter

1366 2543 1396 2580 F
1430 2555 1451 2580 a
