2212 2835
704 157 842 195 PRo
901 157 1118 196 DOMO
1178 159 1323 198 SUA.
1630 177 1708 217 357

318 267 419 304 turn,
441 272 533 297 cum
553 258 594 296 in
613 258 693 311 ipsa
710 257 812 297 fame
832 258 1099 304 subvenifi‘ent,
1121 260 1301 299 custodiis
1322 261 1394 300 suls
1415 262 1588 302 clausum
1608 278 1703 304 con--

318 325 505 370 tinebant,
537 334 579 363 ut
599 324 725 363 subito
745 338 891 363 novum
911 326 1123 363 mitterent.
1157 327 1234 364 Res
1255 338 1332 365 erat
1360 342 1437 367 non
1462 330 1501 367 in
1522 331 1705 384 opinione

316 391 447 436 dubia,
468 391 531 429 sed
551 391 591 429 in
610 390 783 444 praesenti
802 400 916 443 atque
936 399 1022 428 ante
1041 391 1173 428 oculos
1194 394 1385 445 proposito
1406 397 1602 447 periculo:
1635 413 1702 437 ne-

316 470 391 508 que
413 457 452 494 id
472 458 690 509 conjectura
714 456 1038 509 prospiciebamus
1055 485 1067 501 ,
1098 456 1159 493 sed
1181 457 1262 508 jam
1290 461 1436 511 experti
1463 462 1700 503 videbamus.

315 523 436 567 Nam,
467 535 560 560 cum
579 521 851 574 ingravesceret
870 534 1033 566 annona,
1064 530 1107 558 ut
1121 522 1204 573 jam
1224 523 1336 575 plane
1356 524 1486 578 inopia
1506 541 1547 565 ac
1568 528 1701 576 fames,

312 601 390 626 non
421 588 574 631 caritas,
607 588 826 631 timeretur,
857 586 1062 624 concursus
1093 586 1146 624 est
1175 587 1221 625 ad
1252 589 1446 642 templum
1478 593 1703 633 Concordiae

309 653 444 698 fastus,
467 653 639 691 senatum
660 652 755 690 illuc
776 662 935 691 vocante
954 653 1122 691 Metello
1141 654 1309 692 consule.
1334 657 1415 708 Qi
1436 658 1461 696 fi
1483 673 1591 698 verus
1612 661 1702 708 fuit,

252 757 257 761 ,
310 733 358 759 ex
377 720 507 759 dolore
526 719 751 764 hominum,
783 728 821 758 et
847 718 978 764 fame;
1010 729 1112 757 certe
1138 721 1310 759 consules
1330 724 1480 763 causam
1502 726 1699 780 suscipere,

309 795 411 824 certe
431 786 578 824 senatus
598 785 745 837 aliquid
765 784 1061 838 confilii‘capere
1079 786 1220 838 potuit.
1241 787 1305 825 Sin
1322 788 1429 827 causa
1444 789 1520 829 fuit
1536 806 1700 840 annona,

308 852 502 890 seditionis
534 851 692 903 quidem
728 850 986 889 instimulator
1015 860 1054 889 et
1087 852 1300 891 concitator
1331 863 1373 892 tu
1407 855 1540 902 fuisti;
1572 872 1700 899 nonne

308 918 350 956 id
379 917 570 970 agendum
599 916 710 956 nobis
741 917 923 955 omnibus
953 916 1054 963 fuit,
1087 926 1130 956 ut
1159 920 1359 958 materiem
1392 921 1699 966 subtraheremus

306 984 430 1023 furori
449 994 516 1023 tuo
534 985 547 1022 ?

361 1052 471 1103 Qid
485 1081 495 1097 ,
528 1051 553 1090 fi
575 1061 783 1104 utrumque
804 1051 905 1097 fuit,
936 1061 974 1091 et
995 1061 1038 1091 ut
1057 1052 1178 1092 fames
1199 1054 1408 1095 stimularet
1428 1056 1629 1105 homines,
1659 1071 1700 1100 et

305 1127 348 1156 tu
367 1118 407 1155 in
427 1116 503 1156 hoc
524 1118 663 1163 ulcere,
695 1127 879 1170 tanquam
900 1119 1054 1171 unguis,
1076 1120 1249 1158 existeres
1271 1122 1283 1158 ?
1305 1136 1432 1161 nonne
1451 1123 1527 1162 fuit
1547 1139 1592 1164 eo
1610 1141 1696 1165 ma-

299 1184 362 1235 jor
381 1182 596 1222 adhibenda
615 1183 821 1229 medicina,
852 1197 937 1236 quae
965 1193 1003 1222 et
1031 1185 1130 1222 illud
1156 1187 1328 1225 nativum
1356 1198 1393 1226 et
1419 1188 1494 1228 hoc
1522 1192 1694 1232 delatum

303 1249 453 1287 malum
478 1249 603 1287 sanare
629 1248 779 1302 posset?
811 1250 903 1287 Erat
929 1250 1049 1302 igitur
1074 1260 1111 1288 et
1130 1251 1288 1303 praesens
1310 1254 1442 1292 caritas
1460 1285 1471 1300 ‚
1503 1266 1540 1294 et
1566 1257 1695 1297 futura

302 1314 438 1354 fames.
470 1316 564 1354 Non
584 1315 637 1353 est
657 1315 742 1353 satis
762 1330 771 1354 ε
800 1315 897 1354 facta
916 1316 1098 1369 lapidatio
1121 1317 1186 1356 est.
1220 1319 1258 1356 Si
1285 1333 1331 1358 ex
1356 1321 1485 1359 dolore
1511 1323 1662 1375 plebeio
1680 1356 1691 1371 ‚

301 1382 410 1420 nullo
430 1382 644 1427 incitante3
676 1395 864 1434 magnum
885 1382 1034 1420 malum
1053 1397 1062 1421 :
1093 1383 1118 1420 fi
1140 1384 1184 1421 P.
1209 1384 1340 1423 Clodii
1360 1386 1554 1440 impulsu3
1578 1391 1692 1429 usita-

303 1456 389 1485 tum
409 1447 580 1485 hominis
601 1447 802 1486 facinorosi
823 1447 943 1485 scelus
962 1462 971 1485 :
1003 1448 1029 1485 fi
1051 1457 1262 1501 utrumque
1278 1480 1289 1495 ,
1321 1461 1364 1489 ut
1383 1462 1420 1490 et
1442 1468 1496 1492 res
1516 1455 1604 1494 e'ffet
1624 1471 1665 1495 ea
1679 1488 1691 1503 ,

301 1526 386 1565 quae
418 1513 479 1550 sua
508 1513 640 1565 sponte
671 1513 935 1550 multitudinis
967 1513 1115 1552 animos
1148 1515 1337 1562 incitaret,
1367 1527 1405 1556 et
1431 1522 1549 1571 parati
1577 1531 1692 1575 atque

299 1580 435 1617 armati
469 1579 662 1616 seditionis
697 1579 842 1623 duces,
874 1578 1072 1616 videturne
1104 1580 1181 1632 ipsa
1215 1582 1426 1635 respublica
1456 1594 1494 1624 et
1524 1589 1689 1627 consulis

299 1645 490 1683 auxilium
512 1644 724 1697 implorasse
740 1674 751 1689 ,
783 1653 821 1682 et
847 1645 994 1682 senatus
1015 1645 1132 1683 fidem
1152 1647 1165 1683 ?
1197 1649 1321 1700 Atqui
1343 1658 1551 1703 utrumque
1579 1653 1689 1693 fuiflc

297 1711 544 1764 perspicuum
564 1711 630 1755 est,
661 1711 931 1749 difficultatem
952 1725 1124 1758 annonae,
1153 1713 1421 1768 summamque
1442 1717 1613 1770 inopiam
1635 1722 1688 1758 rei

292 1777 583 1830 frumentariae,
615 1786 658 1815 ut
677 1776 855 1816 homines
877 1792 954 1816 non
969 1779 1051 1830 jam
1072 1779 1294 1819 diuturnam
1315 1783 1530 1828 caritatem,
1563 1786 1623 1824 sed
1646 1797 1687 1825 ut

297 1843 458 1889 famem,
483 1845 594 1897 plane
615 1844 795 1882 timerent
814 1860 822 1883 :
855 1858 971 1883 nemo
992 1855 1117 1898 negat.
1151 1848 1266 1885 Hanc
1287 1848 1416 1894 istum,
1438 1851 1507 1888 otii
1527 1861 1565 1889 et
1584 1854 1686 1904 pacis

296 1909 460 1955 hostem,
492 1910 642 1948 causam
662 1920 904 1962 arrepturum
925 1910 1034 1949 fuiffe
1055 1912 1100 1949 ad
1121 1913 1312 1958 incendia,
1334 1915 1492 1961 caedem,
1523 1919 1684 1970 rapinas,

296 1975 401 2020 nolo,
434 1976 653 2020 Pontifices,
685 1976 943 2028 suspicemini,
975 1977 1044 2015 nifi
1064 1978 1248 2017 videritis.

352 2042 433 2093 Qi
455 2043 540 2080 sunt
561 2042 737 2080 homines
758 2057 778 2081 a
799 2044 1043 2095 QMetello
1059 2073 1070 2089 ,
1101 2044 1214 2083 fratre
1235 2056 1325 2092 tuo,
1357 2048 1511 2086 consule
1525 2079 1535 2094 ,
1567 2051 1605 2088 in
1628 2051 1683 2088 se-

298 2117 388 2145 natu
422 2109 546 2159 palam
577 2109 794 2153 nominati,
827 2123 847 2145 a
881 2110 1022 2160 quibus
1053 2110 1117 2148 ille
1147 2112 1182 2148 se
1214 2112 1406 2164 lapidibus
1437 2117 1650 2166 appetitum
1669 2146 1680 2160 ‚

296 2175 409 2211 etiam
432 2174 662 2226 percussum,
693 2175 763 2213 effe
784 2176 882 2213 dixit
901 2177 913 2212 ?
946 2177 993 2214 L.
1018 2177 1194 2229 Sergium
1215 2187 1252 2215 et
1273 2179 1334 2216 M.
1355 2180 1528 2217 Lollium
1550 2183 1679 2219 nomi-

297 2242 412 2278 navit.
490 2241 545 2277 uis
567 2241 618 2278 est
638 2241 704 2278 iste
725 2242 875 2280 Lollius
896 2243 907 2278 ?
939 2243 1006 2294 qui
1027 2243 1103 2280 fine
1122 2243 1222 2282 ferro
1243 2258 1290 2282 ne
1310 2259 1413 2283 nunc
1441 2247 1597 2297 quidem
1621 2257 1678 2285 te-

296 2320 386 2344 cum
408 2306 487 2349 est;
520 2307 586 2357 qui
605 2335 615 2350 ‚
648 2316 683 2344 te
704 2308 859 2346 tribuno
880 2308 1002 2361 plebis
1020 2338 1031 2353 ‚
1062 2308 1161 2346 nihil
1190 2310 1235 2347 de
1256 2325 1318 2348 me
1345 2311 1469 2348 dicam
1488 2339 1498 2354 ,
1530 2312 1588 2349 sed
1610 2314 1678 2365 qui

295 2375 369 2411 Cn.
395 2373 641 2423 Pompeium,
673 2372 984 2412 interficiendum
1015 2374 1247 2427 depoposcit.
1281 2376 1381 2426 Qis
1412 2375 1463 2412 est
1495 2378 1676 2429 Sergius?

294 2440 456 2491 armiger
494 2439 669 2476 Catilinae
687 2467 697 2483 ,
738 2439 891 2490 stipator
930 2440 984 2477 tui
1023 2442 1190 2491 corporis
1209 2469 1219 2484 ,
1260 2440 1413 2492 signifer
1452 2442 1645 2483 seditionis
1663 2474 1676 2491 ,
