2212 2835
477 158 559 198 434
975 143 1376 181 ORATIO

479 246 699 288 ostendero3
734 242 832 281 nihil
854 243 900 281 de
921 257 1035 296 poena
1066 244 1260 283 recusabo.
1294 245 1359 283 Sin
1381 243 1511 283 omnia
1538 244 1759 298 praestitero,
1791 260 1876 299 quae

478 313 565 350 sunt
585 326 605 349 a
626 311 735 349 bonis
757 311 847 348 viris
874 311 1112 364 expetenda;
1144 321 1274 365 petam
1306 326 1326 349 a
1356 312 1481 357 vobis,
1512 312 1683 364 Judices,
1716 322 1773 359 ut,
1804 327 1876 352 cu-

472 380 535 430 jus
569 377 829 415 misericordia
860 377 955 415 salus
987 391 1073 416 mea
1103 378 1291 416 custodita
1322 378 1380 424 fit,
1412 379 1447 416 ei
1478 392 1544 417 vos
1573 379 1732 417 vestram
1760 379 1876 418 mise-

477 444 697 489 ricordiam,
731 457 793 482 me
822 444 1062 496 deprecante,
1094 445 1283 483 tribuatis.
1318 445 1514 497 Equidem
1545 445 1589 483 ad
1620 446 1788 498 reliquos
1820 446 1877 484 la-

478 511 603 555 bores,
634 524 731 562 quos
764 510 804 547 in
839 509 910 548 hac
946 510 1056 548 causa
1090 511 1251 563 majores
1283 510 1460 564 suscipiO,
1492 525 1610 564 quam
1640 512 1681 550 in
1716 513 1878 558 caeteris,

477 578 594 616 etiam
621 575 720 615 hanc
742 576 954 614 molestiam
978 577 1150 622 affumo,
1185 577 1289 630 quod
1318 577 1417 615 mihi
1445 592 1521 615 non
1549 579 1674 616 solum
1700 593 1771 632 pro
1799 580 1876 618 Cn.

479 644 637 682 Plancio
661 643 871 680 dicendum
901 642 980 688 est,
1014 645 1123 695 cujus
1150 657 1221 696 ego
1250 642 1411 682 salutern
1439 658 1516 682 non
1544 644 1648 683 secus
1675 658 1718 682 ac
1749 658 1878 683 meam

479 710 577 748 tueri
603 709 750 752 debeo;
785 707 845 745 sed
872 709 990 746 etiam
1018 722 1087 760 pro
1110 723 1172 746 me
1202 709 1281 761 ipso
1300 739 1310 753 ‚
1342 710 1388 747 de
1416 723 1495 762 quo
1514 710 1746 749 accusatores
1767 711 1879 764 plura

478 789 589 829 pene,
621 787 739 827 quam
761 773 807 811 de
827 787 881 818 re,
914 787 1070 826 reoque,
1102 774 1294 813 dixerunt.

535 843 590 880 ΙΙ.
623 842 876 892 Qanquam,
907 841 1080 891 Judices,
1112 841 1137 878 s1
1159 840 1255 893 quid
1274 840 1326 878 est
1348 841 1388 879 in
1408 854 1471 879 me
1490 842 1572 895 ipso
1599 842 1651 880 ita
1671 842 1880 895 reprehen-

478 907 579 953 sum,
611 916 654 945 ut
676 907 714 944 id
736 907 782 944 ab
802 905 878 944 hoc
899 906 1112 959 sejunctum
1134 908 1192 952 sit,
1225 922 1301 946 non
1323 921 1385 946 me
1406 908 1445 946 id
1467 922 1699 962 magnopere
1718 918 1878 948 contur-

479 976 544 1013 bet
563 990 571 1013 ε
605 989 681 1013 non
703 974 808 1011 enim
830 975 964 1019 timeo,
997 988 1058 1019 ne,
1082 975 1172 1027 quia
1192 988 1343 1028 perraro
1362 976 1458 1028 grati
1484 975 1663 1014 homines
1685 977 1879 1029 reperian-

480 1052 542 1080 tur
558 1072 568 1087 ‚
601 1041 759 1084 idcirco,
791 1054 882 1078 cum
906 1054 969 1078 me
990 1041 1159 1079 nimium
1180 1051 1335 1094 gratum
1357 1041 1416 1079 illi
1436 1041 1507 1080 effe
1528 1043 1657 1080 dicant
1675 1072 1687 1088 ,
1718 1042 1758 1081 id
1778 1041 1879 1081 mihi

478 1107 732 1148 criminosum
753 1107 825 1145 effe
845 1107 969 1160 poffit.
1002 1109 1102 1160 Qae
1129 1122 1214 1147 vero
1234 1108 1286 1146 ita
1306 1108 1393 1147 sunt
1411 1109 1552 1162 agitata
1570 1110 1617 1147 ab
1638 1110 1730 1155 illis,
1753 1119 1795 1148 ut
1816 1119 1882 1148 aut

481 1177 617 1214 merita
644 1177 718 1213 Cn.
744 1175 891 1212 Plancii
918 1189 1005 1227 erga
1031 1189 1093 1212 me
1119 1175 1268 1213 minora
1295 1175 1365 1213 effe
1392 1175 1564 1214 dicerent
1581 1206 1591 1222 ‚
1623 1191 1740 1229 quam
1768 1191 1787 1214 a
1815 1190 1878 1214 me

479 1243 562 1296 ipso
592 1242 912 1294 praedicarentur3
945 1252 1022 1286 aut,
1055 1242 1080 1279 fi
1115 1242 1231 1280 effent
1262 1242 1427 1287 summa,
1460 1253 1640 1296 negarent
1672 1257 1714 1280 ea
1746 1252 1876 1281 tamen

480 1310 532 1346 ita
568 1308 712 1360 magni,
751 1318 793 1345 ut
828 1321 900 1360 ego
934 1318 1124 1361 putarem,
1160 1309 1339 1360 ponderis
1371 1309 1471 1362 apud
1506 1322 1571 1347 vos
1606 1308 1677 1346 effe
1711 1309 1874 1347 debere:

480 1375 564 1413 haec
586 1374 686 1412 mihi
707 1374 792 1412 sunt
814 1375 1017 1418 tractanda,
1050 1374 1220 1425 Judices‚
1252 1383 1290 1412 et
1317 1376 1484 1420 modice,
1517 1389 1564 1413 ne
1592 1376 1686 1428 quid
1714 1375 1792 1429 ipse
1812 1375 1875 1413 of-

480 1441 635 1479 fendam
654 1459 664 1485 ;
697 1450 734 1478 et
756 1450 839 1478 tum
861 1440 1029 1492 denique
1044 1470 1054 1484 ,
1086 1454 1176 1478 curn
1200 1441 1424 1492 respondero
1446 1442 1676 1480 criminibus
1691 1472 1701 1487 ,
1734 1456 1781 1480 ne
1802 1456 1878 1480 non

480 1518 558 1544 tarn
579 1506 797 1544 innocentia
818 1519 902 1544 reus
925 1506 1000 1550 sua,
1019 1519 1135 1558 quam
1159 1506 1420 1545 recordatione
1441 1521 1618 1545 meorum
1640 1516 1881 1560 temporum,

479 1573 652 1612 defensus
673 1573 744 1611 effe
765 1573 951 1611 videatur.

538 1640 607 1678 Sed
630 1639 728 1677 mihi
748 1639 787 1677 in
808 1639 917 1677 causa
936 1638 1056 1685 facili,
1076 1650 1191 1693 atque
1210 1641 1413 1694 explicata,
1435 1641 1686 1695 perdifficilis,
1704 1641 1882 1694 Judices,

481 1716 518 1744 et
545 1707 708 1751 lubrica,
738 1705 967 1744 defensionis
999 1707 1094 1744 ratio
1121 1707 1362 1759 proponitur.
1396 1709 1518 1752 Nam,
1549 1709 1574 1746 fi
1606 1707 1879 1746 tantummodo

481 1772 580 1810 mihi
613 1772 755 1810 necesse
783 1773 872 1810 effet
906 1782 1038 1810 contra
1068 1772 1309 1810 Laterensem
1342 1774 1481 1818 dicere,
1513 1783 1640 1811 tamen
1676 1774 1715 1811 id
1749 1773 1877 1826 ipsum

480 1840 568 1877 effer
591 1839 629 1876 in
652 1849 759 1877 tanto
780 1839 848 1876 usu
876 1839 1002 1877 nostro
1020 1868 1030 1883 ‚
1063 1848 1244 1891 tantaque
1268 1840 1438 1877 amicitia
1456 1869 1466 1886 ,
1499 1840 1719 1878 molestum.
1753 1841 1877 1878 Vetus

480 1906 583 1942 enirn
618 1904 670 1942 est
702 1904 762 1942 lex
794 1905 860 1942 illa
885 1905 994 1956 justae
1021 1919 1192 1958 verasque
1219 1906 1412 1951 amicitiae,
1444 1920 1529 1958 quae
1556 1905 1657 1944 mihi
1688 1920 1780 1944 curn
1809 1907 1878 1944 illo

476 1973 556 2023 jam
590 1971 655 2008 diu
687 1971 753 2015 est,
790 1980 832 2008 ut
864 1972 967 2009 idern
1000 1972 1115 2009 amici
1148 1972 1293 2024 semper
1324 1972 1470 2011 velint:
1513 1987 1638 2026 neque
1668 1973 1721 2011 est
1752 1973 1878 2012 ullum

481 2037 622 2075 certius
644 2037 825 2074 amicitiae
853 2037 1070 2082 vinculum,
1101 2052 1218 2091 quam
1240 2039 1440 2077 consensus
1461 2048 1498 2077 et
1522 2039 1676 2077 societas
1697 2039 1878 2077 confilio-

482 2117 567 2141 rum
590 2112 626 2140 et
649 2103 906 2141 voluntatum.
926 2102 1034 2141 Mihi
1057 2113 1187 2142 autern
1209 2118 1283 2142 non
1306 2105 1423 2143 modo
1444 2106 1482 2143 id
1503 2105 1556 2143 est
1575 2106 1614 2144 in
1636 2105 1708 2144 hac
1729 2119 1767 2143 re
1789 2119 1876 2143 mo—

483 2169 721 2206 lestiffimum
737 2198 747 2214 ‚
779 2178 911 2207 contra
932 2170 1045 2207 illum
1067 2171 1216 2216 dicere,
1248 2170 1308 2209 sed
1331 2172 1456 2210 multo
1476 2172 1573 2210 illud
1595 2173 1717 2225 magis
1732 2202 1742 2217 ,
1772 2171 1879 2224 quod

481 2251 520 2273 in
543 2250 584 2273 ea
604 2235 711 2273 causa
730 2246 862 2273 contra
882 2237 1090 2274 dicendum
1112 2237 1163 2274 est
1181 2267 1192 2282 ,
1224 2238 1263 2275 in
1293 2252 1369 2290 qua
1388 2239 1563 2291 quaedam
1585 2238 1793 2278 hominum
1815 2239 1877 2291 ip-

484 2304 609 2340 iorum
636 2303 785 2340 videtur
805 2301 977 2341 facienda
997 2303 1067 2341 effe
1087 2305 1301 2343 contentio.

537 2370 687 2420 Qaerit
709 2370 813 2407 enirn
837 2370 1045 2408 Laterensis
1063 2399 1073 2414 ,
1106 2379 1219 2422 atque
1240 2370 1314 2408 hoc
1337 2385 1415 2409 uno
1435 2373 1605 2410 maxime
1631 2381 1741 2424 urget
1759 2401 1769 2416 ,
1801 2385 1877 2424 qua

481 2435 515 2473 se
537 2436 689 2480 virtute,
721 2448 795 2487 qua
823 2436 933 2474 laude
960 2436 1154 2481 Plancius,
1186 2450 1260 2489 qua
1288 2438 1488 2490 dignitate,
1521 2438 1715 2491 superarit.
1749 2438 1819 2481 Ita,
1850 2436 1877 2474 fi
