2212 2835
754 208 894 247 PRO
953 208 1002 246 L.
1063 208 1399 247 MURENA
1711 222 1784 263 227

394 304 500 343 enim
527 305 573 343 ad
600 304 770 358 pericula
796 304 1049 358 propulsanda
1075 307 1371 352 concurrimus5
1403 316 1441 345 et
1467 306 1535 359 qui
1564 320 1640 345 non
1663 314 1789 359 aperte

394 372 547 410 inimici
567 372 713 417 sumus,
744 372 861 410 etiam
883 372 1132 417 alieniffimis,
1164 373 1204 410 in
1224 373 1360 425 capitis
1381 373 1575 425 periculis,
1606 372 1787 411 amiciffi-

394 451 550 476 morum
571 437 698 476 officia
717 446 755 475 et
774 436 896 475 studia
914 437 1147 490 praestamus.
1181 438 1310 489 Qare
1336 451 1421 490 ego,
1453 448 1633 490 expertus
1660 448 1698 477 et
1718 451 1787 491 ρετ-ε

393 505 512 548 tendi,
543 513 581 542 et
601 502 846 548 defendendi,
877 513 914 541 et
934 503 1150 548 accusandi,
1182 504 1412 549 molestiam,
1444 504 1493 542 fic
1515 505 1715 550 intellexi5
1747 506 1788 543 in

392 570 560 622 petendo
591 569 762 608 studium
793 569 865 607 effe
894 570 1142 614 acerrimum,
1179 569 1219 608 in
1251 568 1492 609 defendendo
1523 571 1713 616 officium,
1749 571 1789 609 in

391 636 602 674 accusando
622 636 808 676 laborem.
841 637 976 690 Itaque
997 637 1047 675 fic
1067 636 1202 682 statuo,
1234 636 1316 675 fieri
1338 637 1446 675 nullo
1467 637 1584 676 modo
1605 637 1721 691 poffe,
1747 646 1791 675 ut

390 702 497 741 idem
517 705 813 750 accusationem,
844 712 883 742 et
901 704 1133 758 petitionem
1154 703 1386 750 consulatus,
1408 704 1614 758 diligenter
1632 703 1791 743 adornet

391 777 507 822 atque
531 770 704 809 instruat.
737 771 877 809 Unum
897 770 1076 808 sustinere
1095 770 1209 823 pauci
1229 769 1396 823 possunt,
1427 779 1639 823 utrumque
1658 783 1789 809 nemo„

392 835 474 880 Tu,
505 849 597 874 cum
626 846 663 875 te
689 836 735 874 de
760 836 956 874 curriculo
982 836 1181 889 petitionis
1208 835 1431 881 deflexisses,
1462 837 1719 888 animumque
1745 836 1791 875 ad

393 902 651 941 accusandum
672 902 928 948 transtulisse&
959 903 1196 948 existimasti,
1227 913 1265 942 te
1285 904 1440 956 utrique
1467 903 1625 957 negotio
1644 902 1791 941 satisfa-

392 981 478 1007 cere
496 968 621 1022 poffe?
643 968 908 1008 Vehementer
926 970 1067 1008 errasti.
1091 971 1192 1023 Qis
1210 971 1316 1009 enim
1337 970 1416 1008 dies
1437 969 1527 1015 fuit,
1545 969 1792 1024 posteaquam

392 1034 435 1074 in
464 1035 575 1074 istam
606 1036 807 1075 accusandi
837 1036 1172 1076 denuntiationem
1203 1036 1386 1090 ingreffus
1414 1050 1468 1083 es,
1499 1050 1618 1090 quem
1645 1045 1687 1075 tu
1712 1049 1791 1075 non

391 1110 522 1141 totum
541 1103 582 1141 in
604 1103 672 1142 ista
691 1103 837 1142 ratione
857 1103 1135 1156 consumpseris
1155 1104 1168 1140 ?

444 1169 602 1208 XXIII.
635 1171 784 1222 Legem
805 1168 975 1208 ambitus
996 1169 1184 1223 flagitasti,
1218 1183 1303 1222 quae
1324 1169 1397 1208 tibi
1421 1183 1499 1208 non
1528 1170 1655 1209 deerat
1669 1188 1681 1215 3
1713 1178 1792 1208 erat

391 1234 499 1273 enIm
518 1235 745 1274 severiffime
764 1235 902 1289 scripta
923 1235 1141 1289 Culpurnia
1160 1251 1169 1275 :
1201 1235 1326 1289 gestus
1351 1235 1405 1274 est
1425 1250 1509 1275 mos
1529 1245 1568 1274 et
1587 1236 1791 1281 voluntati,

390 1309 431 1339 et
450 1300 632 1355 dignitati
653 1310 741 1341 tuae.
773 1302 846 1341 Sed
867 1310 946 1341 tota
966 1302 1033 1340 illa
1053 1302 1116 1341 lcx
1135 1302 1419 1341 accusationem
1440 1311 1563 1347 tuam,
1588 1301 1613 1341 fi
1635 1301 1792 1341 haberes

390 1377 597 1407 nocentem
627 1383 753 1414 reum,
783 1367 934 1408 fortaffe
961 1368 1134 1408 armasset
1149 1387 1161 1415 ς
1193 1369 1375 1423 petitioni
1401 1383 1491 1408 vero
1517 1367 1700 1423 refragata
1724 1370 1791 1408 est.

391 1435 513 1474 Poena
531 1436 680 1489 gravior
700 1436 740 1474 in
761 1435 918 1489 plebem
939 1444 1004 1475 tua
1023 1449 1118 1474 voce
1137 1435 1344 1489 efflagitata
1363 1436 1440 1475 est:
1464 1436 1656 1475 commoti
1673 1436 1793 1474 animi

392 1501 480 1540 sunt
500 1502 738 1540 tenuiorum.
763 1501 941 1540 Exilium
961 1501 1001 1539 in
1022 1501 1195 1541 nostrum
1215 1502 1417 1540 ordinem:
1440 1502 1622 1541 conceffit
1644 1501 1793 1541 senatus

393 1567 641 1619 postulationi
666 1577 741 1606 tuae
755 1586 767 1613 ;
799 1567 861 1605 sed
888 1581 967 1606 non
995 1567 1160 1606 libenter
1187 1567 1384 1607 duriorem
1404 1567 1568 1607 fortunae
1588 1569 1795 1608 communi

392 1634 675 1680 conditionem,
710 1643 747 1673 te
780 1636 946 1680 auitore,
982 1634 1195 1674 constituit.
1237 1635 1375 1674 Morbi
1409 1635 1646 1675 excusationi
1680 1649 1795 1688 poena

392 1700 521 1738 addita
540 1700 593 1738 est
611 1715 620 1739 z
653 1701 830 1738 voluntas
852 1700 993 1738 offensa
1014 1700 1244 1746 multorum,
1277 1701 1418 1754 quibus
1447 1710 1513 1740 aut
1536 1710 1670 1741 contra
1689 1701 1791 1739 vale-

393 1767 540 1805 tudinis
575 1767 832 1805 commodum
867 1767 1122 1806 laborandum
1161 1768 1227 1814 est,
1268 1778 1334 1806 aut
1372 1769 1626 1807 incommodo
1664 1768 1792 1807 morbi

392 1835 510 1873 etiam
545 1834 672 1873 caeteri
702 1835 790 1872 vitae
820 1833 967 1873 fruffihis
999 1834 1254 1888 relinquendi.
1296 1835 1405 1887 Qid
1436 1836 1558 1889 ergo?
1589 1834 1671 1873 haec
1704 1835 1792 1888 quis

392 1900 518 1938 tulit?
549 1900 596 1946 is,
627 1900 696 1953 qui
725 1901 941 1939 auctoritati
968 1900 1131 1947 senatus,
1163 1902 1354 1940 voluntati
1375 1911 1461 1947 tuae,
1492 1902 1647 1955 paruit:
1680 1901 1791 1940 deni-

393 1979 470 2018 que
495 1966 526 2004 is
554 1966 659 2012 tulit,
690 1967 755 2005 cui
781 1967 946 2006 minime
971 1968 1189 2021 proderant·
1224 1968 1308 2013 Illa,
1340 1982 1424 2020 quae
1445 1981 1530 2007 mea
1551 1967 1701 2006 summa
1720 1981 1791 2005 vo-

394 2034 542 2071 luntate
575 2032 723 2071 senatus
754 2032 934 2086 frequens
967 2035 1196 2088 repudiavit,
1227 2035 1473 2073 mediocriter
1505 2034 1692 2073 adversata
1718 2034 1791 2072 tibi

392 2098 463 2137 effe
483 2099 674 2138 existimas
694 2100 706 2137 ?
738 2099 1016 2140 Confufionem
1037 2101 1306 2155 suffragiorum
1329 2101 1518 2154 flagitasti,
1549 2100 1789 2154 prorogatio-

394 2178 485 2203 nem
505 2164 599 2217 legis
621 2165 810 2211 Maniliae,
832 2167 1087 2218 aequationem
1108 2170 1251 2220 gratiae,
1273 2168 1487 2220 dignitatis,
1504 2166 1788 2220 suffragiorum.

395 2231 574 2270 Graviter
593 2229 772 2270 homines
793 2231 958 2278 honesti,
975 2242 1090 2286 atque
1105 2235 1145 2271 in
1167 2233 1240 2272 suis
1262 2233 1484 2272 civitatibus
1504 2242 1543 2272 et
1562 2232 1788 2284 municipiis

393 2296 559 2351 gratiofi,
591 2296 775 2343 tulerunt,
807 2311 828 2336 a
847 2299 913 2337 tali
935 2300 1016 2338 viro
1036 2299 1107 2338 effe
1126 2309 1357 2353 pugnatum,
1380 2308 1422 2338 ut
1443 2311 1577 2337 omnes
1598 2306 1636 2335 et
1656 2297 1788 2349 digni-

395 2364 483 2402 tatis
516 2372 554 2400 et
584 2363 712 2415 gratiae
743 2364 880 2416 gradus
915 2365 1153 2404 tollerentur.
1195 2366 1304 2404 Idem
1336 2365 1503 2403 edititios
1533 2363 1684 2415 judices
1718 2363 1789 2402 effe

395 2430 562 2475 voluisti,
599 2438 642 2468 ut
675 2429 761 2468 odia
793 2431 946 2469 occulta
979 2433 1140 2477 civium,
1177 2446 1261 2484 quae
1295 2432 1420 2469 tacitis
1455 2444 1559 2468 nunc
1592 2430 1787 2469 discordiis

390 2498 655 2544 continentur,
686 2497 726 2536 in
746 2495 917 2537 fortunas
938 2499 1078 2552 optimi
1098 2498 1282 2551 cujusque
1302 2506 1561 2550 erumperent.

1352 2565 1384 2601 F
1413 2563 1436 2602 f
1461 2577 1482 2603 2
