<?xml version="1.0" encoding="UTF-8"?>
<!DOCTYPE html PUBLIC "-//W3C//DTD XHTML 1.0 Transitional//EN"
    "http://www.w3.org/TR/xhtml1/DTD/xhtml1-transitional.dtd">
<html xmlns="http://www.w3.org/1999/xhtml" xml:lang="en" lang="en">
 <head>
  <title>
</title>
<meta http-equiv="Content-Type" content="text/html;charset=utf-8" />
  <meta name='ocr-system' content='tesseract 3.04.00' />
  <meta name='ocr-capabilities' content='ocr_page ocr_carea ocr_par ocr_line ocrx_word'/>
</head>
<body>
  <div class='ocr_page' id='page_1' title='image "./operacumindicibu05ciceuoft_0148.png"; bbox 0 0 2212 2835; ppageno 0'>
   <div class='ocr_carea' id='block_1_1' title="bbox 371 164 1273 222">
    <p class='ocr_par' dir='ltr' id='par_1_1' title="bbox 371 164 1273 222">
     <span class='ocr_line' id='line_1_1' title="bbox 371 164 1273 222; baseline -0.008 -13"><span class='ocrx_word' id='word_1_1' title='bbox 371 169 443 222; x_wconf 83' lang='lat'>138</span> <span class='ocrx_word' id='word_1_2' title='bbox 873 164 1273 204; x_wconf 89' lang='lat' dir='ltr'>ORATIO</span> 
     </span>
    </p>
   </div>
   <div class='ocr_carea' id='block_1_2' title="bbox 367 260 1754 1170">
    <p class='ocr_par' dir='ltr' id='par_1_2' title="bbox 368 260 1746 382">
     <span class='ocr_line' id='line_1_2' title="bbox 369 260 1746 319; baseline -0.004 -14"><span class='ocrx_word' id='word_1_3' title='bbox 369 268 542 319; x_wconf 85' lang='lat' dir='ltr'>Capuam</span> <span class='ocrx_word' id='word_1_4' title='bbox 564 273 684 303; x_wconf 88' lang='lat' dir='ltr'>totam</span> <span class='ocrx_word' id='word_1_5' title='bbox 705 262 905 302; x_wconf 88' lang='lat' dir='ltr'>transferre</span> <span class='ocrx_word' id='word_1_6' title='bbox 936 262 1105 315; x_wconf 80' lang='lat' dir='ltr'>vellent)</span> <span class='ocrx_word' id='word_1_7' title='bbox 1135 260 1306 316; x_wconf 70' lang='lat' dir='ltr'>profecto</span> <span class='ocrx_word' id='word_1_8' title='bbox 1336 275 1478 301; x_wconf 87' lang='lat' dir='ltr'>nomen</span> <span class='ocrx_word' id='word_1_9' title='bbox 1508 263 1612 302; x_wconf 87' lang='lat' dir='ltr'>illius</span> <span class='ocrx_word' id='word_1_10' title='bbox 1644 263 1746 302; x_wconf 83' lang='lat' dir='ltr'>urbis</span> 
     </span>
     <span class='ocr_line' id='line_1_3' title="bbox 368 329 712 382; baseline -0.009 -12"><span class='ocrx_word' id='word_1_11' title='bbox 368 345 445 370; x_wconf 91' lang='lat' dir='ltr'>non</span> <span class='ocrx_word' id='word_1_12' title='bbox 466 329 712 382; x_wconf 74' lang='lat' dir='ltr'>reliquissent.</span> 
     </span>
    </p>

    <p class='ocr_par' dir='ltr' id='par_1_3' title="bbox 367 392 1754 1170">
     <span class='ocr_line' id='line_1_4' title="bbox 423 392 1748 447; baseline -0.002 -14"><span class='ocrx_word' id='word_1_13' title='bbox 423 397 568 434; x_wconf 90' lang='lat' dir='ltr'>Verum</span> <span class='ocrx_word' id='word_1_14' title='bbox 590 395 882 439; x_wconf 78' lang='lat' dir='ltr'>arbitrabantur,</span> <span class='ocrx_word' id='word_1_15' title='bbox 915 393 1106 432; x_wconf 87' lang='lat' dir='ltr'>Corintho</span> <span class='ocrx_word' id='word_1_16' title='bbox 1125 402 1163 432; x_wconf 88' lang='lat' dir='ltr'>et</span> <span class='ocrx_word' id='word_1_17' title='bbox 1182 392 1422 447; x_wconf 86' lang='lat' dir='ltr'>Carthagini,</span> <span class='ocrx_word' id='word_1_18' title='bbox 1452 393 1569 432; x_wconf 86' lang='lat' dir='ltr'>etiam</span> <span class='ocrx_word' id='word_1_19' title='bbox 1596 393 1622 432; x_wconf 89' lang='lat' dir='ltr'>fi</span> <span class='ocrx_word' id='word_1_20' title='bbox 1646 392 1748 431; x_wconf 85' lang='lat' dir='ltr'>sena-</span> 
     </span>
     <span class='ocr_line' id='line_1_5' title="bbox 367 458 1749 513; baseline -0.003 -13"><span class='ocrx_word' id='word_1_21' title='bbox 367 470 453 500; x_wconf 88' lang='lat' dir='ltr'>tum</span> <span class='ocrx_word' id='word_1_22' title='bbox 480 471 516 499; x_wconf 94' lang='lat' dir='ltr'>et</span> <span class='ocrx_word' id='word_1_23' title='bbox 545 461 808 513; x_wconf 84' lang='lat' dir='ltr'>magistratum</span> <span class='ocrx_word' id='word_1_24' title='bbox 833 459 1073 505; x_wconf 75' lang='lat' dir='ltr'>sustulissent,</span> <span class='ocrx_word' id='word_1_25' title='bbox 1103 474 1316 513; x_wconf 87' lang='lat' dir='ltr'>agrumque</span> <span class='ocrx_word' id='word_1_26' title='bbox 1342 460 1490 499; x_wconf 86' lang='lat' dir='ltr'>civibus</span> <span class='ocrx_word' id='word_1_27' title='bbox 1514 458 1749 504; x_wconf 78' lang='lat' dir='ltr'>ademiffent,</span> 
     </span>
     <span class='ocr_line' id='line_1_6' title="bbox 367 525 1751 579; baseline -0.003 -13"><span class='ocrx_word' id='word_1_28' title='bbox 367 537 496 566; x_wconf 85' lang='lat' dir='ltr'>tamen</span> <span class='ocrx_word' id='word_1_29' title='bbox 529 541 606 565; x_wconf 89' lang='lat' dir='ltr'>non</span> <span class='ocrx_word' id='word_1_30' title='bbox 634 525 775 572; x_wconf 84' lang='lat' dir='ltr'>defore,</span> <span class='ocrx_word' id='word_1_31' title='bbox 807 527 875 578; x_wconf 87' lang='lat' dir='ltr'>qui</span> <span class='ocrx_word' id='word_1_32' title='bbox 903 526 968 564; x_wconf 88' lang='lat' dir='ltr'>illa</span> <span class='ocrx_word' id='word_1_33' title='bbox 993 526 1243 571; x_wconf 80' lang='lat' dir='ltr'>restituerent,</span> <span class='ocrx_word' id='word_1_34' title='bbox 1273 535 1385 578; x_wconf 88' lang='lat' dir='ltr'>atque</span> <span class='ocrx_word' id='word_1_35' title='bbox 1413 526 1482 579; x_wconf 92' lang='lat' dir='ltr'>qui</span> <span class='ocrx_word' id='word_1_36' title='bbox 1507 535 1594 564; x_wconf 88' lang='lat' dir='ltr'>ante</span> <span class='ocrx_word' id='word_1_37' title='bbox 1621 525 1751 563; x_wconf 88' lang='lat' dir='ltr'>omnia</span> 
     </span>
     <span class='ocr_line' id='line_1_7' title="bbox 368 590 1750 645; baseline -0.002 -14"><span class='ocrx_word' id='word_1_38' title='bbox 368 602 667 638; x_wconf 84' lang='lat' dir='ltr'>commutarent,</span> <span class='ocrx_word' id='word_1_39' title='bbox 698 606 814 645; x_wconf 88' lang='lat' dir='ltr'>quam</span> <span class='ocrx_word' id='word_1_40' title='bbox 840 605 907 630; x_wconf 87' lang='lat' dir='ltr'>nos</span> <span class='ocrx_word' id='word_1_41' title='bbox 935 592 1065 630; x_wconf 88' lang='lat' dir='ltr'>audire</span> <span class='ocrx_word' id='word_1_42' title='bbox 1095 591 1313 645; x_wconf 76' lang='lat' dir='ltr'>possemus3</span> <span class='ocrx_word' id='word_1_43' title='bbox 1343 590 1410 630; x_wconf 89' lang='lat' dir='ltr'>hic</span> <span class='ocrx_word' id='word_1_44' title='bbox 1431 605 1532 636; x_wconf 91' lang='lat' dir='ltr'>vero,</span> <span class='ocrx_word' id='word_1_45' title='bbox 1561 591 1600 629; x_wconf 90' lang='lat' dir='ltr'>in</span> <span class='ocrx_word' id='word_1_46' title='bbox 1627 591 1750 629; x_wconf 88' lang='lat' dir='ltr'>oculis</span> 
     </span>
     <span class='ocr_line' id='line_1_8' title="bbox 369 657 1751 712; baseline -0.002 -15"><span class='ocrx_word' id='word_1_47' title='bbox 369 659 516 697; x_wconf 88' lang='lat' dir='ltr'>senatus</span> <span class='ocrx_word' id='word_1_48' title='bbox 538 659 747 712; x_wconf 84' lang='lat' dir='ltr'>populique</span> <span class='ocrx_word' id='word_1_49' title='bbox 774 658 958 703; x_wconf 84' lang='lat' dir='ltr'>Romani,</span> <span class='ocrx_word' id='word_1_50' title='bbox 988 657 1087 696; x_wconf 88' lang='lat' dir='ltr'>nihil</span> <span class='ocrx_word' id='word_1_51' title='bbox 1114 657 1215 711; x_wconf 76' lang='lat' dir='ltr'>posse</span> <span class='ocrx_word' id='word_1_52' title='bbox 1243 657 1411 703; x_wconf 82' lang='lat' dir='ltr'>existere,</span> <span class='ocrx_word' id='word_1_53' title='bbox 1442 657 1546 710; x_wconf 87' lang='lat' dir='ltr'>quod</span> <span class='ocrx_word' id='word_1_54' title='bbox 1568 670 1644 695; x_wconf 89' lang='lat' dir='ltr'>non</span> <span class='ocrx_word' id='word_1_55' title='bbox 1664 666 1751 694; x_wconf 84' lang='lat' dir='ltr'>ante</span> 
     </span>
     <span class='ocr_line' id='line_1_9' title="bbox 369 722 1750 777; baseline -0.001 -15"><span class='ocrx_word' id='word_1_56' title='bbox 369 724 544 777; x_wconf 80' lang='lat' dir='ltr'>extingui</span> <span class='ocrx_word' id='word_1_57' title='bbox 571 733 686 776; x_wconf 88' lang='lat' dir='ltr'>atque</span> <span class='ocrx_word' id='word_1_58' title='bbox 712 723 881 777; x_wconf 86' lang='lat' dir='ltr'>opprimi</span> <span class='ocrx_word' id='word_1_59' title='bbox 909 722 1041 776; x_wconf 87' lang='lat' dir='ltr'>poffet,</span> <span class='ocrx_word' id='word_1_60' title='bbox 1072 736 1189 775; x_wconf 89' lang='lat' dir='ltr'>quam</span> <span class='ocrx_word' id='word_1_61' title='bbox 1209 723 1322 776; x_wconf 88' lang='lat' dir='ltr'>plane</span> <span class='ocrx_word' id='word_1_62' title='bbox 1341 732 1519 761; x_wconf 88' lang='lat' dir='ltr'>exortum</span> <span class='ocrx_word' id='word_1_63' title='bbox 1547 735 1588 761; x_wconf 90' lang='lat' dir='ltr'>ac</span> <span class='ocrx_word' id='word_1_64' title='bbox 1615 731 1750 760; x_wconf 84' lang='lat' dir='ltr'>natum</span> 
     </span>
     <span class='ocr_line' id='line_1_10' title="bbox 369 788 1753 842; baseline -0.001 -14"><span class='ocrx_word' id='word_1_65' title='bbox 369 790 470 830; x_wconf 74' lang='lat' dir='ltr'>esset,</span> <span class='ocrx_word' id='word_1_66' title='bbox 493 790 633 842; x_wconf 86' lang='lat' dir='ltr'>Neque</span> <span class='ocrx_word' id='word_1_67' title='bbox 649 803 736 828; x_wconf 89' lang='lat' dir='ltr'>vero</span> <span class='ocrx_word' id='word_1_68' title='bbox 751 803 792 827; x_wconf 87' lang='lat' dir='ltr'>ea</span> <span class='ocrx_word' id='word_1_69' title='bbox 808 803 864 828; x_wconf 87' lang='lat' dir='ltr'>res</span> <span class='ocrx_word' id='word_1_70' title='bbox 886 788 1026 827; x_wconf 88' lang='lat' dir='ltr'>fefellit</span> <span class='ocrx_word' id='word_1_71' title='bbox 1040 788 1232 834; x_wconf 89' lang='lat' dir='ltr'>homines,</span> <span class='ocrx_word' id='word_1_72' title='bbox 1254 789 1383 828; x_wconf 90' lang='lat' dir='ltr'>divina</span> <span class='ocrx_word' id='word_1_73' title='bbox 1398 798 1527 827; x_wconf 89' lang='lat' dir='ltr'>mente</span> <span class='ocrx_word' id='word_1_74' title='bbox 1542 799 1579 828; x_wconf 89' lang='lat' dir='ltr'>et</span> <span class='ocrx_word' id='word_1_75' title='bbox 1594 788 1753 827; x_wconf 91' lang='lat' dir='ltr'>confilio</span> 
     </span>
     <span class='ocr_line' id='line_1_11' title="bbox 368 854 1752 909; baseline -0.002 -15"><span class='ocrx_word' id='word_1_76' title='bbox 368 856 544 909; x_wconf 84' lang='lat' dir='ltr'>praeditos</span> <span class='ocrx_word' id='word_1_77' title='bbox 564 871 571 893; x_wconf 72' lang='grc' dir='ltr'><strong>ε</strong></span> <span class='ocrx_word' id='word_1_78' title='bbox 596 869 684 893; x_wconf 87' lang='lat' dir='ltr'>nam</span> <span class='ocrx_word' id='word_1_79' title='bbox 705 856 787 908; x_wconf 89' lang='lat' dir='ltr'>post</span> <span class='ocrx_word' id='word_1_80' title='bbox 807 856 1084 905; x_wconf 79' lang='lat' dir='ltr'>QFulvium,</span> <span class='ocrx_word' id='word_1_81' title='bbox 1107 854 1366 906; x_wconf 71' lang='lat' dir='ltr'>QFabium,</span> <span class='ocrx_word' id='word_1_82' title='bbox 1388 854 1586 899; x_wconf 90' lang='lat' dir='ltr'>Consules,</span> <span class='ocrx_word' id='word_1_83' title='bbox 1609 854 1752 906; x_wconf 90' lang='lat' dir='ltr'>quibus</span> 
     </span>
     <span class='ocr_line' id='line_1_12' title="bbox 371 918 1753 973; baseline -0.002 -14"><span class='ocrx_word' id='word_1_84' title='bbox 371 921 603 960; x_wconf 88' lang='lat' dir='ltr'>Consulibus</span> <span class='ocrx_word' id='word_1_85' title='bbox 626 922 756 973; x_wconf 84' lang='lat' dir='ltr'>Capua</span> <span class='ocrx_word' id='word_1_86' title='bbox 776 921 920 958; x_wconf 56' lang='lat' dir='ltr'>devicta</span> <span class='ocrx_word' id='word_1_87' title='bbox 945 930 1059 972; x_wconf 89' lang='lat' dir='ltr'>atque</span> <span class='ocrx_word' id='word_1_88' title='bbox 1085 929 1194 972; x_wconf 88' lang='lat' dir='ltr'>capta</span> <span class='ocrx_word' id='word_1_89' title='bbox 1219 919 1285 964; x_wconf 90' lang='lat' dir='ltr'>est,</span> <span class='ocrx_word' id='word_1_90' title='bbox 1315 918 1415 958; x_wconf 90' lang='lat' dir='ltr'>nihil</span> <span class='ocrx_word' id='word_1_91' title='bbox 1447 919 1498 957; x_wconf 91' lang='lat' dir='ltr'>est</span> <span class='ocrx_word' id='word_1_92' title='bbox 1524 920 1562 957; x_wconf 89' lang='lat' dir='ltr'>in</span> <span class='ocrx_word' id='word_1_93' title='bbox 1591 933 1633 957; x_wconf 87' lang='lat' dir='ltr'>ea</span> <span class='ocrx_word' id='word_1_94' title='bbox 1658 918 1753 956; x_wconf 89' lang='lat' dir='ltr'>urbe</span> 
     </span>
     <span class='ocr_line' id='line_1_13' title="bbox 369 983 1754 1039; baseline -0.001 -14"><span class='ocrx_word' id='word_1_95' title='bbox 369 997 501 1026; x_wconf 83' lang='lat' dir='ltr'>contra</span> <span class='ocrx_word' id='word_1_96' title='bbox 521 987 619 1024; x_wconf 80' lang='lat' dir='ltr'>hanc</span> <span class='ocrx_word' id='word_1_97' title='bbox 641 987 936 1039; x_wconf 81' lang='lat' dir='ltr'>rempublicam,</span> <span class='ocrx_word' id='word_1_98' title='bbox 969 1000 1045 1024; x_wconf 91' lang='lat' dir='ltr'>non</span> <span class='ocrx_word' id='word_1_99' title='bbox 1073 986 1160 1024; x_wconf 90' lang='lat' dir='ltr'>dico</span> <span class='ocrx_word' id='word_1_100' title='bbox 1187 985 1345 1030; x_wconf 61' lang='lat' dir='ltr'>faetum,</span> <span class='ocrx_word' id='word_1_101' title='bbox 1376 985 1438 1023; x_wconf 86' lang='lat' dir='ltr'>sed</span> <span class='ocrx_word' id='word_1_102' title='bbox 1465 983 1563 1023; x_wconf 90' lang='lat' dir='ltr'>nihil</span> <span class='ocrx_word' id='word_1_103' title='bbox 1591 985 1754 1024; x_wconf 84' lang='lat' dir='ltr'>omnino</span> 
     </span>
     <span class='ocr_line' id='line_1_14' title="bbox 369 1050 1754 1105; baseline -0.002 -14"><span class='ocrx_word' id='word_1_104' title='bbox 369 1053 645 1105; x_wconf 79' lang='lat' dir='ltr'>excogitatum.</span> <span class='ocrx_word' id='word_1_105' title='bbox 678 1053 809 1090; x_wconf 86' lang='lat' dir='ltr'>Multa</span> <span class='ocrx_word' id='word_1_106' title='bbox 840 1051 965 1105; x_wconf 88' lang='lat' dir='ltr'>postea</span> <span class='ocrx_word' id='word_1_107' title='bbox 995 1051 1093 1089; x_wconf 87' lang='lat' dir='ltr'>bella</span> <span class='ocrx_word' id='word_1_108' title='bbox 1111 1051 1211 1103; x_wconf 86' lang='lat' dir='ltr'>gesta</span> <span class='ocrx_word' id='word_1_109' title='bbox 1240 1065 1332 1090; x_wconf 89' lang='lat' dir='ltr'>cum</span> <span class='ocrx_word' id='word_1_110' title='bbox 1354 1051 1522 1104; x_wconf 79' lang='lat' dir='ltr'>regibuS,</span> <span class='ocrx_word' id='word_1_111' title='bbox 1555 1050 1754 1103; x_wconf 84' lang='lat' dir='ltr'>Philippo,</span> 
     </span>
     <span class='ocr_line' id='line_1_15' title="bbox 370 1116 1754 1170; baseline 0 -14"><span class='ocrx_word' id='word_1_112' title='bbox 370 1118 583 1163; x_wconf 84' lang='lat' dir='ltr'>Antiocho,</span> <span class='ocrx_word' id='word_1_113' title='bbox 625 1118 747 1162; x_wconf 81' lang='lat' dir='ltr'>Persa,</span> <span class='ocrx_word' id='word_1_114' title='bbox 785 1117 1125 1170; x_wconf 88' lang='lat' dir='ltr'>PseudophilippO,</span> <span class='ocrx_word' id='word_1_115' title='bbox 1163 1116 1395 1161; x_wconf 81' lang='lat' dir='ltr'>Aristonico,</span> <span class='ocrx_word' id='word_1_116' title='bbox 1434 1116 1679 1161; x_wconf 89' lang='lat' dir='ltr'>Mithridate,</span> <span class='ocrx_word' id='word_1_117' title='bbox 1716 1124 1754 1156; x_wconf 90' lang='lat' dir='ltr'>et</span> 
     </span>
    </p>
   </div>
   <div class='ocr_carea' id='block_1_3' title="bbox 370 1182 1826 1236">
    <p class='ocr_par' dir='ltr' id='par_1_4' title="bbox 370 1182 1826 1236">
     <span class='ocr_line' id='line_1_16' title="bbox 370 1182 1826 1236; baseline -0.003 -12"><span class='ocrx_word' id='word_1_118' title='bbox 370 1186 537 1224; x_wconf 83' lang='lat' dir='ltr'>caeteris:</span> <span class='ocrx_word' id='word_1_119' title='bbox 570 1184 692 1222; x_wconf 88' lang='lat' dir='ltr'>multa</span> <span class='ocrx_word' id='word_1_120' title='bbox 722 1193 899 1236; x_wconf 85' lang='lat' dir='ltr'>praeterea</span> <span class='ocrx_word' id='word_1_121' title='bbox 928 1183 1028 1220; x_wconf 83' lang='lat' dir='ltr'>b&#39;ella</span> <span class='ocrx_word' id='word_1_122' title='bbox 1052 1183 1179 1235; x_wconf 89' lang='lat' dir='ltr'>gravia</span> <span class='ocrx_word' id='word_1_123' title='bbox 1207 1182 1580 1235; x_wconf 80' lang='lat' dir='ltr'>Carthaginensium,</span> <span class='ocrx_word' id='word_1_124' title='bbox 1612 1183 1754 1221; x_wconf 86' lang='lat' dir='ltr'>Corin-</span> <span class='ocrx_word' id='word_1_125' title='bbox 1815 1202 1826 1207; x_wconf 43' lang='grc' dir='ltr'>ν</span> 
     </span>
    </p>
   </div>
   <div class='ocr_carea' id='block_1_4' title="bbox 370 1248 1759 2422">
    <p class='ocr_par' dir='ltr' id='par_1_5' title="bbox 371 1248 1756 1631">
     <span class='ocr_line' id='line_1_17' title="bbox 371 1248 1753 1302; baseline -0.002 -13"><span class='ocrx_word' id='word_1_126' title='bbox 371 1252 515 1295; x_wconf 89' lang='lat' dir='ltr'>thium,</span> <span class='ocrx_word' id='word_1_127' title='bbox 556 1251 876 1289; x_wconf 84' lang='lat' dir='ltr'>Numantinum:</span> <span class='ocrx_word' id='word_1_128' title='bbox 914 1250 1046 1288; x_wconf 70' lang='lat' dir='ltr'>multae</span> <span class='ocrx_word' id='word_1_129' title='bbox 1066 1250 1105 1287; x_wconf 92' lang='lat' dir='ltr'>in</span> <span class='ocrx_word' id='word_1_130' title='bbox 1133 1248 1204 1287; x_wconf 87' lang='lat' dir='ltr'>hac</span> <span class='ocrx_word' id='word_1_131' title='bbox 1235 1250 1431 1302; x_wconf 87' lang='lat' dir='ltr'>republica</span> <span class='ocrx_word' id='word_1_132' title='bbox 1462 1248 1661 1287; x_wconf 86' lang='lat' dir='ltr'>seditiones</span> <span class='ocrx_word' id='word_1_133' title='bbox 1682 1249 1753 1287; x_wconf 89' lang='lat' dir='ltr'>do-</span> 
     </span>
     <span class='ocr_line' id='line_1_18' title="bbox 371 1314 1754 1368; baseline -0.002 -13"><span class='ocrx_word' id='word_1_134' title='bbox 371 1317 551 1360; x_wconf 78' lang='lat' dir='ltr'>mesticae,</span> <span class='ocrx_word' id='word_1_135' title='bbox 593 1329 686 1368; x_wconf 85' lang='lat' dir='ltr'>quas</span> <span class='ocrx_word' id='word_1_136' title='bbox 721 1316 999 1368; x_wconf 58' lang='lat' dir='ltr'>praetermitto:</span> <span class='ocrx_word' id='word_1_137' title='bbox 1043 1315 1143 1353; x_wconf 88' lang='lat' dir='ltr'>bella</span> <span class='ocrx_word' id='word_1_138' title='bbox 1176 1329 1268 1353; x_wconf 90' lang='lat' dir='ltr'>cum</span> <span class='ocrx_word' id='word_1_139' title='bbox 1303 1315 1427 1360; x_wconf 90' lang='lat' dir='ltr'>sociis,</span> <span class='ocrx_word' id='word_1_140' title='bbox 1466 1314 1754 1367; x_wconf 88' lang='lat' dir='ltr'>Fregellanum,</span> 
     </span>
     <span class='ocr_line' id='line_1_19' title="bbox 371 1380 1755 1434; baseline -0.002 -13"><span class='ocrx_word' id='word_1_141' title='bbox 371 1382 604 1421; x_wconf 76' lang='lat' dir='ltr'>Marficum:</span> <span class='ocrx_word' id='word_1_142' title='bbox 629 1382 770 1434; x_wconf 88' lang='lat' dir='ltr'>quibus</span> <span class='ocrx_word' id='word_1_143' title='bbox 791 1382 974 1419; x_wconf 87' lang='lat' dir='ltr'>omnibus</span> <span class='ocrx_word' id='word_1_144' title='bbox 995 1381 1211 1419; x_wconf 86' lang='lat' dir='ltr'>domesticis</span> <span class='ocrx_word' id='word_1_145' title='bbox 1232 1380 1469 1432; x_wconf 86' lang='lat' dir='ltr'>externisque</span> <span class='ocrx_word' id='word_1_146' title='bbox 1491 1381 1600 1418; x_wconf 89' lang='lat' dir='ltr'>bellis</span> <span class='ocrx_word' id='word_1_147' title='bbox 1622 1382 1755 1432; x_wconf 90' lang='lat' dir='ltr'>Capua</span> 
     </span>
     <span class='ocr_line' id='line_1_20' title="bbox 371 1446 1756 1500; baseline -0.001 -14"><span class='ocrx_word' id='word_1_148' title='bbox 371 1462 448 1486; x_wconf 91' lang='lat' dir='ltr'>non</span> <span class='ocrx_word' id='word_1_149' title='bbox 471 1448 586 1485; x_wconf 88' lang='lat' dir='ltr'>modo</span> <span class='ocrx_word' id='word_1_150' title='bbox 607 1461 682 1485; x_wconf 91' lang='lat' dir='ltr'>non</span> <span class='ocrx_word' id='word_1_151' title='bbox 704 1446 846 1490; x_wconf 89' lang='lat' dir='ltr'>obfuit,</span> <span class='ocrx_word' id='word_1_152' title='bbox 875 1447 935 1484; x_wconf 90' lang='lat' dir='ltr'>sed</span> <span class='ocrx_word' id='word_1_153' title='bbox 955 1447 1315 1500; x_wconf 68' lang='lat' dir='ltr'>opportunissimam</span> <span class='ocrx_word' id='word_1_154' title='bbox 1337 1446 1370 1484; x_wconf 90' lang='lat' dir='ltr'>se</span> <span class='ocrx_word' id='word_1_155' title='bbox 1389 1447 1499 1484; x_wconf 89' lang='lat' dir='ltr'>nobis</span> <span class='ocrx_word' id='word_1_156' title='bbox 1521 1446 1695 1499; x_wconf 86' lang='lat' dir='ltr'>praebuit,</span> <span class='ocrx_word' id='word_1_157' title='bbox 1717 1454 1756 1484; x_wconf 85' lang='lat' dir='ltr'>et</span> 
     </span>
     <span class='ocr_line' id='line_1_21' title="bbox 372 1512 1755 1558; baseline -0.001 -6"><span class='ocrx_word' id='word_1_158' title='bbox 372 1514 418 1553; x_wconf 88' lang='lat' dir='ltr'>ad</span> <span class='ocrx_word' id='word_1_159' title='bbox 449 1514 595 1552; x_wconf 86' lang='lat' dir='ltr'>bellum</span> <span class='ocrx_word' id='word_1_160' title='bbox 622 1513 901 1558; x_wconf 88' lang='lat' dir='ltr'>instruendum,</span> <span class='ocrx_word' id='word_1_161' title='bbox 931 1523 970 1551; x_wconf 89' lang='lat' dir='ltr'>et</span> <span class='ocrx_word' id='word_1_162' title='bbox 996 1513 1043 1550; x_wconf 92' lang='lat' dir='ltr'>ad</span> <span class='ocrx_word' id='word_1_163' title='bbox 1067 1514 1256 1551; x_wconf 83' lang='lat' dir='ltr'>exercitus</span> <span class='ocrx_word' id='word_1_164' title='bbox 1282 1513 1484 1557; x_wconf 85' lang='lat' dir='ltr'>ornandos,</span> <span class='ocrx_word' id='word_1_165' title='bbox 1515 1523 1552 1550; x_wconf 91' lang='lat' dir='ltr'>et</span> <span class='ocrx_word' id='word_1_166' title='bbox 1578 1512 1684 1550; x_wconf 58' lang='lat' dir='ltr'>tectis</span> <span class='ocrx_word' id='word_1_167' title='bbox 1712 1524 1755 1549; x_wconf 89' lang='lat' dir='ltr'>ac</span> 
     </span>
     <span class='ocr_line' id='line_1_22' title="bbox 373 1578 1755 1631; baseline -0.004 -13"><span class='ocrx_word' id='word_1_168' title='bbox 373 1580 521 1619; x_wconf 88' lang='lat' dir='ltr'>sedibus</span> <span class='ocrx_word' id='word_1_169' title='bbox 543 1580 615 1617; x_wconf 88' lang='lat' dir='ltr'>suis</span> <span class='ocrx_word' id='word_1_170' title='bbox 636 1578 887 1631; x_wconf 89' lang='lat' dir='ltr'>recipiendos.</span> <span class='ocrx_word' id='word_1_171' title='bbox 1329 1628 1331 1630; x_wconf 21' lang='grc' dir='ltr'>Ι</span> <span class='ocrx_word' id='word_1_172' title='bbox 1752 1615 1755 1618; x_wconf 20' lang='grc' dir='ltr'><strong>Δ</strong></span> 
     </span>
    </p>

    <p class='ocr_par' dir='ltr' id='par_1_6' title="bbox 370 1642 1759 2422">
     <span class='ocr_line' id='line_1_23' title="bbox 426 1642 1755 1696; baseline -0.003 -12"><span class='ocrx_word' id='word_1_173' title='bbox 426 1646 620 1684; x_wconf 78' lang='lat' dir='ltr'>Homines</span> <span class='ocrx_word' id='word_1_174' title='bbox 642 1658 718 1683; x_wconf 91' lang='lat' dir='ltr'>non</span> <span class='ocrx_word' id='word_1_175' title='bbox 738 1645 884 1682; x_wconf 89' lang='lat' dir='ltr'>inerant</span> <span class='ocrx_word' id='word_1_176' title='bbox 904 1645 943 1682; x_wconf 91' lang='lat' dir='ltr'>in</span> <span class='ocrx_word' id='word_1_177' title='bbox 965 1644 1070 1690; x_wconf 91' lang='lat' dir='ltr'>urbe,</span> <span class='ocrx_word' id='word_1_178' title='bbox 1100 1645 1169 1696; x_wconf 91' lang='lat' dir='ltr'>qui</span> <span class='ocrx_word' id='word_1_179' title='bbox 1189 1644 1299 1682; x_wconf 89' lang='lat' dir='ltr'>malis</span> <span class='ocrx_word' id='word_1_180' title='bbox 1319 1643 1585 1688; x_wconf 83' lang='lat' dir='ltr'>concionibus,</span> <span class='ocrx_word' id='word_1_181' title='bbox 1617 1642 1755 1681; x_wconf 88' lang='lat' dir='ltr'>turbu·-</span> 
     </span>
     <span class='ocr_line' id='line_1_24' title="bbox 372 1708 1754 1762; baseline -0.002 -13"><span class='ocrx_word' id='word_1_182' title='bbox 372 1712 485 1750; x_wconf 90' lang='lat' dir='ltr'>lentis</span> <span class='ocrx_word' id='word_1_183' title='bbox 520 1710 863 1754; x_wconf 83' lang='lat' dir='ltr'>senatusconsultis,</span> <span class='ocrx_word' id='word_1_184' title='bbox 898 1710 1042 1762; x_wconf 87' lang='lat' dir='ltr'>iniquis</span> <span class='ocrx_word' id='word_1_185' title='bbox 1077 1711 1264 1762; x_wconf 86' lang='lat' dir='ltr'>imperiis,</span> <span class='ocrx_word' id='word_1_186' title='bbox 1301 1710 1581 1762; x_wconf 86' lang='lat' dir='ltr'>rempublicam</span> <span class='ocrx_word' id='word_1_187' title='bbox 1617 1708 1754 1746; x_wconf 86' lang='lat' dir='ltr'>misce-</span> 
     </span>
     <span class='ocr_line' id='line_1_25' title="bbox 372 1773 1756 1826; baseline -0.001 -11"><span class='ocrx_word' id='word_1_188' title='bbox 372 1787 468 1821; x_wconf 84' lang='lat' dir='ltr'>rent,</span> <span class='ocrx_word' id='word_1_189' title='bbox 489 1787 527 1814; x_wconf 88' lang='lat' dir='ltr'>et</span> <span class='ocrx_word' id='word_1_190' title='bbox 548 1790 673 1814; x_wconf 89' lang='lat' dir='ltr'>rerum</span> <span class='ocrx_word' id='word_1_191' title='bbox 692 1789 875 1814; x_wconf 88' lang='lat' dir='ltr'>novarum</span> <span class='ocrx_word' id='word_1_192' title='bbox 893 1775 1042 1813; x_wconf 88' lang='lat' dir='ltr'>causam</span> <span class='ocrx_word' id='word_1_193' title='bbox 1061 1775 1230 1826; x_wconf 89' lang='lat' dir='ltr'>aliquam</span> <span class='ocrx_word' id='word_1_194' title='bbox 1247 1783 1470 1826; x_wconf 87' lang='lat' dir='ltr'>quaererent.</span> <span class='ocrx_word' id='word_1_195' title='bbox 1493 1774 1634 1825; x_wconf 90' lang='lat' dir='ltr'>Neque</span> <span class='ocrx_word' id='word_1_196' title='bbox 1649 1773 1756 1813; x_wconf 86' lang='lat' dir='ltr'>enim</span> 
     </span>
     <span class='ocr_line' id='line_1_26' title="bbox 371 1839 1755 1895; baseline -0.004 -13"><span class='ocrx_word' id='word_1_197' title='bbox 371 1843 625 1882; x_wconf 88' lang='lat' dir='ltr'>concionandi</span> <span class='ocrx_word' id='word_1_198' title='bbox 655 1841 814 1895; x_wconf 88' lang='lat' dir='ltr'>potestas</span> <span class='ocrx_word' id='word_1_199' title='bbox 840 1851 918 1879; x_wconf 90' lang='lat' dir='ltr'>erat</span> <span class='ocrx_word' id='word_1_200' title='bbox 946 1841 1143 1893; x_wconf 89' lang='lat' dir='ltr'>cuiquam,</span> <span class='ocrx_word' id='word_1_201' title='bbox 1178 1854 1247 1879; x_wconf 92' lang='lat' dir='ltr'>nec</span> <span class='ocrx_word' id='word_1_202' title='bbox 1277 1839 1424 1878; x_wconf 83' lang='lat' dir='ltr'>consilii</span> <span class='ocrx_word' id='word_1_203' title='bbox 1451 1839 1626 1891; x_wconf 89' lang='lat' dir='ltr'>capiendi</span> <span class='ocrx_word' id='word_1_204' title='bbox 1652 1839 1755 1891; x_wconf 90' lang='lat' dir='ltr'>pub-</span> 
     </span>
     <span class='ocr_line' id='line_1_27' title="bbox 372 1904 1756 1960; baseline -0.004 -14"><span class='ocrx_word' id='word_1_205' title='bbox 372 1909 464 1947; x_wconf 84' lang='lat' dir='ltr'>lici:</span> <span class='ocrx_word' id='word_1_206' title='bbox 499 1921 574 1946; x_wconf 88' lang='lat' dir='ltr'>non</span> <span class='ocrx_word' id='word_1_207' title='bbox 604 1907 734 1960; x_wconf 83' lang='lat' dir='ltr'>gloriae</span> <span class='ocrx_word' id='word_1_208' title='bbox 764 1907 972 1959; x_wconf 87' lang='lat' dir='ltr'>cupiditate</span> <span class='ocrx_word' id='word_1_209' title='bbox 1003 1906 1269 1951; x_wconf 84' lang='lat' dir='ltr'>efferebantur,</span> <span class='ocrx_word' id='word_1_210' title='bbox 1306 1914 1503 1958; x_wconf 87' lang='lat' dir='ltr'>propterea</span> <span class='ocrx_word' id='word_1_211' title='bbox 1539 1904 1657 1957; x_wconf 89' lang='lat' dir='ltr'>quod,</span> <span class='ocrx_word' id='word_1_212' title='bbox 1688 1904 1756 1942; x_wconf 89' lang='lat' dir='ltr'>ubi</span> 
     </span>
     <span class='ocr_line' id='line_1_28' title="bbox 371 1970 1757 2027; baseline -0.004 -14"><span class='ocrx_word' id='word_1_213' title='bbox 371 1974 495 2013; x_wconf 90' lang='lat' dir='ltr'>honos</span> <span class='ocrx_word' id='word_1_214' title='bbox 517 1974 672 2027; x_wconf 90' lang='lat' dir='ltr'>publice</span> <span class='ocrx_word' id='word_1_215' title='bbox 692 1987 767 2012; x_wconf 89' lang='lat' dir='ltr'>non</span> <span class='ocrx_word' id='word_1_216' title='bbox 789 1973 854 2018; x_wconf 86' lang='lat' dir='ltr'>est,</span> <span class='ocrx_word' id='word_1_217' title='bbox 877 1973 932 2010; x_wconf 88' lang='lat' dir='ltr'>ibi</span> <span class='ocrx_word' id='word_1_218' title='bbox 951 1973 1080 2025; x_wconf 84' lang='lat' dir='ltr'>gloriae</span> <span class='ocrx_word' id='word_1_219' title='bbox 1099 1972 1288 2025; x_wconf 88' lang='lat' dir='ltr'>cupiditas</span> <span class='ocrx_word' id='word_1_220' title='bbox 1309 1971 1380 2009; x_wconf 86' lang='lat' dir='ltr'>effe</span> <span class='ocrx_word' id='word_1_221' title='bbox 1401 1985 1476 2009; x_wconf 91' lang='lat' dir='ltr'>non</span> <span class='ocrx_word' id='word_1_222' title='bbox 1497 1970 1631 2024; x_wconf 92' lang='lat' dir='ltr'>potest.</span> <span class='ocrx_word' id='word_1_223' title='bbox 1661 1970 1757 2008; x_wconf 92' lang='lat' dir='ltr'>Non</span> 
     </span>
     <span class='ocr_line' id='line_1_29' title="bbox 371 2036 1755 2088; baseline -0.004 -10"><span class='ocrx_word' id='word_1_224' title='bbox 371 2040 632 2084; x_wconf 90' lang='lat' dir='ltr'>contentione,</span> <span class='ocrx_word' id='word_1_225' title='bbox 664 2053 740 2077; x_wconf 91' lang='lat' dir='ltr'>non</span> <span class='ocrx_word' id='word_1_226' title='bbox 772 2038 997 2083; x_wconf 88' lang='lat' dir='ltr'>ambitione,</span> <span class='ocrx_word' id='word_1_227' title='bbox 1028 2038 1242 2076; x_wconf 87' lang='lat' dir='ltr'>discordes:</span> <span class='ocrx_word' id='word_1_228' title='bbox 1280 2036 1379 2075; x_wconf 88' lang='lat' dir='ltr'>nihil</span> <span class='ocrx_word' id='word_1_229' title='bbox 1414 2038 1520 2074; x_wconf 89' lang='lat' dir='ltr'>enim</span> <span class='ocrx_word' id='word_1_230' title='bbox 1552 2036 1755 2088; x_wconf 90' lang='lat' dir='ltr'>supererat,</span> 
     </span>
     <span class='ocr_line' id='line_1_30' title="bbox 372 2102 1757 2159; baseline -0.004 -14"><span class='ocrx_word' id='word_1_231' title='bbox 372 2107 418 2145; x_wconf 90' lang='lat' dir='ltr'>de</span> <span class='ocrx_word' id='word_1_232' title='bbox 438 2120 516 2159; x_wconf 90' lang='lat' dir='ltr'>quo</span> <span class='ocrx_word' id='word_1_233' title='bbox 536 2115 739 2150; x_wconf 70' lang='lat' dir='ltr'>certarent,</span> <span class='ocrx_word' id='word_1_234' title='bbox 764 2104 876 2149; x_wconf 85' lang='lat' dir='ltr'>nihil,</span> <span class='ocrx_word' id='word_1_235' title='bbox 899 2104 1003 2157; x_wconf 90' lang='lat' dir='ltr'>quod</span> <span class='ocrx_word' id='word_1_236' title='bbox 1022 2113 1153 2143; x_wconf 86' lang='lat' dir='ltr'>contra</span> <span class='ocrx_word' id='word_1_237' title='bbox 1169 2113 1360 2157; x_wconf 72' lang='lat' dir='ltr'>peterent,</span> <span class='ocrx_word' id='word_1_238' title='bbox 1384 2102 1497 2148; x_wconf 88' lang='lat' dir='ltr'>nihil,</span> <span class='ocrx_word' id='word_1_239' title='bbox 1517 2102 1583 2141; x_wconf 89' lang='lat' dir='ltr'>ubi</span> <span class='ocrx_word' id='word_1_240' title='bbox 1604 2102 1757 2140; x_wconf 86' lang='lat' dir='ltr'>diffide-</span> 
     </span>
     <span class='ocr_line' id='line_1_31' title="bbox 372 2168 1759 2224; baseline -0.004 -13"><span class='ocrx_word' id='word_1_241' title='bbox 372 2182 470 2211; x_wconf 84' lang='lat' dir='ltr'>rent.</span> <span class='ocrx_word' id='word_1_242' title='bbox 504 2173 637 2224; x_wconf 91' lang='lat' dir='ltr'>ltaque</span> <span class='ocrx_word' id='word_1_243' title='bbox 661 2171 768 2209; x_wconf 84' lang='lat' dir='ltr'>illam</span> <span class='ocrx_word' id='word_1_244' title='bbox 790 2172 1027 2223; x_wconf 87' lang='lat' dir='ltr'>Campanam</span> <span class='ocrx_word' id='word_1_245' title='bbox 1049 2171 1318 2222; x_wconf 87' lang='lat' dir='ltr'>arrogantiam,</span> <span class='ocrx_word' id='word_1_246' title='bbox 1349 2178 1462 2221; x_wconf 84' lang='lat' dir='ltr'>atque</span> <span class='ocrx_word' id='word_1_247' title='bbox 1481 2168 1759 2207; x_wconf 85' lang='lat' dir='ltr'>intolerandam</span> 
     </span>
     <span class='ocr_line' id='line_1_32' title="bbox 372 2233 1759 2288; baseline -0.004 -12"><span class='ocrx_word' id='word_1_248' title='bbox 372 2239 570 2282; x_wconf 89' lang='lat' dir='ltr'>ferociam,</span> <span class='ocrx_word' id='word_1_249' title='bbox 610 2237 754 2275; x_wconf 80' lang='lat' dir='ltr'>ratione</span> <span class='ocrx_word' id='word_1_250' title='bbox 792 2245 830 2274; x_wconf 92' lang='lat' dir='ltr'>et</span> <span class='ocrx_word' id='word_1_251' title='bbox 867 2236 1025 2274; x_wconf 81' lang='lat' dir='ltr'>consilio</span> <span class='ocrx_word' id='word_1_252' title='bbox 1059 2236 1219 2288; x_wconf 88' lang='lat' dir='ltr'>majores</span> <span class='ocrx_word' id='word_1_253' title='bbox 1258 2235 1373 2274; x_wconf 88' lang='lat' dir='ltr'>nostri</span> <span class='ocrx_word' id='word_1_254' title='bbox 1407 2235 1452 2273; x_wconf 89' lang='lat' dir='ltr'>ad</span> <span class='ocrx_word' id='word_1_255' title='bbox 1487 2233 1759 2272; x_wconf 86' lang='lat' dir='ltr'>inertiffimum</span> 
     </span>
     <span class='ocr_line' id='line_1_33' title="bbox 371 2298 1758 2355; baseline -0.004 -12"><span class='ocrx_word' id='word_1_256' title='bbox 371 2315 407 2344; x_wconf 87' lang='lat' dir='ltr'>et</span> <span class='ocrx_word' id='word_1_257' title='bbox 434 2303 760 2342; x_wconf 74' lang='lat' dir='ltr'>desidiofiffunum</span> <span class='ocrx_word' id='word_1_258' title='bbox 789 2303 913 2341; x_wconf 85' lang='lat' dir='ltr'>otium</span> <span class='ocrx_word' id='word_1_259' title='bbox 942 2302 1215 2355; x_wconf 85' lang='lat' dir='ltr'>perduxerunt.</span> <span class='ocrx_word' id='word_1_260' title='bbox 1250 2302 1310 2341; x_wconf 90' lang='lat' dir='ltr'>Sic</span> <span class='ocrx_word' id='word_1_261' title='bbox 1338 2311 1375 2340; x_wconf 88' lang='lat' dir='ltr'>et</span> <span class='ocrx_word' id='word_1_262' title='bbox 1401 2300 1636 2340; x_wconf 88' lang='lat' dir='ltr'>crudelitatis</span> <span class='ocrx_word' id='word_1_263' title='bbox 1656 2298 1758 2338; x_wconf 85' lang='lat' dir='ltr'>infa-</span> 
     </span>
     <span class='ocr_line' id='line_1_34' title="bbox 370 2363 1756 2422; baseline -0.004 -15"><span class='ocrx_word' id='word_1_264' title='bbox 370 2371 490 2408; x_wconf 88' lang='lat' dir='ltr'>miam</span> <span class='ocrx_word' id='word_1_265' title='bbox 511 2368 743 2422; x_wconf 80' lang='lat' dir='ltr'>effugerunt,</span> <span class='ocrx_word' id='word_1_266' title='bbox 774 2368 880 2421; x_wconf 92' lang='lat' dir='ltr'>quod</span> <span class='ocrx_word' id='word_1_267' title='bbox 901 2367 1036 2406; x_wconf 87' lang='lat' dir='ltr'>urbem</span> <span class='ocrx_word' id='word_1_268' title='bbox 1056 2381 1102 2406; x_wconf 83' lang='lat' dir='ltr'>ex</span> <span class='ocrx_word' id='word_1_269' title='bbox 1124 2367 1232 2405; x_wconf 87' lang='lat' dir='ltr'>Italia</span> <span class='ocrx_word' id='word_1_270' title='bbox 1250 2366 1555 2420; x_wconf 89' lang='lat' dir='ltr'>pulcherrimam</span> <span class='ocrx_word' id='word_1_271' title='bbox 1579 2379 1656 2404; x_wconf 91' lang='lat' dir='ltr'>non</span> <span class='ocrx_word' id='word_1_272' title='bbox 1676 2363 1756 2402; x_wconf 91' lang='lat' dir='ltr'>sus-</span> 
     </span>
    </p>
   </div>
   <div class='ocr_carea' id='block_1_5' title="bbox 373 2431 1755 2489">
    <p class='ocr_par' dir='ltr' id='par_1_7' title="bbox 373 2431 1755 2489">
     <span class='ocr_line' id='line_1_35' title="bbox 373 2431 1755 2489; baseline -0.004 -13"><span class='ocrx_word' id='word_1_273' title='bbox 373 2438 566 2483; x_wconf 66' lang='lat' dir='ltr'>tulerunt,</span> <span class='ocrx_word' id='word_1_274' title='bbox 612 2445 650 2476; x_wconf 88' lang='lat' dir='ltr'>et</span> <span class='ocrx_word' id='word_1_275' title='bbox 680 2435 853 2476; x_wconf 89' lang='lat' dir='ltr'>multum</span> <span class='ocrx_word' id='word_1_276' title='bbox 883 2435 924 2476; x_wconf 91' lang='lat' dir='ltr'>in</span> <span class='ocrx_word' id='word_1_277' title='bbox 952 2434 1146 2489; x_wconf 86' lang='lat' dir='ltr'>posterum</span> <span class='ocrx_word' id='word_1_278' title='bbox 1179 2434 1443 2489; x_wconf 88' lang='lat' dir='ltr'>providerunt,</span> <span class='ocrx_word' id='word_1_279' title='bbox 1476 2433 1596 2487; x_wconf 87' lang='lat' dir='ltr'>quod,</span> <span class='ocrx_word' id='word_1_280' title='bbox 1630 2431 1755 2472; x_wconf 81' lang='lat' dir='ltr'>nervis</span> 
     </span>
    </p>
   </div>
  </div>
 </body>
</html>
