2212 2835
923 133 1164 190 [433]

491 348 709 408 PRO
801 343 962 401 CN.
1053 333 1601 396 PLANCIO

724 559 1118 605 ORATIO
1205 555 1376 596 XXXI.

356 773 388 812 1.
527 768 644 813 UM,
676 774 830 819 propter
855 761 1047 814 egregiam
1074 767 1112 796 et
1133 754 1362 809 singularem
1384 754 1461 792 Cn.
1485 749 1646 794 Plancii,
1676 750 1749 801 Ju-

540 836 643 874 dices
661 862 672 878 ,
704 832 744 870 in
765 842 850 869 mea
871 828 988 866 salute
1008 822 1255 864 custodienda
1274 820 1390 859 fidem
1406 849 1417 865 ,
1449 827 1529 857 tam
1549 816 1695 855 multos
1716 824 1753 853 et

357 905 480 944 bonos
498 903 597 942 viros
617 901 649 953 ej
658 913 699 938 us
720 896 859 937 honori
879 894 1050 934 viderem
1076 890 1148 930 effe
1173 888 1338 928 fautores
1359 917 1371 932 ,
1401 884 1601 938 capiebam
1622 882 1754 920 animo

357 985 439 1010 non
470 969 707 1008 mediocrem
735 965 990 1016 voluptatem,
1019 957 1140 1012 quod,
1171 956 1282 1008 cujus
1310 953 1487 993 officium
1513 948 1614 989 mihi
1644 948 1757 987 saluti

359 1036 501 1082 sufflet,
532 1036 568 1074 ei
601 1045 779 1073 meorum
812 1039 1034 1081 temporum
1066 1022 1295 1063 memoriam
1331 1017 1525 1071 suffragari
1559 1014 1754 1054 videbam.

361 1104 470 1142 Cum
503 1110 633 1141 autem
662 1098 849 1140 audirem,
880 1107 985 1133 meos
1020 1091 1161 1145 partim
1192 1087 1389 1131 inimicos,
1420 1083 1561 1138 partim
1591 1081 1755 1124 invidos,

361 1170 456 1209 huic
482 1165 711 1208 accusationi
739 1163 810 1202 effe
836 1161 1016 1204 fautores,
1048 1157 1286 1207 eandemque
1313 1165 1395 1191 rem
1422 1149 1667 1189 adversariam
1688 1146 1759 1185 effe

361 1238 404 1276 in
419 1236 572 1288 judicio
593 1235 670 1272 Cn.
694 1230 867 1274 Plancio,
899 1241 983 1280 quae
1004 1227 1044 1264 in
1065 1223 1250 1277 petitione
1270 1218 1398 1257 fuiffet
1424 1216 1589 1269 adjutrix
1608 1233 1618 1259 ;
1650 1213 1758 1252 dole-

364 1303 455 1342 bam
469 1331 481 1346 ,
513 1299 669 1352 Judices
684 1327 696 1343 ,
726 1305 764 1335 et
783 1294 917 1333 acerbe
936 1292 1107 1331 ferebam
1122 1317 1133 1332 ,
1164 1287 1191 1325 fi
1210 1286 1326 1338 hujus
1348 1283 1443 1322 salus
1463 1279 1514 1320 ob
1535 1294 1619 1319 eam
1641 1279 1762 1332 ipsam

363 1369 517 1409 causam
549 1366 638 1405 effet
667 1363 839 1403 infestior
855 1391 866 1407 ,
897 1359 1003 1413 quod
1029 1358 1060 1396 is
1087 1367 1216 1394 meam
1236 1352 1396 1391 salutem
1419 1359 1533 1402 atque
1560 1348 1679 1386 vitam
1700 1346 1763 1384 sua

365 1433 645 1477 benevolentia,
675 1429 861 1484 praefidio,
890 1424 1138 1475 custodiaque
1157 1418 1317 1459 texiffet.

424 1502 546 1540 Nunc
580 1507 710 1536 autem
747 1494 878 1537 vester,
915 1490 1086 1542 Judices,
1117 1485 1357 1537 conspectus,
1388 1491 1426 1519 et
1459 1479 1645 1518 consessus
1682 1477 1762 1518 iste,

371 1568 495 1606 reficit
528 1574 565 1603 et
600 1572 741 1602 recreat
776 1568 947 1598 mentem
980 1569 1120 1597 meam,
1151 1565 1244 1590 cum
1274 1550 1426 1587 intueor
1455 1557 1493 1585 et
1523 1545 1766 1597 contemplor

373 1643 696 1686 unumquemque
717 1628 896 1667 vestrum.
929 1624 1054 1661 Video
1073 1621 1178 1659 enim
1199 1617 1274 1656 hoc
1295 1617 1336 1654 in
1357 1628 1519 1653 numero
1539 1612 1736 1651 neminem
1756 1639 1766 1655 ‚

371 1702 437 1740 cui
457 1713 543 1739 mea
563 1698 658 1736 salus
679 1708 763 1734 cara
783 1707 860 1731 non
880 1690 1025 1734 fuerit,
1057 1689 1166 1739 cujus
1189 1698 1265 1723 non
1286 1690 1388 1721 extet
1418 1682 1457 1719 in
1485 1692 1548 1718 me
1569 1678 1767 1716 summum

373 1768 590 1810 meritum,
621 1762 685 1802 cui
709 1775 786 1799 non
808 1760 877 1797 sim
897 1756 1097 1796 obstrictus
1119 1750 1305 1791 memoria
1325 1746 1504 1786 beneficii
1525 1744 1767 1797 sempiterna.

375 1836 512 1887 Itaque
547 1845 626 1870 non
660 1826 894 1870 extimesco,
925 1838 973 1862 ne
1005 1824 1080 1861 Cn.
1116 1818 1275 1859 Plancio
1309 1814 1478 1853 custodia
1513 1825 1606 1850 meae
1640 1809 1770 1848 salutis

376 1900 477 1954 apud
497 1911 559 1937 eos
580 1896 690 1940 obsit,
713 1894 780 1946 qui
802 1906 865 1931 me
886 1890 1012 1943 ipsum
1035 1887 1205 1926 maxime
1226 1883 1372 1922 salvum
1392 1880 1518 1919 videre
1538 1876 1769 1915 voluerunt:

378 1964 585 2019 saepiusque
599 1991 610 2008 ,
641 1960 799 2014 Judices
813 1988 825 2004 ,
847 1956 947 1996 mihi
969 1954 1072 1992 venit
1092 1953 1132 1990 in
1154 1958 1327 1989 mentem
1342 1976 1352 1992 ,
1384 1943 1652 1985 admirandum
1673 1940 1743 1979 effe
1760 1969 1771 1985 ,

379 2033 444 2072 M.
467 2028 724 2073 Laterensem,
754 2026 959 2065 hominem
993 2018 1306 2060 studiosiffimum
1341 2023 1379 2052 et
1415 2011 1612 2065 dignitatis
1647 2018 1684 2046 et
1717 2007 1771 2045 sa-

381 2099 473 2138 lutis
495 2111 604 2142 meae,
635 2108 744 2134 reum
764 2093 833 2132 fibi
852 2090 957 2129 hunc
977 2087 1219 2142 potiflimum
1241 2080 1430 2133 delegifl‘e,
1456 2091 1571 2131 quam
1596 2084 1772 2113 metuen-

382 2167 492 2210 dum,
524 2178 571 2202 ne
591 2162 699 2201 vobis
720 2160 759 2198 id
779 2159 846 2197 ille
867 2169 1004 2209 magna
1024 2154 1167 2193 ratione
1189 2149 1312 2189 fecifl‘e
1335 2147 1517 2185 videatur.

440 2233 677 2282 Qanquam
711 2225 811 2266 mihi
846 2238 923 2263 non
959 2224 1067 2260 sumo
1105 2227 1272 2260 tantum,
1306 2213 1475 2264 Judices,
1512 2221 1635 2259 neque
1672 2219 1772 2243 arro-

386 2314 448 2353 go,
481 2308 523 2336 ut
552 2298 627 2334 Cn.
658 2293 860 2332 Plancium
888 2290 961 2328 suis
987 2300 1075 2340 erga
1102 2298 1164 2324 me
1197 2281 1343 2320 meritis
1378 2276 1649 2329 impunitatem
1681 2285 1773 2308 con-

388 2369 607 2404 secuturum
629 2369 777 2414 putem.
802 2357 888 2397 Nifi
908 2357 987 2408 ejus
1010 2351 1299 2404 integerrimam
1321 2346 1452 2385 vitam,
1486 2338 1775 2378 modestiliimos

388 2444 527 2476 mores,
559 2429 751 2467 summam
785 2424 917 2469 fidem,
948 2418 1241 2460 continentiam,
1272 2413 1468 2466 pietatem,
1501 2405 1776 2447 innocentiam,

472 2493 677 2536 T0M.V.
1379 2477 1391 2513 Ι
1427 2475 1436 2512 ἰ
1466 2476 1479 2511 i
