2212 2835
888 192 1116 246 [ιω]

950 390 964 424 Ι
1018 390 1054 424 Ν

321 586 413 658 L.
534 581 1686 658 CATILINAM

734 805 819 843 IN
904 805 1273 843 SENA-ru

643 1006 1139 1048 ORATIO
1244 1008 1371 1046 XIX.

314 1210 347 1249 I·
492 1214 530 1252 U
550 1214 587 1253 O
608 1213 645 1252 U
664 1215 686 1253 S
704 1214 799 1266 QU
816 1213 849 1251 E
899 1215 1056 1253 tandem
1093 1212 1263 1257 abutere,
1303 1212 1485 1258 Catilina,
1524 1212 1710 1267 patientia

366 1215 489 1342 Q
514 1281 667 1320 nostra?
704 1280 892 1333 quamdiu
925 1282 1043 1321 etiam
1077 1279 1185 1319 furor
1219 1279 1287 1318 iste
1320 1289 1410 1318 tuus
1442 1293 1512 1318 nos
1546 1280 1706 1318 eludet?

310 1359 430 1398 quem
449 1348 495 1385 ad
521 1347 642 1386 finem
669 1347 742 1386 sese
770 1347 949 1387 effrenata
966 1347 1127 1401 jactabit
1150 1346 1334 1385 audacia?
1366 1345 1535 1385 Nihilne
1555 1354 1592 1385 te
1612 1360 1708 1385 noc-

310 1421 472 1451 turnum
511 1413 729 1466 praefidium
767 1414 918 1459 Palatii,
968 1412 1069 1452 nihil
1109 1412 1215 1451 urbis
1254 1412 1411 1466 vigiliae,
1451 1411 1551 1450 nihil
1591 1412 1711 1450 timor

309 1478 460 1531 populi,
492 1478 593 1517 nihil
619 1479 826 1518 concursus
854 1479 1050 1517 bonorum
1076 1478 1273 1523 omnium,
1304 1477 1406 1517 nihil
1432 1477 1498 1516 hic
1525 1478 1709 1517 munitis-

311 1544 428 1583 fimus
449 1544 619 1583 habendi
638 1546 786 1584 senatus
806 1545 929 1590 locus,
961 1545 1061 1583 nihil
1081 1543 1223 1582 horum
1244 1558 1309 1583 ora
1327 1545 1547 1597 vultusque,
1575 1559 1711 1584 move-

312 1609 430 1648 runt?
461 1611 593 1648 Patere
615 1620 679 1648 tua
705 1611 861 1649 confilia
887 1625 965 1649 non
994 1610 1135 1648 sentis?
1166 1610 1409 1648 constrictam
1424 1611 1507 1663 jam
1528 1612 1711 1650 omnium

312 1674 455 1714 horum
477 1676 710 1714 conscientia
729 1677 848 1715 teneri
870 1677 1177 1729 conjurationem
1200 1685 1306 1714 tuam
1329 1689 1406 1714 non
1433 1676 1536 1715 vides
1556 1678 1568 1714 ?
1601 1677 1711 1728 Qid

311 1742 504 1793 proxima,
535 1742 630 1794 quid
663 1741 866 1794 superiore,
899 1744 1010 1780 nocte
1044 1742 1178 1794 egeris,
1212 1741 1278 1779 ubi
1312 1740 1444 1786 fueris,
1482 1755 1578 1794 quos
1613 1756 1708 1780 con-

313 1807 518 1853 vocaveris,
548 1808 642 1860 quid
673 1808 821 1846 consilii
853 1809 1012 1862 ceperis,
1046 1821 1164 1861 quem
1196 1807 1367 1846 nostrum
1402 1809 1576 1861 ignorare
1606 1809 1708 1847 arbi-

312 1874 419 1912 traris
438 1874 451 1911 ?

368 1942 406 1979 O
436 1950 624 1996 tempora,
656 1957 680 1982 0
710 1945 856 1982 mores!
891 1946 1048 1983 Senatus
1075 1943 1157 1983 haec
1184 1944 1386 1997 intelligit,
1417 1943 1550 1983 consul
1576 1943 1707 1983 videt:

313 2007 378 2046 hic
399 2017 527 2048 tamen
550 2010 657 2049 vivit.
691 2011 799 2049 Vivit
818 2012 831 2048 ?
865 2013 995 2050 Immo
1017 2025 1104 2050 vero
1123 2012 1239 2050 etiam
1262 2012 1301 2049 in
1323 2011 1495 2050 senatum
1515 2012 1639 2051 venit:
1668 2011 1711 2050 fit

311 2074 461 2126 publici
491 2076 640 2115 confilii
668 2077 885 2131 particeps:
928 2087 1036 2117 notat
1067 2088 1105 2116 et
1135 2078 1304 2131 designat
1335 2078 1458 2116 oculis
1490 2079 1536 2117 ad
1566 2077 1710 2117 caedem

314 2154 637 2196 unumquemque
656 2144 844 2183 nostr‘um.
876 2145 962 2183 Nos
983 2154 1128 2190 autem,
1157 2145 1228 2182 viri
1248 2144 1380 2190 fortes,
1404 2143 1612 2184 satisfacere
1634 2144 1707 2182 rei-

312 2207 478 2260 publicae
498 2209 688 2256 videmur,
718 2211 745 2249 fi
765 2211 871 2249 istius
893 2210 1064 2249 furorem
1085 2225 1128 2249 ac
1148 2211 1223 2249 tela
1242 2211 1426 2250 vitemus.

368 2273 432 2312 Ad
465 2284 634 2314 mortem
667 2286 720 2322 te,
761 2277 943 2322 Catilina,
983 2277 1087 2322 duci,
1118 2277 1222 2329 juffu
1256 2276 1437 2322 consulis,
1473 2275 1709 2329 jampridem

313 2339 514 2392 oportebat
529 2357 542 2384 3
574 2340 614 2378 in
635 2350 672 2379 te
691 2341 860 2380 conferri
879 2342 1024 2396 pestem
1044 2342 1168 2387 istam,
1200 2356 1318 2395 quam
1348 2352 1391 2380 tu
1415 2342 1456 2380 in
1483 2354 1551 2379 nos
1574 2353 1709 2379 omnes

308 2405 462 2459 jamdiu
492 2404 737 2446 machinaris.
773 2410 833 2446 An
860 2422 949 2447 vero
976 2410 1034 2447 vir
1059 2409 1328 2461 ampliffimus,
1362 2409 1404 2446 P.
1436 2407 1577 2459 Scipio,
1608 2420 1709 2459 pon-

312 2470 409 2511 tifex
447 2472 658 2519 maximus,
703 2473 798 2513 Tib.
845 2473 1087 2520 Gracchum,
1133 2474 1377 2513 mediocriter
1416 2472 1710 2512 labefactantem

392 2539 464 2578 To
481 2551 533 2578 M.
565 2538 616 2578 V.
1369 2538 1407 2578 X
