2212 2835
493 262 569 316 346
936 255 1339 296 ORATIO
1415 256 1472 295 11.

491 360 770 401 nonnullorum
803 358 844 397 in
876 372 938 397 me
967 357 1109 397 nefarie
1138 357 1338 397 commissa
1369 365 1562 411 praetereo.
1594 355 1689 396 Non
1719 357 1772 395 est
1806 359 1886 396 mei

492 427 676 481 temporis
698 427 854 479 injurias
876 424 1091 464 meminisse
1107 443 1119 470 ς
1152 438 1244 478 quas
1265 439 1350 478 ego,
1382 424 1498 463 etiam
1521 424 1546 462 fi
1568 423 1700 462 ulcisci
1720 422 1886 477 possem,

493 504 621 532 tamen
641 491 817 531 oblivisci
838 491 997 530 mallem
1019 506 1028 529 ε
1060 490 1136 529 alio
1156 490 1415 530 transferenda
1435 504 1519 529 mea
1538 500 1616 529 tota
1636 490 1713 528 vita
1732 489 1785 528 est
1800 519 1812 535 ,
1844 498 1888 528 ut

494 562 590 598 bene
616 561 661 598 de
689 572 751 596 me
779 558 926 595 meritis
955 556 1117 596 referam
1138 557 1328 610 gratiam3
1361 557 1548 595 amicitias
1570 557 1659 609 igne
1678 555 1888 609 perspe6³ms

494 636 626 672 tuear-5
659 639 751 664 cum
771 624 910 677 apertis
931 623 1104 662 hostibus
1126 623 1275 662 bellum
1295 637 1453 677 geram;
1486 624 1635 662 timidis
1661 623 1796 662 amicis
1824 623 1885 675 ig-

493 692 675 736 noscam,
712 690 973 744 proditoribus
1004 690 1099 728 meis
1129 703 1207 727 non
1237 690 1405 728 indicem
1436 689 1609 728 dolorem
1638 687 1889 743 profedfionis

492 772 587 796 meae
604 776 616 802 ς
648 756 861 795 defensores
882 754 1023 792 reditus
1045 755 1232 806 dignitate
1252 754 1439 793 consoler.

549 823 668 874 Qod
694 822 719 860 fi
747 820 848 859 mihi
874 820 1029 858 nullum
1057 820 1163 858 aliud
1188 819 1277 857 effet
1302 820 1479 858 officium
1504 820 1545 858 in
1570 821 1680 859 omni
1700 821 1777 859 vita
1796 820 1886 859 reli-

493 903 632 943 quum,
668 887 737 927 nisi
768 896 811 925 ut
839 901 927 940 erga
954 886 1072 924 duces
1108 885 1223 939 ipsos,
1260 894 1298 924 et
1332 885 1542 940 principes,
1576 894 1691 939 atque
1719 888 1889 925 auctores

494 956 623 994 salutis
644 968 738 993 meae
757 953 843 992 satis
870 962 998 1006 gratus
1014 953 1208 1005 judicarer
1223 971 1236 998 3
1268 961 1399 990 tamen
1419 952 1606 1005 exiguum
1626 951 1784 1005 reliquae
1802 952 1892 990 vitae

494 1033 648 1075 tempus
676 1035 754 1060 non
783 1021 901 1059 modo
921 1021 967 1058 ad
988 1019 1225 1058 referendam
1242 1049 1254 1065 ,
1285 1033 1420 1058 verum
1441 1019 1558 1058 etiam
1578 1019 1625 1057 ad
1644 1032 1890 1058 commemo-

492 1090 665 1134 randam,
683 1087 844 1141 gratiam
865 1086 966 1125 mihi
986 1087 1166 1125 relictum
1183 1095 1375 1139 putarem.
1395 1085 1564 1137 Qando
1578 1085 1685 1124 enim
1705 1099 1777 1138 ego
1796 1083 1892 1123 huic

492 1156 674 1201 homini,
705 1169 747 1193 ac
768 1154 900 1193 liberIs
929 1155 1010 1206 ejus
1029 1183 1040 1199 ,
1071 1154 1227 1206 quando
1252 1166 1388 1192 omnes
1412 1153 1490 1191 mei
1509 1153 1672 1206 gratiam
1693 1152 1890 1192 referent?

491 1236 578 1274 quae
603 1220 791 1260 memoria
808 1249 818 1265 ,
850 1233 935 1272 quae
961 1219 1017 1258 vis
1043 1219 1220 1272 ingenii,
1251 1233 1336 1271 quae
1362 1218 1591 1271 magnitudo
1616 1218 1862 1257 observantiae
1878 1248 1892 1264 ,

493 1297 551 1326 tot
572 1286 762 1338 tantisque
782 1285 978 1323 beneficiis
999 1285 1222 1338 respondere
1241 1284 1411 1337 poterit?
1433 1284 1502 1337 qui
1522 1283 1623 1323 mihi
1642 1286 1807 1337 primus,
1830 1283 1890 1322 af-

494 1354 599 1392 flieto
618 1362 656 1391 et
675 1352 851 1405 jacenti,
883 1344 1122 1390 consularem
1148 1350 1267 1388 fidem
1293 1350 1568 1402 dexteramque
1592 1350 1789 1403 porrexit:
1821 1350 1890 1403 qui

493 1433 558 1459 me
577 1433 598 1458 a
617 1428 743 1458 morte
760 1418 807 1456 ad
827 1418 961 1463 vitam,
984 1430 1003 1455 a
1027 1416 1286 1470 desperatione
1306 1416 1352 1454 ad
1372 1415 1494 1469 spem,
1513 1416 1563 1454 ab
1581 1416 1702 1455 exitio
1721 1416 1768 1455 ad
1787 1416 1889 1455 salu-

496 1496 590 1532 tern,
612 1485 825 1524 revocavit:
857 1484 926 1536 qui
948 1491 1054 1521 tanto
1074 1495 1203 1521 amore
1223 1482 1265 1520 in
1286 1495 1363 1527 me,
1384 1481 1509 1520 studio
1528 1482 1570 1520 in
1591 1482 1892 1535 rempublicam,

493 1551 598 1597 fuit,
631 1560 674 1590 ut
705 1549 965 1602 excogitaret,
996 1547 1330 1601 quemadmodum
1359 1546 1620 1586 calamitatem
1649 1561 1778 1586 meam
1812 1561 1893 1587 non

494 1618 614 1657 modo
633 1617 788 1661 levaret,
820 1615 883 1654 sed
900 1616 1018 1653 etiam
1038 1613 1266 1653 honestaret.
1299 1614 1409 1667 Qid
1434 1614 1539 1652 enim
1564 1614 1893 1667 magnificentius,

493 1683 589 1738 quid
609 1683 840 1738 praeclarius,
871 1680 972 1721 mihi
992 1680 1161 1719 accidere
1179 1680 1325 1733 potuit,
1353 1694 1474 1733 quam
1493 1680 1613 1733 quod,
1634 1680 1704 1718 illo
1722 1688 1896 1733 petente,

495 1764 561 1790 vos
583 1749 813 1794 decrevistis,
845 1757 888 1787 ut
907 1748 1039 1787 cuncti
1058 1760 1106 1785 ex
1125 1747 1235 1784 omni
1256 1746 1379 1792 Italia,
1409 1747 1481 1799 qui
1506 1746 1791 1799 rempublicam
1819 1746 1892 1784 sal-

498 1830 584 1855 vam
604 1816 763 1861 vellent,
793 1815 839 1853 ad
861 1828 923 1852 me
944 1827 1083 1859 unum,
1113 1812 1317 1851 hominem
1338 1811 1503 1850 fraCtum
1523 1821 1562 1850 et
1590 1825 1708 1865 prope
1735 1812 1890 1866 diffipa-

499 1892 599 1927 tum,
629 1880 909 1920 restituendum
931 1890 968 1918 et
988 1879 1277 1919 defendendum
1296 1879 1500 1917 venirent?
1533 1887 1590 1923 ut,
1621 1891 1698 1931 qua
1717 1892 1811 1917 voce
1838 1887 1894 1917 ter

497 1948 659 1987 omnino
690 1946 773 2000 post
804 1947 974 1985 Romam
1005 1946 1202 1984 conditam
1234 1944 1366 1984 consul
1398 1944 1484 1983 usus
1511 1944 1601 1983 effet
1625 1958 1696 1997 pro
1722 1945 1893 1983 universa

498 2013 710 2067 republica,
741 2012 842 2065 apud
870 2026 932 2051 eos
966 2012 1107 2057 solum,
1137 2012 1206 2065 qui
1237 2013 1318 2064 ejus
1350 2024 1484 2050 vocem
1514 2011 1693 2050 exaudire
1720 2009 1891 2064 poffent;

496 2080 628 2119 eadem
649 2092 742 2118 voce
762 2078 909 2118 senatus
930 2079 1113 2118 omnibus
1134 2079 1231 2131 agris
1252 2088 1367 2131 atque
1387 2077 1539 2131 oppidis
1559 2078 1675 2123 cives,
1693 2086 1894 2131 totamque

498 2148 664 2192 Italiam,
694 2146 740 2184 ad
761 2146 874 2185 unius
894 2146 1054 2184 salutem
1075 2144 1354 2185 defendendam
1373 2145 1571 2184 excitaret.
1930 2135 1934 2137 ‚

555 2215 607 2253 X.
640 2212 749 2266 Qid
768 2226 840 2266 ego
860 2212 1057 2266 gloriofius
1078 2213 1174 2251 meis
1195 2212 1350 2265 posteris
1370 2211 1481 2265 potui
1502 2211 1742 2263 relinquere,
1774 2223 1892 2264 quam

500 2281 576 2320 hoc
596 2279 768 2319 senatum
782 2278 980 2332 judicaffe,
1010 2279 1079 2332 qui
1099 2278 1192 2317 civis
1213 2291 1277 2316 me
1297 2291 1375 2316 non
1399 2276 1637 2322 defendiffet‚
1668 2290 1760 2315 eum
1787 2290 1891 2315 rem-

499 2346 699 2399 publicam
719 2345 858 2384 salvam
880 2344 1068 2384 noluiffe?
1100 2345 1234 2398 Itaque
1254 2353 1407 2383 tantum
1428 2344 1546 2382 vestra
1565 2343 1782 2388 auctoritas,
1803 2352 1890 2380 tan-

500 2424 585 2451 tum
605 2412 747 2451 eximia
767 2411 933 2451 consulis
954 2412 1135 2465 dignitas,
1166 2411 1300 2457 valuit,
1327 2420 1375 2450 .ut
1395 2411 1557 2449 dedecus
1577 2419 1616 2449 et
1639 2410 1831 2462 flagitium
1856 2407 1892 2445 se

499 2478 743 2516 committere
764 2488 928 2531 putaret,
960 2478 985 2517 fi
1006 2478 1092 2530 quis
1113 2491 1191 2516 non
1219 2478 1376 2517 veniret.
1409 2477 1596 2529 Idemque
1621 2474 1766 2519 consul,
1797 2486 1891 2511 cum

501 2544 566 2583 illa
585 2544 819 2582 incredibilis
843 2544 1055 2584 multitudo
1076 2544 1262 2590 Romam,
1292 2552 1330 2583 et
1350 2556 1447 2596 pene
1466 2542 1575 2581 Italia
1598 2540 1691 2593 ipsa,
1721 2537 1891 2583 venisset,
