<?xml version="1.0" encoding="UTF-8"?>
<!DOCTYPE html PUBLIC "-//W3C//DTD XHTML 1.0 Transitional//EN"
    "http://www.w3.org/TR/xhtml1/DTD/xhtml1-transitional.dtd">
<html xmlns="http://www.w3.org/1999/xhtml" xml:lang="en" lang="en">
 <head>
  <title>
</title>
<meta http-equiv="Content-Type" content="text/html;charset=utf-8" />
  <meta name='ocr-system' content='tesseract 3.04.00' />
  <meta name='ocr-capabilities' content='ocr_page ocr_carea ocr_par ocr_line ocrx_word'/>
</head>
<body>
  <div class='ocr_page' id='page_1' title='image "./operacumindicibu05ciceuoft_0300.png"; bbox 0 0 2212 2835; ppageno 0'>
   <div class='ocr_carea' id='block_1_1' title="bbox 482 161 1391 207">
    <p class='ocr_par' dir='ltr' id='par_1_1' title="bbox 482 161 1391 207">
     <span class='ocr_line' id='line_1_1' title="bbox 482 161 1391 207; baseline -0.011 0"><span class='ocrx_word' id='word_1_1' title='bbox 482 168 557 207; x_wconf 69' lang='lat'>288</span> <span class='ocrx_word' id='word_1_2' title='bbox 991 161 1391 199; x_wconf 84' lang='lat' dir='ltr'>ORATIO</span> 
     </span>
    </p>
   </div>
   <div class='ocr_carea' id='block_1_2' title="bbox 478 257 1879 2506">
    <p class='ocr_par' dir='ltr' id='par_1_2' title="bbox 478 257 1877 832">
     <span class='ocr_line' id='line_1_2' title="bbox 480 257 1873 318; baseline -0.004 -15"><span class='ocrx_word' id='word_1_3' title='bbox 480 265 736 318; x_wconf 69' lang='lat' dir='ltr'>gladiatorum</span> <span class='ocrx_word' id='word_1_4' title='bbox 758 275 799 298; x_wconf 83' lang='lat' dir='ltr'>ac</span> <span class='ocrx_word' id='word_1_5' title='bbox 822 259 1078 312; x_wconf 85' lang='lat' dir='ltr'>fugitivorum</span> <span class='ocrx_word' id='word_1_6' title='bbox 1100 258 1298 300; x_wconf 55' lang='lat' dir='ltr'>tumulum</span> <span class='ocrx_word' id='word_1_7' title='bbox 1331 257 1480 302; x_wconf 89' lang='lat' dir='ltr'>deinde,</span> <span class='ocrx_word' id='word_1_8' title='bbox 1512 257 1552 296; x_wconf 89' lang='lat' dir='ltr'>id</span> <span class='ocrx_word' id='word_1_9' title='bbox 1580 257 1686 310; x_wconf 89' lang='lat' dir='ltr'>quod</span> <span class='ocrx_word' id='word_1_10' title='bbox 1705 258 1873 297; x_wconf 75' lang='lat' dir='ltr'>vidimus</span> 
     </span>
     <span class='ocr_line' id='line_1_3' title="bbox 480 324 1875 380; baseline -0.005 -12"><span class='ocrx_word' id='word_1_11' title='bbox 480 343 628 372; x_wconf 80' lang='lat' dir='ltr'>omues,</span> <span class='ocrx_word' id='word_1_12' title='bbox 660 327 893 380; x_wconf 78' lang='lat' dir='ltr'>lapidatione</span> <span class='ocrx_word' id='word_1_13' title='bbox 914 334 1028 377; x_wconf 87' lang='lat' dir='ltr'>atque</span> <span class='ocrx_word' id='word_1_14' title='bbox 1046 324 1232 362; x_wconf 86' lang='lat' dir='ltr'>concursu</span> <span class='ocrx_word' id='word_1_15' title='bbox 1252 339 1259 362; x_wconf 73' lang='grc' dir='ltr'>ε</span> <span class='ocrx_word' id='word_1_16' title='bbox 1294 324 1408 375; x_wconf 84' lang='lat' dir='ltr'>Sylla,</span> <span class='ocrx_word' id='word_1_17' title='bbox 1440 324 1465 362; x_wconf 84' lang='lat' dir='ltr'><strong>fi</strong></span> <span class='ocrx_word' id='word_1_18' title='bbox 1492 325 1561 362; x_wconf 84' lang='lat' dir='ltr'>fibi</span> <span class='ocrx_word' id='word_1_19' title='bbox 1581 324 1669 362; x_wconf 88' lang='lat' dir='ltr'>suus</span> <span class='ocrx_word' id='word_1_20' title='bbox 1690 324 1813 377; x_wconf 91' lang='lat' dir='ltr'>pudor</span> <span class='ocrx_word' id='word_1_21' title='bbox 1832 338 1875 362; x_wconf 92' lang='lat' dir='ltr'>ac</span> 
     </span>
     <span class='ocr_line' id='line_1_4' title="bbox 479 390 1873 448; baseline -0.004 -14"><span class='ocrx_word' id='word_1_22' title='bbox 479 396 646 448; x_wconf 81' lang='lat' dir='ltr'>dignitas</span> <span class='ocrx_word' id='word_1_23' title='bbox 664 407 741 432; x_wconf 88' lang='lat' dir='ltr'>non</span> <span class='ocrx_word' id='word_1_24' title='bbox 763 392 961 446; x_wconf 75' lang='lat' dir='ltr'>prodesset,</span> <span class='ocrx_word' id='word_1_25' title='bbox 993 391 1149 429; x_wconf 90' lang='lat' dir='ltr'>nullum</span> <span class='ocrx_word' id='word_1_26' title='bbox 1169 391 1359 429; x_wconf 81' lang='lat' dir='ltr'>auxilium</span> <span class='ocrx_word' id='word_1_27' title='bbox 1380 391 1587 442; x_wconf 78' lang='lat' dir='ltr'>requisivit.</span> <span class='ocrx_word' id='word_1_28' title='bbox 1620 390 1693 428; x_wconf 92' lang='lat' dir='ltr'>Ille</span> <span class='ocrx_word' id='word_1_29' title='bbox 1712 391 1873 429; x_wconf 87' lang='lat' dir='ltr'>damna-</span> 
     </span>
     <span class='ocr_line' id='line_1_5' title="bbox 481 457 1876 513; baseline -0.004 -13"><span class='ocrx_word' id='word_1_30' title='bbox 481 472 543 500; x_wconf 85' lang='lat' dir='ltr'>tus</span> <span class='ocrx_word' id='word_1_31' title='bbox 575 463 628 500; x_wconf 90' lang='lat' dir='ltr'>ita</span> <span class='ocrx_word' id='word_1_32' title='bbox 656 461 692 499; x_wconf 90' lang='lat' dir='ltr'>se</span> <span class='ocrx_word' id='word_1_33' title='bbox 720 460 889 513; x_wconf 79' lang='lat' dir='ltr'>gerebat,</span> <span class='ocrx_word' id='word_1_34' title='bbox 921 472 997 496; x_wconf 88' lang='lat' dir='ltr'>non</span> <span class='ocrx_word' id='word_1_35' title='bbox 1032 458 1157 496; x_wconf 90' lang='lat' dir='ltr'>solum</span> <span class='ocrx_word' id='word_1_36' title='bbox 1188 457 1354 495; x_wconf 82' lang='lat' dir='ltr'>consiliis</span> <span class='ocrx_word' id='word_1_37' title='bbox 1389 467 1425 495; x_wconf 90' lang='lat' dir='ltr'>et</span> <span class='ocrx_word' id='word_1_38' title='bbox 1456 458 1710 502; x_wconf 84' lang='lat' dir='ltr'>sermonibus,</span> <span class='ocrx_word' id='word_1_39' title='bbox 1741 470 1876 495; x_wconf 89' lang='lat' dir='ltr'>verum</span> 
     </span>
     <span class='ocr_line' id='line_1_6' title="bbox 479 523 1876 580; baseline -0.004 -13"><span class='ocrx_word' id='word_1_40' title='bbox 479 529 598 566; x_wconf 87' lang='lat' dir='ltr'>etiam</span> <span class='ocrx_word' id='word_1_41' title='bbox 618 528 769 580; x_wconf 60' lang='lat' dir='ltr'>aspectu</span> <span class='ocrx_word' id='word_1_42' title='bbox 788 535 903 578; x_wconf 88' lang='lat' dir='ltr'>atque</span> <span class='ocrx_word' id='word_1_43' title='bbox 923 525 1049 569; x_wconf 88' lang='lat' dir='ltr'>vultu,</span> <span class='ocrx_word' id='word_1_44' title='bbox 1081 533 1124 562; x_wconf 91' lang='lat' dir='ltr'>ut</span> <span class='ocrx_word' id='word_1_45' title='bbox 1150 524 1334 562; x_wconf 86' lang='lat' dir='ltr'>inimicus</span> <span class='ocrx_word' id='word_1_46' title='bbox 1362 524 1433 561; x_wconf 83' lang='lat' dir='ltr'>effe</span> <span class='ocrx_word' id='word_1_47' title='bbox 1459 524 1699 577; x_wconf 83' lang='lat' dir='ltr'>ampliffimis</span> <span class='ocrx_word' id='word_1_48' title='bbox 1727 523 1876 562; x_wconf 89' lang='lat' dir='ltr'>ordini-</span> 
     </span>
     <span class='ocr_line' id='line_1_7' title="bbox 480 589 1876 643; baseline -0.004 -10"><span class='ocrx_word' id='word_1_49' title='bbox 480 596 568 640; x_wconf 85' lang='lat' dir='ltr'>bus,</span> <span class='ocrx_word' id='word_1_50' title='bbox 599 593 756 632; x_wconf 87' lang='lat' dir='ltr'>infestus</span> <span class='ocrx_word' id='word_1_51' title='bbox 788 593 900 630; x_wconf 90' lang='lat' dir='ltr'>bonis</span> <span class='ocrx_word' id='word_1_52' title='bbox 931 591 1130 635; x_wconf 86' lang='lat' dir='ltr'>omnibus,</span> <span class='ocrx_word' id='word_1_53' title='bbox 1160 589 1278 628; x_wconf 79' lang='lat' dir='ltr'>hostis</span> <span class='ocrx_word' id='word_1_54' title='bbox 1311 591 1453 643; x_wconf 77' lang='lat' dir='ltr'>patriae,</span> <span class='ocrx_word' id='word_1_55' title='bbox 1491 591 1706 628; x_wconf 84' lang='lat' dir='ltr'>videretur:</span> <span class='ocrx_word' id='word_1_56' title='bbox 1743 589 1809 628; x_wconf 90' lang='lat' dir='ltr'>hic</span> <span class='ocrx_word' id='word_1_57' title='bbox 1840 589 1876 628; x_wconf 92' lang='lat' dir='ltr'>se</span> 
     </span>
     <span class='ocr_line' id='line_1_8' title="bbox 478 655 1877 710; baseline -0.004 -10"><span class='ocrx_word' id='word_1_58' title='bbox 478 663 534 700; x_wconf 87' lang='lat' dir='ltr'>ita</span> <span class='ocrx_word' id='word_1_59' title='bbox 553 661 718 699; x_wconf 64' lang='lat' dir='ltr'>fractum</span> <span class='ocrx_word' id='word_1_60' title='bbox 739 659 805 697; x_wconf 90' lang='lat' dir='ltr'>illa</span> <span class='ocrx_word' id='word_1_61' title='bbox 824 659 1042 697; x_wconf 84' lang='lat' dir='ltr'>calamitate</span> <span class='ocrx_word' id='word_1_62' title='bbox 1061 666 1175 710; x_wconf 90' lang='lat' dir='ltr'>atque</span> <span class='ocrx_word' id='word_1_63' title='bbox 1203 656 1390 694; x_wconf 62' lang='lat' dir='ltr'>afflictum</span> <span class='ocrx_word' id='word_1_64' title='bbox 1418 658 1581 709; x_wconf 86' lang='lat' dir='ltr'>putavit,</span> <span class='ocrx_word' id='word_1_65' title='bbox 1614 667 1657 695; x_wconf 89' lang='lat' dir='ltr'>ut</span> <span class='ocrx_word' id='word_1_66' title='bbox 1682 655 1781 695; x_wconf 84' lang='lat' dir='ltr'><strong>nihil</strong></span> <span class='ocrx_word' id='word_1_67' title='bbox 1807 656 1877 694; x_wconf 90' lang='lat' dir='ltr'>fibi</span> 
     </span>
     <span class='ocr_line' id='line_1_9' title="bbox 480 722 1876 780; baseline -0.004 -14"><span class='ocrx_word' id='word_1_68' title='bbox 480 741 528 766; x_wconf 84' lang='lat' dir='ltr'>ex</span> <span class='ocrx_word' id='word_1_69' title='bbox 559 727 715 780; x_wconf 89' lang='lat' dir='ltr'>pristina</span> <span class='ocrx_word' id='word_1_70' title='bbox 745 725 931 778; x_wconf 83' lang='lat' dir='ltr'>dignitate</span> <span class='ocrx_word' id='word_1_71' title='bbox 960 722 1142 776; x_wconf 83' lang='lat' dir='ltr'>supereffe</span> <span class='ocrx_word' id='word_1_72' title='bbox 1171 723 1429 767; x_wconf 84' lang='lat' dir='ltr'>arbitraretur,</span> <span class='ocrx_word' id='word_1_73' title='bbox 1461 723 1529 760; x_wconf 79' lang='lat' dir='ltr'>nili</span> <span class='ocrx_word' id='word_1_74' title='bbox 1557 723 1662 775; x_wconf 91' lang='lat' dir='ltr'>quod</span> <span class='ocrx_word' id='word_1_75' title='bbox 1692 722 1876 761; x_wconf 88' lang='lat' dir='ltr'>modestia</span> 
     </span>
     <span class='ocr_line' id='line_1_10' title="bbox 480 792 706 832; baseline -0.009 0"><span class='ocrx_word' id='word_1_76' title='bbox 480 792 706 832; x_wconf 79' lang='lat' dir='ltr'>retinuisset.</span> 
     </span>
    </p>

    <p class='ocr_par' dir='ltr' id='par_1_3' title="bbox 478 856 1878 1972">
     <span class='ocr_line' id='line_1_11' title="bbox 538 856 1876 910; baseline -0.002 -12"><span class='ocrx_word' id='word_1_77' title='bbox 538 861 626 898; x_wconf 86' lang='lat' dir='ltr'>Hac</span> <span class='ocrx_word' id='word_1_78' title='bbox 648 873 734 897; x_wconf 89' lang='lat' dir='ltr'>vero</span> <span class='ocrx_word' id='word_1_79' title='bbox 755 859 795 897; x_wconf 87' lang='lat' dir='ltr'>in</span> <span class='ocrx_word' id='word_1_80' title='bbox 815 857 1103 910; x_wconf 83' lang='lat' dir='ltr'>conjuratione,</span> <span class='ocrx_word' id='word_1_81' title='bbox 1134 856 1230 909; x_wconf 87' lang='lat' dir='ltr'>quid</span> <span class='ocrx_word' id='word_1_82' title='bbox 1252 865 1331 894; x_wconf 91' lang='lat' dir='ltr'>tam</span> <span class='ocrx_word' id='word_1_83' title='bbox 1354 858 1608 909; x_wconf 61' lang='lat' dir='ltr'>conjunctum</span> <span class='ocrx_word' id='word_1_84' title='bbox 1624 885 1633 901; x_wconf 93' lang='lat'><strong>‚</strong></span> <span class='ocrx_word' id='word_1_85' title='bbox 1666 870 1783 909; x_wconf 90' lang='lat' dir='ltr'>quam</span> <span class='ocrx_word' id='word_1_86' title='bbox 1809 857 1876 895; x_wconf 90' lang='lat' dir='ltr'>ille</span> 
     </span>
     <span class='ocr_line' id='line_1_12' title="bbox 478 923 1878 975; baseline -0.003 -10"><span class='ocrx_word' id='word_1_87' title='bbox 478 941 574 966; x_wconf 86' lang='lat' dir='ltr'>cum</span> <span class='ocrx_word' id='word_1_88' title='bbox 607 926 787 971; x_wconf 85' lang='lat' dir='ltr'>Catilina,</span> <span class='ocrx_word' id='word_1_89' title='bbox 819 940 912 964; x_wconf 91' lang='lat' dir='ltr'>cum</span> <span class='ocrx_word' id='word_1_90' title='bbox 939 924 1139 963; x_wconf 88' lang='lat' dir='ltr'>Lentulo?</span> <span class='ocrx_word' id='word_1_91' title='bbox 1172 938 1258 975; x_wconf 83' lang='lat' dir='ltr'>quae</span> <span class='ocrx_word' id='word_1_92' title='bbox 1286 933 1389 962; x_wconf 84' lang='lat' dir='ltr'>tanta</span> <span class='ocrx_word' id='word_1_93' title='bbox 1416 923 1571 962; x_wconf 81' lang='lat' dir='ltr'>societas</span> <span class='ocrx_word' id='word_1_94' title='bbox 1599 924 1688 962; x_wconf 87' lang='lat' dir='ltr'>ullis</span> <span class='ocrx_word' id='word_1_95' title='bbox 1717 924 1816 962; x_wconf 88' lang='lat' dir='ltr'>inter</span> <span class='ocrx_word' id='word_1_96' title='bbox 1841 923 1878 962; x_wconf 88' lang='lat' dir='ltr'>se</span> 
     </span>
     <span class='ocr_line' id='line_1_13' title="bbox 480 990 1876 1046; baseline -0.002 -15"><span class='ocrx_word' id='word_1_97' title='bbox 480 1007 611 1031; x_wconf 90' lang='lat' dir='ltr'>rerum</span> <span class='ocrx_word' id='word_1_98' title='bbox 642 993 896 1046; x_wconf 88' lang='lat' dir='ltr'>optimarum,</span> <span class='ocrx_word' id='word_1_99' title='bbox 927 1001 1070 1044; x_wconf 88' lang='lat' dir='ltr'>quanta</span> <span class='ocrx_word' id='word_1_100' title='bbox 1099 991 1135 1028; x_wconf 90' lang='lat' dir='ltr'>ei</span> <span class='ocrx_word' id='word_1_101' title='bbox 1165 1004 1258 1029; x_wconf 89' lang='lat' dir='ltr'>cum</span> <span class='ocrx_word' id='word_1_102' title='bbox 1290 990 1366 1029; x_wconf 85' lang='lat' dir='ltr'>illis</span> <span class='ocrx_word' id='word_1_103' title='bbox 1394 990 1555 1035; x_wconf 85' lang='lat' dir='ltr'>sceleris,</span> <span class='ocrx_word' id='word_1_104' title='bbox 1586 990 1775 1035; x_wconf 84' lang='lat' dir='ltr'>libidinis,</span> <span class='ocrx_word' id='word_1_105' title='bbox 1806 1003 1876 1028; x_wconf 88' lang='lat' dir='ltr'>au-</span> 
     </span>
     <span class='ocr_line' id='line_1_14' title="bbox 481 1056 1875 1112; baseline -0.004 -14"><span class='ocrx_word' id='word_1_106' title='bbox 481 1060 628 1098; x_wconf 83' lang='lat' dir='ltr'>daciae?</span> <span class='ocrx_word' id='word_1_107' title='bbox 661 1060 767 1112; x_wconf 90' lang='lat' dir='ltr'>quod</span> <span class='ocrx_word' id='word_1_108' title='bbox 787 1058 980 1111; x_wconf 83' lang='lat' dir='ltr'>flagitium</span> <span class='ocrx_word' id='word_1_109' title='bbox 1001 1057 1191 1097; x_wconf 88' lang='lat' dir='ltr'>Lentulus</span> <span class='ocrx_word' id='word_1_110' title='bbox 1216 1070 1293 1095; x_wconf 89' lang='lat' dir='ltr'>non</span> <span class='ocrx_word' id='word_1_111' title='bbox 1320 1071 1414 1095; x_wconf 90' lang='lat' dir='ltr'>cum</span> <span class='ocrx_word' id='word_1_112' title='bbox 1443 1057 1637 1096; x_wconf 88' lang='lat' dir='ltr'>Autronio</span> <span class='ocrx_word' id='word_1_113' title='bbox 1664 1056 1875 1110; x_wconf 87' lang='lat' dir='ltr'>concepit?</span> 
     </span>
     <span class='ocr_line' id='line_1_15' title="bbox 481 1123 1877 1178; baseline -0.002 -13"><span class='ocrx_word' id='word_1_114' title='bbox 481 1127 586 1178; x_wconf 88' lang='lat' dir='ltr'>quod</span> <span class='ocrx_word' id='word_1_115' title='bbox 616 1126 692 1164; x_wconf 87' lang='lat' dir='ltr'>fine</span> <span class='ocrx_word' id='word_1_116' title='bbox 723 1126 860 1164; x_wconf 88' lang='lat' dir='ltr'>eodem</span> <span class='ocrx_word' id='word_1_117' title='bbox 895 1125 965 1163; x_wconf 90' lang='lat' dir='ltr'>illo</span> <span class='ocrx_word' id='word_1_118' title='bbox 998 1124 1166 1162; x_wconf 88' lang='lat' dir='ltr'>Catilina</span> <span class='ocrx_word' id='word_1_119' title='bbox 1196 1123 1344 1162; x_wconf 83' lang='lat' dir='ltr'>facinus</span> <span class='ocrx_word' id='word_1_120' title='bbox 1378 1124 1561 1162; x_wconf 75' lang='lat' dir='ltr'>admisit?</span> <span class='ocrx_word' id='word_1_121' title='bbox 1593 1138 1686 1162; x_wconf 90' lang='lat' dir='ltr'>cum</span> <span class='ocrx_word' id='word_1_122' title='bbox 1718 1123 1877 1162; x_wconf 89' lang='lat' dir='ltr'>interim</span> 
     </span>
     <span class='ocr_line' id='line_1_16' title="bbox 483 1190 1877 1244; baseline -0.003 -13"><span class='ocrx_word' id='word_1_123' title='bbox 483 1193 583 1244; x_wconf 78' lang='lat' dir='ltr'>Sylla</span> <span class='ocrx_word' id='word_1_124' title='bbox 613 1207 705 1230; x_wconf 92' lang='lat' dir='ltr'>cum</span> <span class='ocrx_word' id='word_1_125' title='bbox 734 1191 876 1230; x_wconf 89' lang='lat' dir='ltr'>eisdem</span> <span class='ocrx_word' id='word_1_126' title='bbox 903 1190 979 1228; x_wconf 84' lang='lat' dir='ltr'>illis</span> <span class='ocrx_word' id='word_1_127' title='bbox 1009 1203 1086 1228; x_wconf 90' lang='lat' dir='ltr'>non</span> <span class='ocrx_word' id='word_1_128' title='bbox 1115 1190 1232 1238; x_wconf 81' lang='lat' dir='ltr'>modo</span> <span class='ocrx_word' id='word_1_129' title='bbox 1259 1191 1411 1227; x_wconf 59' lang='lat' dir='ltr'>noctem</span> <span class='ocrx_word' id='word_1_130' title='bbox 1443 1190 1768 1242; x_wconf 85' lang='lat' dir='ltr'>solitudinemque</span> <span class='ocrx_word' id='word_1_131' title='bbox 1798 1203 1877 1227; x_wconf 89' lang='lat' dir='ltr'>non</span> 
     </span>
     <span class='ocr_line' id='line_1_17' title="bbox 481 1256 1875 1312; baseline -0.003 -15"><span class='ocrx_word' id='word_1_132' title='bbox 481 1269 678 1312; x_wconf 62' lang='lat' dir='ltr'>quaereret,</span> <span class='ocrx_word' id='word_1_133' title='bbox 707 1258 768 1296; x_wconf 87' lang='lat' dir='ltr'>sed</span> <span class='ocrx_word' id='word_1_134' title='bbox 788 1271 835 1295; x_wconf 90' lang='lat' dir='ltr'>ne</span> <span class='ocrx_word' id='word_1_135' title='bbox 856 1257 1041 1295; x_wconf 82' lang='lat' dir='ltr'>mediocri</span> <span class='ocrx_word' id='word_1_136' title='bbox 1063 1257 1223 1308; x_wconf 87' lang='lat' dir='ltr'>quidem</span> <span class='ocrx_word' id='word_1_137' title='bbox 1244 1256 1415 1294; x_wconf 86' lang='lat' dir='ltr'>sermone</span> <span class='ocrx_word' id='word_1_138' title='bbox 1435 1266 1473 1294; x_wconf 92' lang='lat' dir='ltr'>et</span> <span class='ocrx_word' id='word_1_139' title='bbox 1492 1257 1688 1308; x_wconf 73' lang='lat' dir='ltr'>congressu</span> <span class='ocrx_word' id='word_1_140' title='bbox 1709 1258 1875 1308; x_wconf 89' lang='lat' dir='ltr'>conjun-</span> 
     </span>
     <span class='ocr_line' id='line_1_18' title="bbox 480 1322 1875 1378; baseline -0.002 -15"><span class='ocrx_word' id='word_1_141' title='bbox 480 1335 647 1378; x_wconf 86' lang='lat' dir='ltr'>geretur.</span> <span class='ocrx_word' id='word_1_142' title='bbox 678 1325 796 1363; x_wconf 89' lang='lat' dir='ltr'>Illum</span> <span class='ocrx_word' id='word_1_143' title='bbox 818 1324 1062 1376; x_wconf 82' lang='lat' dir='ltr'>Allobroges,</span> <span class='ocrx_word' id='word_1_144' title='bbox 1084 1323 1343 1361; x_wconf 84' lang='lat' dir='ltr'>maximarum</span> <span class='ocrx_word' id='word_1_145' title='bbox 1364 1336 1493 1361; x_wconf 89' lang='lat' dir='ltr'>rerum</span> <span class='ocrx_word' id='word_1_146' title='bbox 1513 1322 1693 1361; x_wconf 86' lang='lat' dir='ltr'>veriffimi</span> <span class='ocrx_word' id='word_1_147' title='bbox 1714 1323 1875 1367; x_wconf 85' lang='lat' dir='ltr'>indices,</span> 
     </span>
     <span class='ocr_line' id='line_1_19' title="bbox 481 1389 1876 1441; baseline -0.003 -11"><span class='ocrx_word' id='word_1_148' title='bbox 481 1392 596 1430; x_wconf 86' lang='lat' dir='ltr'>illum</span> <span class='ocrx_word' id='word_1_149' title='bbox 622 1391 839 1430; x_wconf 86' lang='lat' dir='ltr'>multorum</span> <span class='ocrx_word' id='word_1_150' title='bbox 868 1390 986 1428; x_wconf 87' lang='lat' dir='ltr'>literae</span> <span class='ocrx_word' id='word_1_151' title='bbox 1009 1403 1051 1427; x_wconf 87' lang='lat' dir='ltr'>ac</span> <span class='ocrx_word' id='word_1_152' title='bbox 1080 1389 1223 1434; x_wconf 90' lang='lat' dir='ltr'>nuntii,</span> <span class='ocrx_word' id='word_1_153' title='bbox 1254 1399 1534 1441; x_wconf 87' lang='lat' dir='ltr'>coarguerunt:</span> <span class='ocrx_word' id='word_1_154' title='bbox 1568 1389 1712 1440; x_wconf 89' lang='lat' dir='ltr'>Syllam</span> <span class='ocrx_word' id='word_1_155' title='bbox 1734 1389 1876 1427; x_wconf 87' lang='lat' dir='ltr'>interea</span> 
     </span>
     <span class='ocr_line' id='line_1_20' title="bbox 482 1455 1877 1508; baseline -0.003 -11"><span class='ocrx_word' id='word_1_156' title='bbox 482 1472 598 1497; x_wconf 91' lang='lat' dir='ltr'>nemo</span> <span class='ocrx_word' id='word_1_157' title='bbox 637 1457 897 1501; x_wconf 87' lang='lat' dir='ltr'>infimulavit,</span> <span class='ocrx_word' id='word_1_158' title='bbox 938 1470 1054 1494; x_wconf 91' lang='lat' dir='ltr'>nemo</span> <span class='ocrx_word' id='word_1_159' title='bbox 1093 1456 1323 1494; x_wconf 85' lang='lat' dir='ltr'>nominavit.</span> <span class='ocrx_word' id='word_1_160' title='bbox 1366 1456 1587 1500; x_wconf 87' lang='lat' dir='ltr'>Postremo,</span> <span class='ocrx_word' id='word_1_161' title='bbox 1624 1456 1742 1508; x_wconf 67' lang='lat' dir='ltr'>ejecto</span> <span class='ocrx_word' id='word_1_162' title='bbox 1758 1485 1768 1501; x_wconf 91' lang='lat'>,</span> <span class='ocrx_word' id='word_1_163' title='bbox 1804 1455 1877 1493; x_wconf 87' lang='lat' dir='ltr'>five</span> 
     </span>
     <span class='ocr_line' id='line_1_21' title="bbox 482 1522 1875 1577; baseline -0.003 -14"><span class='ocrx_word' id='word_1_164' title='bbox 482 1524 615 1563; x_wconf 84' lang='lat' dir='ltr'>emiffo</span> <span class='ocrx_word' id='word_1_165' title='bbox 629 1554 639 1570; x_wconf 91' lang='lat'>,</span> <span class='ocrx_word' id='word_1_166' title='bbox 665 1526 748 1577; x_wconf 88' lang='lat' dir='ltr'>jam</span> <span class='ocrx_word' id='word_1_167' title='bbox 769 1537 816 1562; x_wconf 86' lang='lat' dir='ltr'>ex</span> <span class='ocrx_word' id='word_1_168' title='bbox 836 1523 930 1561; x_wconf 88' lang='lat' dir='ltr'>urbe</span> <span class='ocrx_word' id='word_1_169' title='bbox 951 1522 1144 1567; x_wconf 87' lang='lat' dir='ltr'>Catilina,</span> <span class='ocrx_word' id='word_1_170' title='bbox 1175 1522 1241 1560; x_wconf 92' lang='lat' dir='ltr'>ille</span> <span class='ocrx_word' id='word_1_171' title='bbox 1261 1535 1365 1560; x_wconf 90' lang='lat' dir='ltr'>arma</span> <span class='ocrx_word' id='word_1_172' title='bbox 1382 1522 1509 1567; x_wconf 87' lang='lat' dir='ltr'>mifit,</span> <span class='ocrx_word' id='word_1_173' title='bbox 1539 1535 1707 1568; x_wconf 83' lang='lat' dir='ltr'>cornua,</span> <span class='ocrx_word' id='word_1_174' title='bbox 1739 1522 1849 1560; x_wconf 85' lang='lat' dir='ltr'>tubas</span> <span class='ocrx_word' id='word_1_175' title='bbox 1863 1550 1875 1567; x_wconf 91' lang='lat'>,</span> 
     </span>
     <span class='ocr_line' id='line_1_22' title="bbox 480 1588 1877 1644; baseline -0.002 -14"><span class='ocrx_word' id='word_1_176' title='bbox 480 1591 622 1637; x_wconf 83' lang='lat' dir='ltr'>falces,</span> <span class='ocrx_word' id='word_1_177' title='bbox 659 1592 785 1644; x_wconf 89' lang='lat' dir='ltr'>figna,</span> <span class='ocrx_word' id='word_1_178' title='bbox 821 1591 1018 1644; x_wconf 85' lang='lat' dir='ltr'>legiones;</span> <span class='ocrx_word' id='word_1_179' title='bbox 1050 1590 1117 1628; x_wconf 90' lang='lat' dir='ltr'>ille</span> <span class='ocrx_word' id='word_1_180' title='bbox 1150 1590 1304 1628; x_wconf 63' lang='lat' dir='ltr'>relictus</span> <span class='ocrx_word' id='word_1_181' title='bbox 1339 1590 1470 1634; x_wconf 89' lang='lat' dir='ltr'>intus,</span> <span class='ocrx_word' id='word_1_182' title='bbox 1505 1591 1724 1643; x_wconf 61' lang='lat' dir='ltr'>expectatus</span> <span class='ocrx_word' id='word_1_183' title='bbox 1758 1588 1877 1634; x_wconf 87' lang='lat' dir='ltr'>foris,</span> 
     </span>
     <span class='ocr_line' id='line_1_23' title="bbox 482 1655 1877 1711; baseline -0.001 -15"><span class='ocrx_word' id='word_1_184' title='bbox 482 1658 642 1697; x_wconf 87' lang='lat' dir='ltr'>Lentuli</span> <span class='ocrx_word' id='word_1_185' title='bbox 663 1671 776 1711; x_wconf 89' lang='lat' dir='ltr'>poena</span> <span class='ocrx_word' id='word_1_186' title='bbox 796 1656 1055 1710; x_wconf 74' lang='lat' dir='ltr'>compressus,</span> <span class='ocrx_word' id='word_1_187' title='bbox 1086 1655 1276 1694; x_wconf 83' lang='lat' dir='ltr'>convertit</span> <span class='ocrx_word' id='word_1_188' title='bbox 1297 1655 1332 1693; x_wconf 91' lang='lat' dir='ltr'>se</span> <span class='ocrx_word' id='word_1_189' title='bbox 1359 1656 1566 1708; x_wconf 86' lang='lat' dir='ltr'>aliquando</span> <span class='ocrx_word' id='word_1_190' title='bbox 1592 1656 1639 1694; x_wconf 91' lang='lat' dir='ltr'>ad</span> <span class='ocrx_word' id='word_1_191' title='bbox 1669 1657 1851 1694; x_wconf 86' lang='lat' dir='ltr'>timorem</span> <span class='ocrx_word' id='word_1_192' title='bbox 1866 1684 1877 1700; x_wconf 94' lang='lat'>,</span> 
     </span>
     <span class='ocr_line' id='line_1_24' title="bbox 481 1721 1878 1776; baseline -0.003 -14"><span class='ocrx_word' id='word_1_193' title='bbox 481 1738 684 1776; x_wconf 86' lang='lat' dir='ltr'>nunquam</span> <span class='ocrx_word' id='word_1_194' title='bbox 705 1724 749 1762; x_wconf 90' lang='lat' dir='ltr'>ad</span> <span class='ocrx_word' id='word_1_195' title='bbox 770 1724 996 1762; x_wconf 88' lang='lat' dir='ltr'>sanitatem:</span> <span class='ocrx_word' id='word_1_196' title='bbox 1029 1721 1094 1760; x_wconf 88' lang='lat' dir='ltr'>hic</span> <span class='ocrx_word' id='word_1_197' title='bbox 1122 1731 1256 1759; x_wconf 88' lang='lat' dir='ltr'>contra</span> <span class='ocrx_word' id='word_1_198' title='bbox 1281 1722 1333 1759; x_wconf 92' lang='lat' dir='ltr'>ita</span> <span class='ocrx_word' id='word_1_199' title='bbox 1360 1723 1531 1773; x_wconf 87' lang='lat' dir='ltr'>quievit,</span> <span class='ocrx_word' id='word_1_200' title='bbox 1564 1731 1606 1759; x_wconf 87' lang='lat' dir='ltr'>ut</span> <span class='ocrx_word' id='word_1_201' title='bbox 1632 1735 1676 1759; x_wconf 92' lang='lat' dir='ltr'>eo</span> <span class='ocrx_word' id='word_1_202' title='bbox 1705 1731 1878 1774; x_wconf 90' lang='lat' dir='ltr'>tempore</span> 
     </span>
     <span class='ocr_line' id='line_1_25' title="bbox 482 1786 1876 1843; baseline -0.003 -14"><span class='ocrx_word' id='word_1_203' title='bbox 482 1792 593 1829; x_wconf 89' lang='lat' dir='ltr'>omni</span> <span class='ocrx_word' id='word_1_204' title='bbox 614 1790 781 1843; x_wconf 85' lang='lat' dir='ltr'>Neapoli</span> <span class='ocrx_word' id='word_1_205' title='bbox 801 1789 931 1834; x_wconf 87' lang='lat' dir='ltr'>fuerit,</span> <span class='ocrx_word' id='word_1_206' title='bbox 964 1789 1032 1827; x_wconf 88' lang='lat' dir='ltr'>ubi</span> <span class='ocrx_word' id='word_1_207' title='bbox 1056 1801 1181 1840; x_wconf 89' lang='lat' dir='ltr'>neque</span> <span class='ocrx_word' id='word_1_208' title='bbox 1207 1787 1386 1825; x_wconf 88' lang='lat' dir='ltr'>homines</span> <span class='ocrx_word' id='word_1_209' title='bbox 1413 1786 1522 1825; x_wconf 79' lang='lat' dir='ltr'>fuifl&#39;e</span> <span class='ocrx_word' id='word_1_210' title='bbox 1552 1797 1734 1839; x_wconf 85' lang='lat' dir='ltr'>putantur</span> <span class='ocrx_word' id='word_1_211' title='bbox 1759 1786 1876 1839; x_wconf 84' lang='lat' dir='ltr'>hujus</span> 
     </span>
     <span class='ocr_line' id='line_1_26' title="bbox 478 1853 1874 1909; baseline -0.004 -14"><span class='ocrx_word' id='word_1_212' title='bbox 478 1857 617 1896; x_wconf 68' lang='lat' dir='ltr'>affines·</span> <span class='ocrx_word' id='word_1_213' title='bbox 635 1855 887 1909; x_wconf 84' lang='lat' dir='ltr'>suspicionis;</span> <span class='ocrx_word' id='word_1_214' title='bbox 919 1864 957 1892; x_wconf 89' lang='lat' dir='ltr'>et</span> <span class='ocrx_word' id='word_1_215' title='bbox 983 1854 1091 1892; x_wconf 82' lang='lat' dir='ltr'>locus</span> <span class='ocrx_word' id='word_1_216' title='bbox 1118 1853 1170 1892; x_wconf 90' lang='lat' dir='ltr'>est</span> <span class='ocrx_word' id='word_1_217' title='bbox 1196 1853 1275 1906; x_wconf 86' lang='lat' dir='ltr'>ipse</span> <span class='ocrx_word' id='word_1_218' title='bbox 1301 1867 1378 1891; x_wconf 92' lang='lat' dir='ltr'>non</span> <span class='ocrx_word' id='word_1_219' title='bbox 1408 1863 1484 1891; x_wconf 82' lang='lat' dir='ltr'>tam</span> <span class='ocrx_word' id='word_1_220' title='bbox 1514 1853 1558 1891; x_wconf 83' lang='lat' dir='ltr'>ad</span> <span class='ocrx_word' id='word_1_221' title='bbox 1579 1853 1874 1891; x_wconf 85' lang='lat' dir='ltr'>inflammandos</span> 
     </span>
     <span class='ocr_line' id='line_1_27' title="bbox 478 1919 1841 1972; baseline -0.003 -12"><span class='ocrx_word' id='word_1_222' title='bbox 478 1921 792 1960; x_wconf 84' lang='lat' dir='ltr'>calamitosorum</span> <span class='ocrx_word' id='word_1_223' title='bbox 814 1921 977 1965; x_wconf 86' lang='lat' dir='ltr'>animos,</span> <span class='ocrx_word' id='word_1_224' title='bbox 1010 1933 1126 1972; x_wconf 91' lang='lat' dir='ltr'>quam</span> <span class='ocrx_word' id='word_1_225' title='bbox 1149 1919 1195 1957; x_wconf 93' lang='lat' dir='ltr'>ad</span> <span class='ocrx_word' id='word_1_226' title='bbox 1215 1919 1479 1963; x_wconf 86' lang='lat' dir='ltr'>consolandos,</span> <span class='ocrx_word' id='word_1_227' title='bbox 1511 1919 1841 1957; x_wconf 85' lang='lat' dir='ltr'>accommodatus.</span> 
     </span>
    </p>

    <p class='ocr_par' dir='ltr' id='par_1_4' title="bbox 482 1984 1879 2506">
     <span class='ocr_line' id='line_1_28' title="bbox 538 1984 1876 2039; baseline -0.002 -14"><span class='ocrx_word' id='word_1_228' title='bbox 538 1988 610 2025; x_wconf 93' lang='lat' dir='ltr'>VI.</span> <span class='ocrx_word' id='word_1_229' title='bbox 644 1988 803 2039; x_wconf 89' lang='lat' dir='ltr'>Propter</span> <span class='ocrx_word' id='word_1_230' title='bbox 832 1986 931 2025; x_wconf 85' lang='lat' dir='ltr'>hanc</span> <span class='ocrx_word' id='word_1_231' title='bbox 959 1987 1077 2039; x_wconf 88' lang='lat' dir='ltr'>igitur</span> <span class='ocrx_word' id='word_1_232' title='bbox 1103 1995 1249 2024; x_wconf 86' lang='lat' dir='ltr'>tantam</span> <span class='ocrx_word' id='word_1_233' title='bbox 1275 1985 1625 2023; x_wconf 61' lang='lat' dir='ltr'>dissimilitudinem</span> <span class='ocrx_word' id='word_1_234' title='bbox 1651 1984 1876 2030; x_wconf 86' lang='lat' dir='ltr'>hominum,</span> 
     </span>
     <span class='ocr_line' id='line_1_29' title="bbox 482 2052 1879 2107; baseline -0.001 -16"><span class='ocrx_word' id='word_1_235' title='bbox 482 2064 597 2107; x_wconf 87' lang='lat' dir='ltr'>atque</span> <span class='ocrx_word' id='word_1_236' title='bbox 627 2053 849 2098; x_wconf 82' lang='lat' dir='ltr'>causarum,</span> <span class='ocrx_word' id='word_1_237' title='bbox 881 2052 1105 2091; x_wconf 86' lang='lat' dir='ltr'>diffimilem</span> <span class='ocrx_word' id='word_1_238' title='bbox 1135 2066 1199 2090; x_wconf 89' lang='lat' dir='ltr'>me</span> <span class='ocrx_word' id='word_1_239' title='bbox 1231 2052 1271 2089; x_wconf 88' lang='lat' dir='ltr'>in</span> <span class='ocrx_word' id='word_1_240' title='bbox 1303 2061 1467 2104; x_wconf 87' lang='lat' dir='ltr'>utroque</span> <span class='ocrx_word' id='word_1_241' title='bbox 1498 2052 1657 2104; x_wconf 79' lang='lat' dir='ltr'>praebui.</span> <span class='ocrx_word' id='word_1_242' title='bbox 1691 2052 1879 2090; x_wconf 87' lang='lat' dir='ltr'>Veniebat</span> 
     </span>
     <span class='ocr_line' id='line_1_30' title="bbox 482 2119 1876 2173; baseline -0.002 -14"><span class='ocrx_word' id='word_1_243' title='bbox 482 2123 589 2159; x_wconf 89' lang='lat' dir='ltr'>enim</span> <span class='ocrx_word' id='word_1_244' title='bbox 610 2121 656 2158; x_wconf 93' lang='lat' dir='ltr'>ad</span> <span class='ocrx_word' id='word_1_245' title='bbox 677 2133 753 2164; x_wconf 86' lang='lat' dir='ltr'>me,</span> <span class='ocrx_word' id='word_1_246' title='bbox 773 2129 809 2157; x_wconf 90' lang='lat' dir='ltr'>et</span> <span class='ocrx_word' id='word_1_247' title='bbox 830 2119 923 2173; x_wconf 78' lang='lat' dir='ltr'>saepe</span> <span class='ocrx_word' id='word_1_248' title='bbox 945 2120 1133 2165; x_wconf 86' lang='lat' dir='ltr'>veniebat,</span> <span class='ocrx_word' id='word_1_249' title='bbox 1156 2120 1386 2163; x_wconf 74' lang='lat' dir='ltr'>Autronius,</span> <span class='ocrx_word' id='word_1_250' title='bbox 1410 2119 1546 2157; x_wconf 84' lang='lat' dir='ltr'>multis</span> <span class='ocrx_word' id='word_1_251' title='bbox 1567 2133 1659 2157; x_wconf 90' lang='lat' dir='ltr'>cum</span> <span class='ocrx_word' id='word_1_252' title='bbox 1681 2119 1876 2171; x_wconf 86' lang='lat' dir='ltr'>lacrymis,</span> 
     </span>
     <span class='ocr_line' id='line_1_31' title="bbox 484 2185 1877 2241; baseline -0.002 -16"><span class='ocrx_word' id='word_1_253' title='bbox 484 2187 658 2241; x_wconf 80' lang='lat' dir='ltr'>supplex,</span> <span class='ocrx_word' id='word_1_254' title='bbox 680 2195 722 2224; x_wconf 88' lang='lat' dir='ltr'>ut</span> <span class='ocrx_word' id='word_1_255' title='bbox 741 2186 776 2224; x_wconf 87' lang='lat' dir='ltr'>se</span> <span class='ocrx_word' id='word_1_256' title='bbox 796 2185 1037 2224; x_wconf 85' lang='lat' dir='ltr'>defenderem</span> <span class='ocrx_word' id='word_1_257' title='bbox 1054 2205 1065 2231; x_wconf 87' lang='lat'>;</span> <span class='ocrx_word' id='word_1_258' title='bbox 1088 2195 1126 2224; x_wconf 91' lang='lat' dir='ltr'>et</span> <span class='ocrx_word' id='word_1_259' title='bbox 1146 2185 1182 2223; x_wconf 92' lang='lat' dir='ltr'>se</span> <span class='ocrx_word' id='word_1_260' title='bbox 1201 2199 1335 2224; x_wconf 88' lang='lat' dir='ltr'>meum</span> <span class='ocrx_word' id='word_1_261' title='bbox 1356 2185 1665 2237; x_wconf 86' lang='lat' dir='ltr'>condiscipulum</span> <span class='ocrx_word' id='word_1_262' title='bbox 1685 2186 1726 2223; x_wconf 92' lang='lat' dir='ltr'>in</span> <span class='ocrx_word' id='word_1_263' title='bbox 1747 2187 1877 2238; x_wconf 89' lang='lat' dir='ltr'>pueri-</span> 
     </span>
     <span class='ocr_line' id='line_1_32' title="bbox 484 2252 1877 2304; baseline -0.001 -13"><span class='ocrx_word' id='word_1_264' title='bbox 484 2255 549 2298; x_wconf 81' lang='lat' dir='ltr'>tia,</span> <span class='ocrx_word' id='word_1_265' title='bbox 581 2253 809 2291; x_wconf 80' lang='lat' dir='ltr'>familiarem</span> <span class='ocrx_word' id='word_1_266' title='bbox 833 2253 872 2290; x_wconf 91' lang='lat' dir='ltr'>in</span> <span class='ocrx_word' id='word_1_267' title='bbox 893 2252 1158 2297; x_wconf 89' lang='lat' dir='ltr'>adolescentia,</span> <span class='ocrx_word' id='word_1_268' title='bbox 1189 2252 1377 2304; x_wconf 85' lang='lat' dir='ltr'>collegam</span> <span class='ocrx_word' id='word_1_269' title='bbox 1400 2252 1438 2289; x_wconf 88' lang='lat' dir='ltr'>in</span> <span class='ocrx_word' id='word_1_270' title='bbox 1469 2252 1667 2304; x_wconf 69' lang='lat' dir='ltr'>quaestura,</span> <span class='ocrx_word' id='word_1_271' title='bbox 1700 2265 1877 2290; x_wconf 87' lang='lat' dir='ltr'>comme·—</span> 
     </span>
     <span class='ocr_line' id='line_1_33' title="bbox 485 2318 1876 2371; baseline -0.001 -14"><span class='ocrx_word' id='word_1_272' title='bbox 485 2320 658 2357; x_wconf 88' lang='lat' dir='ltr'>morabat</span> <span class='ocrx_word' id='word_1_273' title='bbox 678 2318 806 2356; x_wconf 70' lang='lat' dir='ltr'>fuiss&#39;e:</span> <span class='ocrx_word' id='word_1_274' title='bbox 827 2318 948 2357; x_wconf 88' lang='lat' dir='ltr'>multa</span> <span class='ocrx_word' id='word_1_275' title='bbox 969 2332 1054 2357; x_wconf 88' lang='lat' dir='ltr'>mea</span> <span class='ocrx_word' id='word_1_276' title='bbox 1072 2319 1113 2357; x_wconf 90' lang='lat' dir='ltr'>in</span> <span class='ocrx_word' id='word_1_277' title='bbox 1135 2319 1183 2363; x_wconf 90' lang='lat' dir='ltr'>se,</span> <span class='ocrx_word' id='word_1_278' title='bbox 1206 2318 1392 2356; x_wconf 84' lang='lat' dir='ltr'>nonnulla</span> <span class='ocrx_word' id='word_1_279' title='bbox 1411 2319 1528 2356; x_wconf 81' lang='lat' dir='ltr'>etiam</span> <span class='ocrx_word' id='word_1_280' title='bbox 1549 2318 1611 2356; x_wconf 87' lang='lat' dir='ltr'>sua</span> <span class='ocrx_word' id='word_1_281' title='bbox 1630 2318 1670 2356; x_wconf 92' lang='lat' dir='ltr'>in</span> <span class='ocrx_word' id='word_1_282' title='bbox 1692 2332 1768 2363; x_wconf 91' lang='lat' dir='ltr'>me,</span> <span class='ocrx_word' id='word_1_283' title='bbox 1786 2331 1876 2371; x_wconf 86' lang='lat' dir='ltr'>pro-</span> 
     </span>
     <span class='ocr_line' id='line_1_34' title="bbox 485 2385 1878 2439; baseline 0 -17"><span class='ocrx_word' id='word_1_284' title='bbox 485 2386 631 2424; x_wconf 72' lang='lat' dir='ltr'>ferebat</span> <span class='ocrx_word' id='word_1_285' title='bbox 651 2386 789 2424; x_wconf 84' lang='lat' dir='ltr'>officia.</span> <span class='ocrx_word' id='word_1_286' title='bbox 823 2385 978 2437; x_wconf 85' lang='lat' dir='ltr'>Qibus</span> <span class='ocrx_word' id='word_1_287' title='bbox 999 2399 1071 2439; x_wconf 89' lang='lat' dir='ltr'>ego</span> <span class='ocrx_word' id='word_1_288' title='bbox 1091 2386 1202 2424; x_wconf 87' lang='lat' dir='ltr'>rebus</span> <span class='ocrx_word' id='word_1_289' title='bbox 1219 2415 1229 2430; x_wconf 94' lang='lat'><em>‚</em></span> <span class='ocrx_word' id='word_1_290' title='bbox 1261 2385 1417 2436; x_wconf 88' lang='lat' dir='ltr'>Judices</span> <span class='ocrx_word' id='word_1_291' title='bbox 1433 2414 1443 2430; x_wconf 90' lang='lat'><em>‚</em></span> <span class='ocrx_word' id='word_1_292' title='bbox 1475 2386 1527 2423; x_wconf 89' lang='lat' dir='ltr'>ita</span> <span class='ocrx_word' id='word_1_293' title='bbox 1546 2385 1723 2423; x_wconf 65' lang='lat' dir='ltr'>flectebar</span> <span class='ocrx_word' id='word_1_294' title='bbox 1748 2386 1878 2423; x_wconf 88' lang='lat' dir='ltr'>animo</span> 
     </span>
     <span class='ocr_line' id='line_1_35' title="bbox 482 2449 1877 2506; baseline -0.001 -17"><span class='ocrx_word' id='word_1_295' title='bbox 482 2461 601 2506; x_wconf 78' lang='lat' dir='ltr'>atque</span> <span class='ocrx_word' id='word_1_296' title='bbox 622 2450 836 2505; x_wconf 82' lang='lat' dir='ltr'>frangebar,</span> <span class='ocrx_word' id='word_1_297' title='bbox 869 2462 911 2490; x_wconf 93' lang='lat' dir='ltr'>ut</span> <span class='ocrx_word' id='word_1_298' title='bbox 938 2453 1055 2491; x_wconf 83' lang='lat' dir='ltr'>etiam</span> <span class='ocrx_word' id='word_1_299' title='bbox 1083 2465 1131 2492; x_wconf 86' lang='lat' dir='ltr'>ex</span> <span class='ocrx_word' id='word_1_300' title='bbox 1161 2452 1362 2497; x_wconf 84' lang='lat' dir='ltr'>memoria,</span> <span class='ocrx_word' id='word_1_301' title='bbox 1394 2465 1487 2504; x_wconf 85' lang='lat' dir='ltr'>quas</span> <span class='ocrx_word' id='word_1_302' title='bbox 1515 2451 1614 2490; x_wconf 89' lang='lat' dir='ltr'>mihi</span> <span class='ocrx_word' id='word_1_303' title='bbox 1643 2451 1711 2505; x_wconf 87' lang='lat' dir='ltr'>ipfi</span> <span class='ocrx_word' id='word_1_304' title='bbox 1737 2449 1877 2489; x_wconf 80' lang='lat' dir='ltr'>fecerat</span> 
     </span>
    </p>
   </div>
  </div>
 </body>
</html>
