2212 2835
380 184 451 224 188
802 177 1206 217 ORATIO
1282 176 1356 214 ΙΙΙ.

374 282 514 326 literas,
546 290 587 318 ut
618 280 808 318 servorum
839 277 1009 331 praesidio
1040 285 1221 321 uteretur,
1253 274 1361 313 etad
1389 274 1525 312 urbem
1557 273 1756 326 quampri-

376 361 489 385 mum
520 360 611 384 cum
638 345 808 384 exercitu
833 344 1052 382 accederet:
1086 343 1124 380 id
1153 351 1279 379 autem
1306 355 1352 379 eo
1377 340 1548 385 confilio,
1579 348 1637 384 ut,
1667 352 1759 377 cum

376 413 512 450 urbem
539 412 721 450 omnibus
745 424 792 449 ex
813 410 997 463 partibus,
1029 407 1359 461 quemadmodum
1379 406 1615 459 descriptum
1634 402 1760 443 distri-

376 478 594 529 butumque
613 486 705 522 erat,
738 474 1002 520 incendissent,
1029 474 1251 525 caedemque
1271 472 1463 510 infinitam
1483 471 1630 509 civium
1648 468 1761 508 fecis-

377 543 472 588 sent,
510 543 640 595 praesto
675 543 763 580 effet
796 542 875 586 ille,
907 541 975 593 qui
1006 550 1044 578 et
1075 540 1265 592 fugientes
1297 540 1504 591 exciperet,
1535 545 1573 574 et
1604 537 1640 574 se
1670 548 1762 574 cum

378 610 530 647 urbanis
552 609 715 647 ducibus
737 609 999 660 conjungeret.
1032 606 1247 644 Introduffi
1271 614 1398 643 autem
1420 603 1540 648 Galli,
1566 603 1762 656 jusjuran-

378 675 474 713 dum
504 675 574 713 fibi
605 685 642 712 et
673 675 797 712 literas
829 688 849 711 a
880 674 924 711 Ρ.
954 673 1138 716 Lentulo,
1171 671 1361 724 Cethego,
1393 670 1556 715 Statilio,
1587 669 1634 706 ad
1659 668 1764 706 suam

378 752 534 793 gentem
556 741 658 778 datas
679 740 764 784 effe,
790 740 969 778 dixerunt
988 754 996 777 :
1028 748 1142 790 atque
1162 738 1214 776 ita
1234 738 1302 775 fibi
1323 738 1369 775 ab
1390 736 1450 775 his
1471 745 1508 774 et
1528 750 1548 773 a
1569 736 1617 774 L.
1640 733 1766 772 Caffio

380 807 450 845 effe
468 806 747 860 praescriptum,
770 815 812 843 ut
831 806 1048 857 equitatum
1070 804 1109 841 in
1129 804 1281 841 Italiam
1297 816 1414 854 quam
1436 803 1608 854 primum
1629 800 1765 838 mitte-

381 882 465 910 rent
483 887 491 910 :
523 872 707 926 pedestres
728 872 797 909 fibi
817 871 945 923 copias
966 883 1042 907 non
1061 868 1280 906 defuturas:
1313 867 1528 905 Lentulum
1549 875 1678 903 autem
1697 864 1767 902 fibi

381 937 630 982 confirmasse,
661 952 708 975 ex
739 937 825 975 fatis
858 936 1055 987 Sibyllinis
1087 934 1382 987 aruspicumque
1410 932 1606 985 responsis,
1637 931 1672 969 se
1698 929 1770 968 esse

381 1005 539 1042 tertium
560 1004 673 1041 illum
696 1003 937 1046 Cornelium,
969 1002 1013 1039 ad
1036 1015 1153 1052 quem
1175 1014 1339 1052 regnum
1366 998 1483 1051 hujus
1505 998 1625 1042 urbis,
1656 1005 1771 1048 atque

382 1071 606 1122 imperium,
638 1070 833 1122 pervenire
852 1068 941 1105 esset
962 1066 1129 1105 necesse:
1162 1068 1330 1104 Cinnam
1356 1075 1443 1103 ante
1469 1065 1518 1109 se,
1549 1073 1587 1102 et
1612 1063 1772 1115 Syllam,

384 1135 517 1174 fuiffe:
549 1136 794 1185 eundemque
814 1132 961 1177 dixisse,
989 1131 1145 1170 fatalem
1172 1130 1277 1168 hunc
1305 1130 1375 1168 effe
1400 1144 1544 1168 annum
1570 1129 1617 1167 ad
1637 1128 1773 1166 interi-

385 1212 471 1240 tum
502 1200 617 1252 hujus
650 1199 755 1237 urbis
788 1207 902 1250 atque
928 1197 1096 1250 imperii,
1128 1198 1196 1249 qui
1227 1196 1316 1235 esset
1342 1196 1516 1234 decimus
1543 1207 1664 1232 annus
1691 1193 1775 1246 post

386 1267 583 1319 virginum
613 1264 908 1308 absolutionem,
939 1263 1021 1316 post
1052 1262 1237 1315 Capitolii
1267 1271 1395 1299 autem
1426 1260 1684 1299 incensionem
1713 1259 1773 1296 vi-

386 1332 562 1369 cefimus.
596 1331 710 1368 Hanc
729 1339 856 1367 autem
879 1327 1054 1381 Cethego
1073 1341 1166 1366 cum
1186 1327 1329 1365 caeteris
1349 1325 1641 1365 controverfiam
1665 1323 1775 1362 fuiffe

389 1397 582 1440 dixerunt,
614 1395 718 1447 quod
746 1394 915 1433 Lentulo
941 1404 978 1432 et
1003 1393 1101 1438 aliis,
1133 1393 1392 1431 Saturnalibus
1420 1391 1565 1430 caedem
1591 1390 1686 1434 fieri,
1717 1398 1775 1427 at-

389 1476 466 1516 que
500 1463 638 1500 urbem
675 1461 843 1505 incendi,
883 1460 1074 1512 placeret5
1117 1457 1293 1511 Cethego
1327 1458 1496 1497 nimium
1535 1457 1574 1495 id
1613 1457 1777 1508 longum

390 1529 525 1567 videri.

445 1596 496 1634 V.
529 1597 603 1639 Ac,
634 1608 681 1632 ne
712 1595 874 1647 longum
905 1593 963 1637 fit,
996 1592 1184 1644 Qirites,
1215 1590 1370 1629 tabellas
1403 1589 1565 1643 proferri
1586 1587 1778 1641 juffimus,

392 1677 476 1715 quae
507 1676 526 1699 a
557 1675 712 1714 quoque
738 1661 963 1698 dicebantur
990 1659 1097 1697 datae.
1130 1659 1309 1696 Primum
1335 1657 1568 1696 ostendimus
1604 1653 1779 1706 Cethego

394 1730 568 1782 signum:
591 1728 788 1780 cognovit.
821 1727 905 1765 Nos
927 1725 1054 1762 linum
1074 1724 1283 1761 incidimus
1303 1738 1311 1761 :
1335 1723 1516 1774 legimus.
1549 1723 1641 1759 Erat
1661 1721 1780 1771 scrip-

392 1804 480 1833 tum
514 1794 629 1846 ipsius
664 1806 796 1836 manu,
836 1791 1096 1842 Allobrogum
1130 1788 1274 1826 senatui
1308 1797 1345 1826 et
1379 1787 1538 1840 populo,
1573 1785 1658 1830 sese,
1695 1799 1780 1837 quae

394 1874 529 1897 eorum
559 1859 691 1911 legatis
722 1856 990 1901 confirmasset,
1019 1854 1091 1893 effe
1121 1854 1341 1898 faeturum5
1373 1866 1490 1897 orare,
1521 1861 1565 1890 ut
1596 1852 1689 1890 item
1722 1851 1782 1889 illi

395 1924 574 1967 facerent,
608 1937 692 1975 quae
718 1923 785 1960 fibi
814 1922 928 1973 legati
956 1934 1090 1959 eorum
1121 1918 1394 1972 praecepiffent.
1427 1919 1536 1956 Tum
1570 1916 1782 1969 Cethegus,

397 1991 464 2043 qui
484 1989 598 2042 paulo
618 1998 702 2027 ante
723 1988 868 2040 aliquid
889 1988 934 2025 de
954 1987 1089 2040 gladiis
1110 2000 1152 2023 ac
1173 1986 1271 2029 ficis,
1303 1999 1387 2036 quae
1406 1984 1506 2036 apud
1532 1983 1656 2036 ipsum
1679 1991 1785 2020 erant

397 2054 647 2108 deprehensa,
680 2053 935 2106 respondisset,
966 2051 1206 2104 dixissetque,
1242 2051 1278 2088 se
1308 2051 1454 2103 semper
1485 2050 1676 2086 bonorum
1707 2047 1786 2086 fer-

399 2131 663 2160 ramentorum
685 2118 893 2157 studiosum
913 2118 1050 2162 fuisse,
1082 2117 1248 2155 recitatis
1276 2117 1395 2154 literis
1423 2115 1644 2153 debilitatus
1672 2123 1787 2167 atque

399 2189 582 2240 abjectus,
614 2186 843 2224 conscientia
861 2184 1075 2228 convietus,
1106 2192 1260 2236 repente
1280 2182 1483 2220 conticuit.

455 2253 701 2291 Introductus
724 2250 906 2295 Statilius,
937 2249 1118 2302 cognovit
1139 2262 1298 2286 manum
1320 2256 1357 2284 et
1377 2247 1527 2299 signum
1548 2244 1674 2283 suum.
1707 2245 1786 2282 Re-

401 2321 525 2357 citatae
546 2318 630 2355 sunt
651 2317 797 2355 tabellae
818 2317 856 2353 in
877 2316 1037 2353 eandem
1057 2314 1134 2352 fere
1155 2314 1380 2352 sententiam
1400 2328 1408 2350 :
1441 2310 1629 2350 confessus
1648 2310 1714 2348 est.

457 2388 566 2423 Tum
600 2384 745 2424 ostendi
781 2384 936 2422 tabellas
976 2382 1172 2426 Lentulo;
1214 2390 1252 2419 et
1288 2380 1454 2433 quaefivi,
1494 2379 1787 2431 cognosceretne

404 2453 566 2504 signum.
599 2450 764 2489 Annuit.
805 2449 872 2488 Est
903 2462 1006 2494 vero,
1042 2449 1217 2500 inquam,
1253 2447 1405 2499 siguum
1440 2445 1599 2498 quidem
1633 2452 1786 2487 notum,
