2212 2835
677 203 819 241 PRO
878 203 1093 242 DOMO
1154 205 1300 246 SUA.
1606 214 1678 264 361

290 300 470 351 gratulari
498 299 584 345 tibi,
615 301 719 353 quod
745 301 848 338 idem
880 301 920 338 in
951 301 1143 354 posterum
1171 303 1234 341 Μ.
1258 305 1449 343 Catonem
1482 305 1680 346 tribunatu

290 375 359 404 tuo
393 367 628 412 removifi‘es,
659 375 697 404 et
732 367 836 419 quod
867 367 971 404 idem
1003 368 1043 404 in
1073 368 1266 420 posterum
1297 370 1343 408 de
1374 373 1679 412 extraordinariis

290 433 538 484 potestatibus
565 433 779 471 libertatem
806 432 1014 471 ademiffes.
1048 434 1153 484 Qas
1181 444 1246 472 aut
1275 449 1476 488 nunquam
1509 439 1581 477 tibi
1613 440 1679 479 ille

290 497 414 536 literas
436 499 566 543 mifit3
599 507 677 542 aut,
699 497 724 535 fi
746 498 862 542 mifit‚
884 498 925 535 in
945 498 1133 536 concione
1153 500 1301 538 recitari
1322 501 1474 547 noluit3
1506 513 1584 548 aut,
1607 506 1680 544 five

290 563 357 600 ille
377 563 492 608 mifit,
524 564 597 601 five
617 572 660 601 tu
679 562 836 607 finxisti,
867 571 968 601 certe
988 564 1192 602 confilium
1215 575 1326 604 tuum
1353 567 1400 604 de
1425 569 1583 608 Catonis
1604 569 1679 608 ho-

289 640 380 664 nore
411 627 565 665 illarum
595 627 793 665 literarum
824 627 1045 666 recitatione
1074 628 1309 681 patefactum
1340 631 1404 670 est.
1437 633 1509 671 Sed
1539 635 1682 674 omitto

288 692 492 738 Catonem,
523 694 632 745 cujus
653 693 794 731 eximia
814 694 949 739 virtus,
979 694 1159 747 dignitas,
1190 697 1288 734 etin
1307 710 1353 736 eo
1377 700 1545 751 negotiO,
1575 702 1682 753 quod

243 790 247 794 .
283 759 420 813 -geffit,
452 759 544 798 fides
579 770 617 798 et
648 760 910 806 continentia,
942 770 1068 813 tegere
1103 761 1281 802 videntur
1313 764 1606 818 improbitatem
1640 778 1679 808 et

287 826 382 879 legis
402 835 441 864 et
461 826 618 864 actionis
639 835 727 865 tuae.

345 892 444 944 Qis
469 892 707 944 provinciam
728 891 882 931 homini
900 892 982 946 post
1002 892 1180 934 homines
1199 904 1307 935 natos
1329 898 1565 952 turpissimo,
1597 900 1677 939 sce-

284 957 522 1003 ·leratiffimo‚
554 959 947 1004 contaminatiffim03
979 961 1065 1012 quis
1092 961 1202 1000 illam
1227 964 1400 1015 opimam
1430 963 1679 1020 fertilemque

288 1024 450 1075 Syriam,
481 1024 567 1076 quis
600 1024 748 1062 bellum
778 1025 1022 1077 pacatiffimis
1053 1027 1249 1079 gentibus,
1280 1030 1366 1081 quis
1396 1031 1604 1083 pecuniam
1632 1033 1680 1071 ad

289 1090 471 1129 emendos
493 1103 599 1143 agros
620 1091 866 1129 constitutam
883 1121 894 1137 ,
925 1101 1095 1145 ereptam
1115 1094 1154 1131 vi
1174 1107 1221 1131 ex
1242 1095 1395 1134 Caesaris
1423 1097 1536 1136 rebus
1557 1099 1648 1137 actis
1665 1127 1678 1144 ,

284 1157 376 1209 quis
407 1157 617 1209 imperium
647 1156 873 1203 infinitum,
903 1157 1041 1196 dedit?
1073 1159 1150 1197 Cui
1181 1160 1340 1212 quidem
1370 1176 1463 1201 cum
1495 1164 1679 1204 Ciliciam

288 1222 473 1268 dediffes,
508 1223 662 1261 mutasti
696 1224 941 1276 pactionem,
977 1233 1016 1262 et
1052 1225 1232 1264 Ciliciam
1267 1227 1314 1264 ad
1347 1237 1550 1280 praetorem
1582 1231 1680 1270 item

283 1298 393 1328 extra
408 1289 588 1327 ordinem
608 1290 854 1336 transtulisti;
889 1291 1075 1336 Gabinio,
1105 1292 1230 1344 pretio
1248 1294 1499 1347 amplificato,
1531 1298 1680 1348 Syriam

286 1356 522 1394 nominatim
541 1356 689 1395 dedisti.
723 1357 831 1408 Qid
849 1357 862 1393 ?
892 1356 1048 1396 homini
1067 1359 1279 1405 teterrimo,
1311 1361 1582 1409 crudeliffimo,
1604 1363 1680 1402 fal-

288 1421 504 1468 laciffimo,
538 1423 719 1460 omnium
752 1422 935 1460 scelerum
972 1422 1261 1476 libidinumque
1293 1427 1456 1465 maculis
1490 1429 1679 1468 notatiffi-

289 1500 357 1525 mo
372 1516 383 1532 ‚
415 1489 463 1526 L.
487 1488 643 1533 Pisoni,
674 1502 801 1526 nonne
820 1488 1054 1526 nominatim
1074 1489 1237 1541 populos
1261 1491 1402 1530 liberos
1422 1522 1433 1537 ‚
1465 1495 1601 1534 multis
1621 1495 1679 1534 se-

288 1553 623 1597 natus-consultis,
654 1554 771 1591 etiam
792 1555 934 1592 recenti
954 1554 1038 1606 lege
1057 1555 1173 1593 soceri
1194 1556 1322 1608 ipfius,
1354 1558 1546 1606 liberatos,
1569 1562 1679 1600 vinc-

288 1629 348 1657 tos
382 1628 420 1656 et
452 1618 672 1657 constrictos
707 1620 922 1658 tradidisti?
963 1634 1118 1666 nonne,
1158 1635 1251 1660 cum
1286 1623 1333 1661 ab
1366 1637 1411 1662 eo
1442 1639 1587 1664 merces
1621 1628 1681 1665 tui

285 1685 466 1724 beneficii
486 1685 733 1738 pretIumque
750 1687 955 1738 provincia:
979 1700 1067 1725 meo
1095 1687 1276 1739 sanguine
1302 1689 1374 1728 tibi
1400 1690 1487 1730 esset
1506 1692 1677 1745 persolu-

288 1759 389 1795 tum,
420 1759 548 1789 tamen
569 1752 741 1790 aerarium
763 1765 856 1790 cum
878 1766 922 1791 eo
943 1753 1104 1806 partitus
1125 1766 1163 1791 es
1182 1755 1195 1790 ?

343 1818 450 1855 Itane
470 1818 591 1856 vero?
622 1826 665 1855 tu
684 1819 897 1870 provincias
918 1819 1144 1864 consulares,
1174 1833 1267 1872 quas
1290 1822 1338 1860 C.
1363 1822 1579 1871 Gracchus,
1609 1826 1679 1878 qui

287 1896 387 1922 unus
409 1884 579 1921 maxime
598 1883 793 1936 popularis
813 1883 889 1922 fuit
903 1914 914 1930 ,
945 1899 1024 1923 non
1045 1886 1163 1923 modo
1183 1900 1262 1924 non
1282 1887 1437 1927 abstulit
1456 1890 1502 1928 ab
1523 1890 1651 1930 senatu
1665 1920 1678 1937 ,

288 1949 350 1987 sed
384 1949 501 1986 etiam
519 1978 530 1994 ‚
561 1958 605 1987 ut
637 1949 780 1988 necesse
814 1950 902 1989 e-ffet
932 1952 1137 2004 quotannis
1168 1953 1349 1992 constitui
1380 1969 1446 2008 per
1476 1955 1676 2003 senatum,

287 2014 438 2052 decreta
471 2015 555 2067 lege
585 2015 734 2061 sanxit3
767 2030 846 2061 eas,
877 2017 961 2070 lege
991 2018 1215 2071 Sempronia
1244 2033 1311 2072 per
1341 2020 1513 2060 senatum
1545 2023 1677 2061 decre-

287 2088 343 2118 tas
362 2108 373 2124 ,
404 2079 582 2118 rescidisti
600 2081 613 2118 ?
644 2091 748 2119 extra
767 2083 941 2121 ordinem
957 2111 970 2127 ,
1001 2084 1077 2122 fine
1103 2084 1200 2122 sorte
1217 2114 1228 2129 ,
1259 2086 1492 2125 nominatim
1512 2088 1646 2126 dedisti
1663 2116 1675 2134 ‚

287 2159 366 2183 non
386 2145 621 2191 consulibus,
653 2147 714 2186 sed
735 2149 955 2200 reipublicae
970 2149 1138 2203 pestibus
1159 2151 1172 2187 ?
1203 2164 1286 2196 nos,
1317 2153 1423 2204 quod
1443 2154 1676 2192 nominatim

287 2212 342 2250 rei
363 2212 541 2250 maximae
567 2226 663 2265 pene
687 2215 768 2266 jam
794 2215 992 2267 desperatae
1023 2215 1221 2254 summum
1241 2217 1368 2255 virum
1385 2247 1396 2262 ‚
1428 2218 1521 2271 saepe
1541 2219 1587 2256 ad
1607 2232 1675 2257 ex-

290 2287 411 2315 trema
442 2278 660 2329 reipublicae
691 2279 909 2319 discrimina
943 2282 1159 2327 delectum,
1190 2282 1458 2335 praefecimus,
1490 2297 1510 2320 a
1544 2292 1579 2321 te
1613 2297 1674 2322 re-

290 2342 574 2395 prehendemur
594 2344 605 2380 ?

345 2408 397 2445 X.
430 2408 539 2459 Qid
574 2409 758 2446 tandem?
800 2411 854 2455 fi,
892 2425 976 2463 quae
1011 2422 1095 2450 tum
1130 2412 1206 2450 iilis
1242 2412 1461 2464 reipublicae
1494 2414 1677 2460 tenebris,

289 2473 475 2525 caecisque
510 2474 679 2514 nubibus
714 2486 751 2513 et
786 2477 991 2528 procellis,
1023 2490 1115 2516 cum
1150 2477 1319 2516 senatum
1355 2490 1375 2514 a
1407 2478 1675 2531 gubernaculis

374 2540 503 2579 ΤοΜ.
525 2541 576 2580 V.
1290 2544 1323 2581 Z
1355 2558 1377 2584 z
