2212 2835
653 211 786 250 PRo
844 211 897 249 A.
957 209 1369 250 CLUENTIO.
1669 225 1720 266 95

376 310 438 348 Ex
459 310 638 362 lacrymis
658 308 816 355 horum,
838 309 1011 360 Judices,
1043 309 1259 348 existimare
1279 309 1449 363 potestis,
1476 323 1611 349 omnes
1641 310 1724 350 haec

320 376 546 416 decuriones
577 376 779 414 decrevisse
810 376 1078 427 lacrymantes.
1111 378 1197 428 Age
1217 391 1320 421 vero,
1349 377 1569 416 vicinorum
1597 391 1723 431 quan-

257 454 259 456 ·
320 451 407 481 tum
427 443 611 487 studium,
640 455 757 493 quam
778 441 1018 479 incredibilis
1039 441 1318 487 benevolentia,
1354 453 1497 495 quanta
1528 458 1619 482 cura
1638 445 1690 483 est
1709 446 1722 482 ?

321 508 414 546 Non
435 508 494 546 illi
522 509 563 546 in
585 506 726 545 libellis
746 506 1016 545 laudationum
1047 507 1200 545 decreta
1219 507 1420 553 miserunt,
1452 508 1513 546 sed
1544 509 1723 548 homines

318 572 612 618 honestiffimos,
644 585 741 625 quos
773 571 963 611 noffemus
995 586 1144 618 omnes,
1176 572 1256 611 huc
1276 572 1498 626 frequentes
1519 575 1652 620 adesse,
1685 586 1723 614 et

317 637 424 676 hunc
455 639 654 692 praesentes
675 639 841 684 laudare,
874 639 1094 678 voluerunt.
1127 639 1281 678 Adsunt
1302 641 1519 687 Ferentani,
1543 640 1722 680 homines

318 705 576 752 nobiliffimi7
607 706 827 744 Marrucini
862 705 957 743 item
998 707 1080 759 pari
1114 706 1334 759 dignitate:
1367 706 1547 753 Theano,
1579 710 1723 762 Appu-

318 770 371 816 lo,
401 781 517 825 atque
548 773 736 818 Luceria,
767 772 916 825 equites
949 773 1174 819 Romanos,
1206 773 1488 812 honestiffimos
1520 774 1720 821 homines,

317 837 530 877 laudatores
558 840 694 878 videtis
713 855 722 878 ε
757 840 940 885 Boviano,
963 848 1123 893 totoque
1144 854 1191 878 ex
1214 842 1384 886 Samnio,
1417 855 1509 880 cum
1531 842 1721 882 laudatIO-

317 918 383 943 nes
405 904 672 944 honestiffimae
692 906 810 945 miffae
831 906 932 952 sunt,
965 916 1051 946 tum
1071 906 1251 946 homines
1283 909 1507 962 ampliffimi
1529 910 1721 948 nobiliffi-

317 972 451 1024 mique
471 982 670 1011 venerunt.
703 974 791 1024 jam
812 973 880 1024 qui
901 973 941 1010 in
973 987 1062 1026 agro
1083 975 1254 1012 Larinati
1275 975 1429 1027 praedia,
1463 976 1531 1027 qui
1551 976 1719 1029 negotia,

316 1039 385 1090 qui
406 1052 462 1076 res
484 1040 692 1092 pecuarias,
714 1038 872 1084 habent,
908 1038 1057 1077 honesti
1078 1039 1273 1085 homines,
1306 1050 1342 1078 et
1364 1041 1519 1079 summo
1540 1042 1719 1094 splendo-

317 1117 356 1141 re
374 1105 538 1157 praediti,
561 1105 720 1143 difficile
741 1105 847 1142 dictu
867 1105 933 1149 est,
966 1119 1084 1157 quam
1106 1107 1179 1144 sint
1199 1107 1369 1152 solliciti,
1390 1121 1507 1160 quam
1529 1108 1717 1147 laborent.

317 1171 412 1209 Non
433 1172 550 1210 multi
576 1170 677 1210 mihi
698 1171 744 1209 ab
766 1185 844 1209 uno
877 1172 926 1209 fic
948 1171 1060 1225 diligi
1080 1173 1275 1218 videntur,
1303 1182 1346 1211 ut
1372 1173 1438 1212 hic
1469 1175 1516 1212 ab
1545 1174 1606 1213 his
1628 1176 1716 1213 uni-

316 1238 441 1276 versis.

369 1304 500 1343 LXX.
534 1305 666 1356 Qam
701 1318 779 1343 non
814 1303 934 1343 abesse
967 1305 1015 1343 ab
1046 1303 1164 1358 hujus
1192 1305 1345 1358 judicio
1373 1308 1421 1346 L.
1446 1306 1715 1353 Volufienum,

315 1371 469 1411 summo
489 1372 687 1426 splendore
706 1372 909 1411 hominem
931 1386 973 1411 ac
995 1373 1137 1412 virtute
1157 1375 1379 1427 praeditum,
1401 1375 1541 1414 vellem
1562 1375 1568 1413 ἔ
1598 1390 1717 1429 quam

314 1438 457 1478 vellem
478 1440 700 1493 praesentem
722 1439 824 1494 posse
845 1441 889 1478 P.
913 1439 1146 1479 Helvidium
1167 1440 1337 1488 Rufum,
1369 1443 1543 1495 equitem
1565 1443 1716 1481 Roma-

315 1518 428 1551 num,
460 1507 641 1545 omnium
662 1506 962 1550 ornatiffimum,
983 1507 1185 1544 nominare
1203 1506 1211 1544 !
1244 1508 1329 1560 qui,
1358 1522 1451 1547 cum
1472 1508 1588 1561 hujus
1609 1509 1717 1548 causa

316 1570 395 1609 dies
417 1572 619 1624 noctesque
652 1572 842 1624 vigilaret,
876 1581 913 1610 et
941 1585 1033 1610 cum
1064 1586 1128 1610 me
1159 1571 1259 1611 hanc
1291 1574 1441 1613 causam
1475 1575 1643 1622 doceret,
1674 1577 1715 1615 in

317 1637 501 1675 morbum
534 1651 690 1690 gravem
722 1637 1061 1691 periculosumque
1092 1638 1230 1677 incidit
1248 1658 1258 1684 ς
1290 1640 1331 1678 in
1366 1654 1445 1693 quo
1476 1650 1605 1680 tamen
1636 1656 1714 1681 non

315 1703 445 1742 minus
473 1704 519 1741 de
550 1704 674 1756 capite
705 1705 800 1756 ejus,
824 1717 942 1756 quam
974 1705 1021 1742 de
1052 1704 1116 1743 sua
1137 1706 1229 1751 vita,
1257 1706 1417 1746 laborat.
1452 1708 1528 1746 Cn.
1552 1708 1714 1746 Tudicii

314 1768 507 1815 senatoris,
539 1770 611 1808 viri
631 1770 774 1823 optimi
793 1779 830 1808 et
856 1769 1123 1816 honestiffimi,
1153 1785 1220 1825 par
1240 1772 1412 1811 studium
1432 1783 1470 1812 et
1491 1774 1712 1813 testimonio

313 1844 351 1874 et
370 1836 587 1874 laudatione
608 1836 861 1889 cognoscetis.
886 1837 1033 1875 Eadem
1054 1837 1131 1890 spe,
1155 1838 1216 1876 sed
1237 1840 1381 1892 majore
1401 1841 1642 1886 verecundia,
1665 1841 1712 1880 de

313 1910 362 1947 te,
395 1903 439 1941 P.
476 1902 684 1948 Volumni,
718 1903 906 1955 quoniam
937 1904 1059 1956 judex
1095 1918 1132 1942 es
1165 1905 1205 1942 in
1241 1907 1291 1944 A.
1331 1907 1575 1953 Cluentium,
1610 1908 1711 1946 dici-

311 1981 414 2006 mus.
451 1970 504 2007 Et
518 1998 528 2014 ,
566 1983 614 2007 ne
634 1970 798 2023 longum
820 1969 864 2008 fit
878 1999 888 2015 ,
920 1970 1102 2009 omniurn
1123 1971 1342 2010 vicinorum
1364 1972 1558 2012 summam
1578 1974 1649 2012 effe
1670 1974 1710 2012 in

311 2033 417 2073 hunc
438 2035 759 2081 benevolentiam,
779 2037 1070 2076 confirmamus.

356 2101 514 2140 Horum
535 2103 716 2140 omnium
736 2102 922 2148 studium,
945 2117 1092 2149 curam,
1119 2103 1378 2157 diligentiam,
1402 2119 1613 2158 meumque
1634 2121 1709 2145 una

310 2166 495 2212 laborem,
518 2170 587 2220 qui
608 2178 728 2207 totam
750 2168 850 2208 hanc
870 2170 1035 2215 causam,
1053 2180 1176 2208 vetere
1195 2171 1384 2216 instituto,
1402 2172 1501 2211 solus
1523 2174 1706 2225 peroravi,

310 2232 547 2284 vestramque
580 2234 705 2280 simul,
728 2236 899 2286 Judices,
933 2236 1155 2288 aequitatem
1188 2246 1225 2274 et
1254 2238 1603 2283 mansuetudinem,
1634 2253 1708 2276 una

311 2308 433 2337 mater
463 2310 674 2351 oppugnat.
712 2304 766 2340 At
798 2316 883 2354 quae
913 2303 1066 2340 mater?
1098 2317 1215 2355 quam
1248 2317 1388 2341 caecam
1417 2304 1641 2342 crudelitate
1668 2314 1706 2342 et

311 2365 448 2403 scelere
481 2364 571 2402 ferri
605 2367 767 2405 videtis:
805 2369 914 2420 cujus
947 2369 1201 2422 cupiditatem
1234 2371 1340 2407 nulla
1371 2383 1543 2421 unquam
1579 2370 1704 2422 turpi-

311 2432 405 2470 tudo
426 2433 626 2470 retardavit
645 2448 653 2469 :
687 2447 770 2485 quae
792 2436 894 2472 vitiis
915 2437 1034 2474 animi
1056 2437 1095 2473 in
1125 2437 1344 2474 deterrimas
1380 2446 1500 2488 partes
1523 2437 1609 2488 jura
1628 2436 1703 2474 ho-

310 2499 465 2538 minum
486 2500 675 2538 convertit
696 2501 825 2538 omnia
844 2515 851 2538 :
880 2503 988 2554 cujus
1010 2515 1051 2539 ea
1071 2502 1230 2541 stultitia
1248 2503 1313 2546 est,
1334 2511 1374 2540 ut
1394 2515 1477 2540 eam
1495 2516 1610 2542 nemo
1628 2503 1700 2543 ho-
