2212 2835
677 215 769 254 DE
827 213 1021 253 LEGE
1078 213 1437 253 AGRARIA.
1703 228 1770 255 101

373 321 503 352 tamen
521 313 561 352 id
582 314 628 352 iis
646 314 773 367 ipsum
791 327 859 366 per
875 313 1002 366 legem
1019 312 1167 350 licebit.
1192 311 1302 350 Hinc
1323 324 1388 350 vos
1405 325 1498 364 quas
1518 311 1775 363 spoliationes,

372 395 465 433 quas
486 382 693 435 pactiones,
725 394 842 432 quam
864 380 1030 431 denique
1051 380 1091 416 in
1112 379 1296 417 omnibus
1317 379 1413 417 locis
1434 379 1773 427 nundinationem,

365 448 465 499 juris
492 461 534 486 ac
560 447 804 485 fortunarum
830 445 913 483 fore
940 444 1110 498 putatis?
1141 444 1301 489 etenim,
1333 445 1439 496 quod
1459 445 1649 498 superiore
1668 457 1775 500 parte

372 514 466 566 legis
498 513 735 566 praefinitum
765 512 856 557 fuit,
888 512 990 564 Sylla
1015 520 1054 550 et
1080 511 1270 564 Pompeio
1298 511 1548 557 Consulibus,
1580 513 1620 550 id
1648 514 1774 554 rursus

370 579 538 619 liberum
559 580 840 632 infinitumque
859 578 1048 617 fecerunt.

424 647 498 685 lV.
530 646 651 698 Jubet
680 646 835 684 eosdem
866 646 1103 684 decemviros
1135 645 1318 684 omnibus
1350 646 1449 699 agris
1480 647 1649 700 publicis
1685 661 1772 700 per-

370 713 513 765 grande
528 713 689 766 ve-c‘tigal
707 714 921 766 imponere,
942 722 985 751 ut
1001 713 1121 751 iidem
1138 712 1279 766 poffint
1298 721 1336 750 et
1356 713 1516 752 liberare
1532 727 1654 768 agros,
1677 729 1773 767 quos

370 780 627 818 commodum
647 780 706 825 fit,
737 788 789 825 et,
821 792 918 831 quos
939 779 1027 832 ipfis
1049 779 1179 824 libeat,
1207 779 1420 832 publicare.
1453 781 1546 832 Qo
1566 782 1606 819 in
1621 783 1773 834 judicio

370 846 534 899 perspici
569 860 648 884 non
686 846 822 899 potest,
867 855 1001 885 utrum
1035 845 1208 884 severitas
1243 845 1428 891 acerbior,
1473 860 1520 885 an
1557 848 1773 901 benignitas

372 911 628 963 quaestuofior,
650 911 695 949 fit
714 910 857 950 futura.
880 912 978 949 Sunt
999 920 1129 950 tamen
1148 912 1189 949 in
1210 920 1289 950 tota
1310 911 1392 964 lege
1411 914 1656 966 exceptiones
1674 914 1772 960 duae,

372 991 450 1016 non
479 986 560 1016 tam
586 978 742 1030 iniquae,
775 991 894 1030 quam
923 977 1147 1030 suspiciosae.
1180 978 1342 1030 Excipit
1369 979 1410 1016 in
1437 980 1613 1033 veffigali
1640 982 1772 1034 impo-

373 1044 499 1082 nendo
533 1057 669 1097 agrum
704 1044 1007 1082 Recentoricum
1040 1044 1303 1088 Siciliensem,
1342 1044 1383 1081 in
1418 1045 1624 1084 vendendis
1659 1049 1771 1100 agris,

372 1123 435 1149 eos
456 1123 578 1164 agros,
611 1111 657 1148 de
677 1110 819 1162 quibus
840 1118 1000 1148 cautum
1021 1110 1066 1148 fit
1091 1108 1259 1148 foedere:
1287 1108 1329 1147 hi
1356 1109 1443 1149 sunt
1463 1112 1503 1150 in
1524 1112 1672 1159 Africa,
1704 1115 1772 1167 qui

371 1177 418 1215 ab
439 1175 666 1229 Hiempsale
685 1175 933 1228 poffidentur.

425 1243 508 1280 Hic
528 1254 672 1293 quaerO,
704 1241 731 1279 fi
758 1241 977 1294 Hiempsali
1005 1241 1090 1281 satis
1117 1241 1170 1280 est
1190 1250 1350 1281 cautum
1370 1241 1527 1290 foedere,
1558 1254 1595 1284 et
1616 1247 1770 1286 Recen-

370 1309 514 1347 toricus
541 1322 629 1361 ager
653 1308 825 1361 privatus
853 1309 919 1354 est,
951 1309 1047 1361 quid
1074 1309 1272 1347 attinuerit
1298 1311 1455 1363 excipi?
1488 1312 1553 1350 Sin
1580 1322 1617 1351 et
1644 1312 1771 1352 fcedus

370 1376 468 1414 illud
488 1374 605 1413 habet
631 1375 802 1428 aliquam
831 1376 1131 1421 dubitationem,
1163 1385 1201 1414 et
1221 1390 1309 1429 ager
1329 1378 1608 1417 Recentoricus
1630 1380 1772 1419 dicitur

370 1455 652 1495 nonnunquam
684 1441 755 1480 effe
786 1443 967 1496 publicus
985 1460 996 1487 ;
1029 1457 1149 1495 quem
1180 1452 1292 1496 putet
1322 1444 1647 1491 existimaturum,
1679 1447 1771 1485 duas

371 1509 496 1547 causas
522 1509 564 1547 in
584 1509 676 1546 orbe
695 1518 881 1547 terrarum
902 1518 1080 1562 repertas,
1112 1510 1255 1561 quibus
1276 1511 1393 1562 gratis
1413 1522 1585 1564 parceret
1604 1513 1616 1550 ?
1649 1514 1771 1552 Nunc

371 1575 548 1626 quisnam
574 1583 654 1613 tam
675 1574 864 1613 abstrusus
885 1575 1048 1628 usquam
1068 1589 1255 1614 nummus
1276 1577 1441 1623 videtur,
1473 1593 1590 1631 quem
1612 1594 1690 1619 non
1710 1595 1771 1619 ar-

370 1640 529 1679 chiteeci
560 1640 717 1693 hujusce
747 1642 841 1694 legis
872 1641 1106 1681 olfecerint?
1145 1644 1380 1690 Provincias,
1412 1645 1584 1685 civitates
1617 1648 1770 1694 liberas,

371 1706 506 1752 socios,
541 1707 701 1752 amicos,
736 1721 842 1760 reges
876 1708 1055 1760 denique,
1093 1708 1354 1748 exhauriunt:
1392 1710 1600 1751 admovent
1633 1727 1770 1752 manus

369 1773 622 1826 vectigalibus
641 1773 776 1826 populi
796 1774 982 1814 Romani.
1028 1774 1122 1813 Non
1142 1775 1195 1813 est
1215 1775 1314 1814 satis.

424 1840 585 1885 Audite,
617 1840 745 1878 audite
765 1854 845 1885 vos,
878 1842 947 1893 qui
967 1841 1201 1894 ampliffimo
1221 1843 1358 1895 populi
1378 1843 1601 1897 senatusque
1618 1846 1771 1897 judicio

368 1908 557 1945 exercitus
577 1905 776 1952 habuistis,
808 1916 845 1944 et
866 1907 967 1945 bella
984 1908 1155 1960 geffistis.
1198 1909 1305 1961 Qod
1325 1909 1376 1948 ad
1397 1924 1564 1964 quemque
1581 1913 1769 1964 pervenit,

363 1973 589 2025 pervenerit,
620 1987 662 2011 ex
674 1972 819 2026 praeda,
850 1988 893 2011 ex
917 1975 1106 2019 manubiis,
1137 1990 1187 2027 ex.
1204 1990 1294 2014 auro
1320 1978 1515 2022 coronario,
1547 1978 1642 2031 quod
1662 1993 1770 2032 neque

370 2041 609 2093 cmgfitmptum
629 2040 666 2077 in
685 2050 917 2084 monumento,
949 2055 1059 2094 neque
1078 2041 1115 2079 in
1134 2043 1308 2080 cerarium
1328 2044 1557 2095 relatumstt,
1589 2044 1630 2083 id
1643 2045 1694 2083 ad
1708 2046 1767 2083 dc—

369 2106 540 2144 cemviros
570 2106 707 2158 referri
727 2106 855 2157 jubet.
900 2107 990 2144 Hoc
1023 2107 1148 2159 capite
1183 2108 1308 2146 multa
1341 2109 1515 2161 sperant:
1560 2111 1599 2147 in
1634 2124 1768 2149 omnes

369 2169 630 2222 imperatores,
651 2170 883 2223 heredesque
903 2185 1051 2217 eorum,
1075 2173 1324 2225 quaestionem
1342 2175 1408 2212 suo
1430 2175 1580 2226 judicio
1608 2190 1768 2228 compa-

372 2246 478 2274 rant:
512 2237 574 2275 sed
595 2239 807 2276 maximam
830 2239 1035 2292 pecuniam
1055 2239 1090 2277 se
1109 2253 1129 2277 a
1150 2240 1289 2278 Fausto
1309 2241 1499 2280 ablaturos
1521 2243 1764 2280 arbitrantur.

372 2303 504 2354 Qam
531 2304 680 2341 causam
708 2305 892 2357 suscipere
912 2307 1030 2357 jurati
1052 2307 1204 2359 judices
1234 2307 1454 2352 noluerunt,
1486 2307 1585 2345 hanc
1612 2308 1671 2345 isti
1698 2309 1765 2346 de-

371 2369 531 2406 cemviri
552 2369 735 2421 suscipere
753 2385 761 2407 :
795 2372 941 2409 idcirco
961 2386 981 2409 a
1000 2373 1200 2424 judicibus
1221 2372 1371 2411 fortafl‘e
1390 2372 1676 2425 praetermiffam
1696 2374 1767 2412 effe

370 2430 616 2479 arbitrantur,
647 2434 752 2485 quod
772 2435 816 2472 fit
835 2436 922 2488 ipsis
943 2437 1136 2475 reservata.

426 2502 580 2540 Deinde
609 2503 725 2541 etiam
757 2503 797 2540 in
825 2503 1020 2555 reliquum
1048 2514 1200 2557 tempus
1229 2504 1517 2557 diligentiffime
1544 2506 1675 2553 saucit,
1708 2516 1765 2553 ut,
