2212 2835
371 182 421 222 92
865 166 1263 205 ORATIO

369 279 447 304 non
470 265 544 303 fine
578 262 786 302 necessariis
822 276 898 307 me,
934 276 976 300 ac
996 263 1192 308 maximis,
1223 261 1341 301 causis
1361 261 1553 316 principio
1572 262 1753 302 orationis

370 345 464 369 meae
484 331 529 368 de
549 339 669 368 matre
689 328 821 366 dixisse
839 344 846 366 :
880 327 979 367 nihil
1000 329 1051 366 est
1071 329 1176 366 enim
1197 328 1304 373 mali,
1333 326 1433 366 nihil
1459 327 1622 373 sceleris,
1649 329 1754 381 quod

369 397 434 433 illa
454 409 530 433 non
551 396 597 433 ab
618 395 730 432 initio
752 394 833 432 filio
854 395 1030 439 voluerit,
1067 395 1264 446 optaverit,
1300 394 1537 446 cogitaverit,
1570 392 1752 432 effecerit.

368 462 492 500 Mitto
513 462 621 499 illam
651 462 818 513 primam
849 460 1020 498 libidinis
1052 461 1259 511 injuriam:
1292 461 1407 499 mitto
1434 459 1591 498 nefarias
1625 460 1754 512 generi

367 528 518 580 nuptias
538 542 545 565 :
579 528 694 565 mitto
721 526 931 578 cupiditate
958 526 1088 564 matris
1109 526 1305 579 expulsam
1336 539 1384 564 ex
1402 526 1654 564 matrimonio
1674 525 1753 562 fili-

367 607 430 630 am
449 608 456 630 :
491 607 573 644 quae
595 592 768 630 nondum
787 592 832 629 ad
852 590 1011 643 hujusce
1032 592 1117 629 vitae
1138 592 1369 644 periculum,
1397 591 1458 629 sed
1479 592 1524 629 ad
1543 604 1754 629 commune

366 659 523 697 familiae
544 659 719 702 dedecus,
742 658 995 710 pertinebant.
1027 656 1143 695 Nihil
1165 658 1209 694 de
1230 657 1354 695 alteris
1377 658 1584 710 Oppianici
1606 658 1752 709 nuptiis

367 738 504 777 queror
522 739 530 762 ε
563 738 726 777 quarum
758 724 824 761 illa
853 737 945 761 cum
965 723 1109 761 obsides
1131 723 1230 761 filios
1250 724 1296 761 ab
1328 737 1371 762 eo
1393 733 1564 762 mortuos
1585 723 1752 776 accepis-

366 789 432 834 set,
455 800 540 827 tum
562 790 726 841 denique
747 789 786 826 in
814 788 969 827 familiae
988 789 1153 833 luctum,
1188 798 1301 841 atque
1328 789 1368 826 in
1398 789 1666 841 privignorum
1686 787 1752 826 fu-

366 869 453 900 nus,
476 855 614 908 nuplit.
639 856 837 898 Praetereo,
859 854 963 906 quod
982 855 1152 892 Aurium
1174 855 1387 899 Melinum,
1409 855 1517 906 cujus
1538 855 1604 892 illa
1624 868 1751 906 quon-

366 921 455 959 dam
477 922 617 966 socrus,
653 921 767 973 paulo
788 930 873 958 ante
896 934 1003 965 uxor,
1025 920 1164 964 fuisset,
1201 934 1293 957 cum
1316 921 1525 972 Oppianici
1551 919 1621 957 effe
1640 933 1754 972 opera

365 987 621 1039 proscriptum
653 986 901 1037 occisumque
931 985 1190 1037 cognosceret,
1215 998 1298 1022 eam
1319 984 1389 1022 fibi
1419 985 1582 1023 domum
1602 985 1752 1024 sedem*-

363 1066 439 1104 que
459 1052 631 1104 conjugii
652 1051 808 1103 delegit,
841 1051 881 1088 in
913 1064 988 1103 qua
1014 1051 1189 1103 quotidie
1208 1050 1407 1102 superioris
1433 1050 1504 1089 viri
1524 1051 1660 1089 mortis
1689 1052 1752 1090 in-

364 1119 466 1156 dicia
483 1127 521 1156 et
540 1117 659 1169 spolia
677 1116 921 1154 fortunarum
943 1116 1100 1154 videret.

420 1183 525 1222 Illud
554 1183 728 1234 primum
759 1195 918 1233 queror,
953 1181 999 1219 de
1029 1181 1098 1219 illo
1132 1181 1280 1227 scelere,
1315 1182 1421 1234 quod
1450 1195 1554 1220 nunc
1587 1182 1754 1235 denique

366 1248 599 1302 patefactum
628 1247 694 1292 est,
726 1247 944 1285 Fabriciani
975 1248 1139 1285 veneni:
1171 1247 1275 1299 quod
1297 1248 1378 1299 jam
1401 1257 1489 1286 tumr
1507 1261 1636 1286 recens
1671 1248 1749 1287 sus-

363 1314 554 1369 piciosum
573 1314 731 1358 caeteris,
751 1312 845 1351 huic
864 1312 1104 1358 incredibile,
1125 1326 1229 1351 nunc
1249 1327 1338 1352 vero
1357 1323 1533 1367 apertum
1557 1315 1640 1367 jam
1660 1328 1750 1352 om-

363 1382 494 1425 nibus,
515 1393 558 1418 ac
578 1378 840 1424 manifestum,
871 1379 1033 1418 videtur.
1066 1380 1160 1418 Non
1181 1379 1233 1417 est
1252 1379 1422 1433 profecto
1442 1379 1488 1418 de
1509 1380 1578 1418 illo
1605 1394 1751 1420 veneno

363 1447 484 1487 celata
502 1455 622 1484 mater
641 1460 650 1484 :
673 1445 773 1483 nihil
793 1446 845 1484 est
864 1446 910 1483 ab
933 1446 1153 1499 Oppianico
1173 1446 1248 1484 fine
1267 1446 1425 1484 confilio
1444 1446 1618 1485 mulieris
1639 1448 1750 1500 cogi-

364 1522 512 1552 tatum:
544 1510 650 1564 quod
669 1511 737 1548 nifi
759 1510 861 1555 effet,
893 1520 993 1549 certe
1012 1511 1153 1564 postea,
1183 1511 1413 1564 deprehensa
1443 1525 1494 1557 re,
1524 1526 1601 1550 non
1621 1513 1686 1550 illa
1706 1522 1750 1552 ut

363 1580 410 1618 ab
439 1577 617 1631 improbo
639 1577 719 1614 viro
739 1576 965 1621 disceffiffet‚
996 1577 1058 1614 sed
1093 1586 1135 1614 ut
1155 1590 1175 1614 a
1204 1577 1463 1615 crudeliffimo
1492 1577 1598 1616 hoste
1626 1577 1750 1631 fugis-

362 1646 428 1690 set,
450 1645 693 1695 domumque
722 1643 831 1681 illam
859 1644 900 1681 in
930 1652 1176 1696 perpetuum,
1206 1643 1343 1682 scelere
1373 1644 1482 1682 omni
1506 1643 1751 1695 affluentem,

362 1710 585 1763 reliquisset.
616 1710 711 1748 Non
733 1709 850 1747 modo
870 1708 910 1746 id
931 1722 1009 1746 non
1033 1708 1140 1753 fecit,
1162 1709 1225 1746 sed
1245 1710 1291 1747 ab
1312 1709 1382 1747 illo
1402 1718 1573 1761 ternpore
1594 1710 1749 1749 nullum

361 1778 494 1817 locum
515 1776 766 1829 praetermisit,
787 1776 828 1813 in
848 1788 927 1827 quo
946 1788 1025 1813 non
1045 1775 1242 1813 instrueret
1261 1774 1409 1812 infidias
1430 1776 1589 1827 aliquas,
1610 1789 1652 1814 ac
1669 1777 1747 1815 dies

361 1856 497 1883 omnes
528 1854 570 1879 ac
604 1842 733 1879 noctes
755 1849 833 1878 tota
863 1849 994 1878 mente
1023 1849 1144 1879 mater
1178 1840 1224 1878 de
1254 1841 1425 1893 pernicie
1454 1840 1525 1879 filii
1547 1841 1745 1894 cogitaret.

362 1910 461 1960 Qae
494 1908 681 1961 primum,
717 1915 760 1945 ut
792 1907 908 1945 istum
938 1907 1181 1946 confirmaret
1202 1906 1466 1959 Oppianicum
1493 1908 1747 1947 accusatorem

362 1975 444 2013 filio
463 1974 544 2018 suo,
577 1972 686 2010 donis
707 1972 980 2017 muliebribus,
1012 1972 1265 2011 collocatione
1286 1972 1388 2017 filiae‚
1424 1972 1486 2025 spe
1510 1971 1747 2020 hereditatis,

362 2040 579 2080 obstrinxit.

417 2107 587 2146 LXVII.
620 2106 754 2157 Itaque
773 2105 873 2158 apud
898 2116 1067 2150 caeterOS,
1089 2105 1195 2143 novis
1217 2105 1316 2143 inter
1335 2105 1572 2158 propinquos
1594 2105 1745 2158 suscep-

362 2174 411 2212 tis
430 2171 664 2216 inimicitiis‚
692 2170 786 2224 saepe
806 2171 887 2209 fieri
907 2172 1081 2216 divortia,
1112 2180 1225 2223 atque
1245 2171 1473 2209 affinitatum
1494 2170 1664 2216 discidia,
1686 2172 1746 2209 vi-

362 2240 492 2277 dimus
511 2252 520 2275 2
555 2236 637 2274 haec
659 2237 797 2274 mulier
818 2237 901 2276 satis
923 2237 1082 2275 firmum
1102 2237 1357 2275 accusatorem
1378 2237 1459 2275 filio
1479 2237 1545 2275 suo
1564 2236 1645 2275 fore
1676 2251 1745 2276 ne-

363 2305 509 2343 minem
530 2303 693 2355 putavit,
716 2303 783 2340 nisi
803 2304 868 2354 qui
890 2304 928 2340 in
948 2303 1240 2340 matrimonium
1257 2303 1422 2340 sororem
1440 2303 1520 2354 ejus
1540 2311 1624 2340 ante
1643 2303 1744 2341 dux-

364 2370 458 2407 iffet.
487 2368 639 2413 Caeteri‚
661 2368 769 2406 novis
789 2368 1039 2406 affinitatibus
1060 2369 1228 2414 adducti,
1250 2378 1390 2407 veteres
1411 2369 1632 2406 inimicitias
1653 2368 1747 2421 saepe

363 2436 588 2487 deponunt:
619 2434 686 2472 illa
705 2434 773 2473 fibi
803 2435 849 2473 ad
868 2434 1146 2474 confirmandas
1173 2435 1396 2474 inimicitias
1426 2434 1619 2473 affinitatis
1649 2447 1745 2473 con-
