2212 2835
874 210 1106 265 [197]

937 413 955 447 1
1006 412 1043 448 N

307 610 403 683 L.
520 603 1674 682 CATILINAM

717 827 805 866 IN
889 826 1258 865 SENATU

611 1029 1107 1071 ORATIO
1210 1031 1366 1071 XXII.

296 1236 329 1274 Ι.
485 1236 504 1274 Ι
517 1236 556 1274 D
570 1235 604 1274 E
620 1235 672 1281 O,
700 1235 830 1274 Patres
849 1234 1071 1288 conscripti,
1093 1234 1133 1272 in
1153 1248 1218 1273 me
1236 1235 1416 1274 omnium
1437 1237 1602 1276 vestrum
1623 1252 1687 1277 ora

497 1311 612 1356 atque
640 1301 774 1341 oculos
801 1301 873 1340 effe
897 1301 1128 1342 conversos:
1159 1301 1271 1340 video
1297 1315 1364 1341 vos
1391 1316 1469 1342 non
1496 1304 1618 1343 solum
1640 1306 1689 1343 de

291 1369 413 1408 vestro
440 1382 483 1408 ac
503 1369 739 1422 reipublicae,
770 1381 905 1408 verum
931 1369 1063 1414 etiam,
1093 1368 1120 1407 fi
1140 1368 1181 1407 id
1200 1368 1406 1422 depulsum
1426 1370 1486 1415 fit,
1516 1370 1563 1408 de
1583 1384 1686 1417 meo,

292 1435 466 1488 periculo
488 1436 559 1475 effe
585 1436 784 1475 sollicitos.
816 1435 886 1475 Est
911 1435 1012 1476 mihi
1032 1435 1207 1488 jucunda
1232 1436 1274 1474 in
1300 1436 1426 1482 malis,
1458 1446 1496 1476 et
1520 1447 1626 1491 grata
1646 1439 1687 1476 in

293 1502 437 1548 dolore,
467 1502 586 1541 vestra
604 1516 692 1555 erga
711 1515 777 1540 me
794 1502 995 1541 voluntas:
1028 1501 1090 1539 sed
1109 1514 1210 1546 eam,
1234 1515 1301 1555 per
1321 1503 1426 1541 Deos
1446 1504 1686 1543 immortales

293 1567 433 1619 quaeso,
453 1567 648 1620 deponite,
664 1576 794 1619 atque,
815 1567 929 1605 obliti
949 1566 1079 1605 salutis
1100 1580 1209 1612 meae,
1228 1567 1274 1605 de
1294 1568 1402 1607 vobis
1423 1583 1466 1607 ac
1487 1570 1533 1608 de
1554 1571 1686 1609 liberis

293 1632 422 1671 vestris
452 1633 632 1685 cogitate.
663 1631 773 1671 Mihi
803 1632 962 1685 quidem
992 1632 1020 1671 fi
1050 1632 1133 1671 haec
1158 1634 1331 1672 conditio
1356 1635 1574 1675 consulatus
1601 1637 1687 1675 data

293 1697 360 1743 est,
390 1706 435 1737 ut
463 1712 598 1738 omnes
625 1699 862 1744 acerbitates,
892 1711 1027 1737 omnes
1053 1699 1218 1746 dolores,
1249 1700 1514 1754 cruciatusque
1540 1702 1686 1756 perfer-

291 1776 371 1802 rem
388 1782 401 1809 3
432 1763 554 1803 feram
573 1778 653 1803 non
680 1764 807 1804 solum
833 1764 999 1810 fortiter,
1030 1764 1092 1804 sed
1117 1766 1234 1805 etiam
1261 1766 1440 1813 libenter,
1471 1769 1688 1808 dummodo

290 1829 388 1868 meis
427 1830 623 1870 laboribus
662 1831 771 1870 vobis
808 1831 1033 1885 populoque
1078 1833 1259 1872 Romano
1303 1834 1468 1888 dignitas
1514 1835 1688 1888 salusque

291 1896 472 1949 pariatur.

344 1964 433 2016 Ego
463 1963 548 2003 sum
579 1964 645 2003 ille
675 1965 821 2011 consul,
855 1966 984 2004 Patres
1015 1967 1236 2020 conscripti,
1267 1968 1331 2006 cui
1362 1982 1440 2007 non
1468 1968 1615 2014 forum,
1645 1970 1686 2008 in

292 2043 371 2082 quo
399 2031 526 2069 omnis
555 2032 713 2084 aequitas
733 2033 982 2079 continetur;
1014 2048 1091 2072 non
1113 2047 1288 2088 campus,
1319 2036 1580 2075 consularibus
1601 2037 1685 2075 aus-

291 2097 402 2150 piciis
423 2098 685 2144 consecratus;
709 2113 786 2137 non
808 2101 926 2146 curia,
958 2101 1156 2140 summum
1177 2102 1367 2142 auxilium
1387 2104 1566 2142 omnium
1587 2118 1684 2157 gen-

290 2163 392 2201 tium
408 2182 421 2208 ;
452 2178 531 2204 non
551 2165 705 2211 domus,
737 2179 946 2205 commune
965 2167 1217 2220 perfugium3
1250 2183 1327 2208 non
1349 2170 1483 2215 lectus,
1505 2170 1550 2208 ad
1572 2171 1683 2222 quie-

291 2237 373 2267 tem
399 2228 537 2275 datus;
569 2245 647 2269 non
673 2231 839 2284 denique
865 2231 947 2271 haec
973 2233 1075 2272 sedes
1103 2233 1276 2279 honoris,
1307 2234 1396 2272 sella
1418 2236 1577 2280 curulis,
1610 2250 1684 2272 un-

291 2297 409 2347 quam
429 2308 546 2333 vacua
564 2298 700 2335 mortis
720 2299 892 2350 periculo
913 2308 1027 2351 atque
1047 2300 1191 2338 infidiis
1208 2299 1297 2339 fuit.
1321 2301 1407 2353 Ego
1424 2301 1547 2338 multa
1568 2301 1683 2345 tacui,

293 2361 416 2398 multa
446 2361 601 2413 pertuli,
632 2363 757 2401 multa
785 2365 962 2410 conceffi,
994 2366 1120 2404 multa
1149 2379 1239 2405 meo
1269 2367 1438 2418 quodam
1469 2366 1612 2411 dolore,
1644 2367 1685 2404 in

293 2427 411 2466 vestro
432 2428 585 2474 timore,
617 2428 753 2468 sanavi.

346 2494 480 2541 Nunc,
511 2494 538 2533 fi
572 2493 678 2533 hunc
712 2496 862 2535 exitum
892 2498 1108 2536 consulatus
1138 2499 1216 2536 mei
1247 2498 1316 2536 Dii
1344 2498 1582 2537 immortales
1612 2498 1684 2537 effe
