2212 2835
383 176 433 215 62
877 169 1276 208 ORATIO

382 275 519 314 veneni
538 274 568 326 ej
577 286 632 317 us,
655 270 759 324 quod
776 270 977 322 quaefitum
999 269 1117 307 Avito
1137 268 1328 307 diceretur
1342 284 1354 312 5
1377 276 1571 320 negarent.
1599 268 1638 306 Si
1657 269 1767 307 dein-

384 343 431 379 de
451 340 566 378 effent
586 338 720 390 rogati,
742 336 837 388 quid
852 334 1082 388 judicassent
1099 353 1110 380 ς
1133 333 1398 373 condemnaffe
1418 334 1453 372 se
1472 334 1642 372 dicerent
1659 349 1669 373 :
1701 348 1770 372 ne-

384 420 451 446 mo
472 407 577 444 enim
597 404 771 443 absolvit.
794 402 945 440 Eodem
967 401 1085 440 modo
1099 401 1300 454 quaefitum
1318 401 1345 439 fi
1360 400 1449 439 effet
1465 401 1510 439 de
1528 400 1771 446 Scamandro,

383 481 485 510 certe
504 471 606 509 idem
627 468 923 522 respondissent}
945 468 1092 506 tametsi
1113 467 1178 505 ille
1199 480 1273 505 una
1288 466 1471 504 sententia
1490 466 1543 504 est
1562 466 1772 510 absolutus,

385 539 447 577 sed
467 538 575 576 illam
596 550 713 574 unam
734 548 850 573 nemo
871 543 955 573 tum
975 534 1134 573 istorum
1154 533 1259 572 suam
1278 533 1355 571 dici
1376 533 1504 572 vellet.

428 606 526 642 Uter
548 603 666 655 igitur
686 601 838 639 facilius
859 601 932 639 suae
952 600 1145 639 sententiae
1163 600 1351 638 rationem
1372 599 1543 637 redderet
1560 612 1569 637 ε
1593 597 1684 643 isne,
1705 597 1774 650 qui

387 670 422 709 se
442 679 480 709 et
501 670 569 708 fibi
590 678 627 707 et
647 669 700 706 rei
715 668 895 720 judicatae
915 666 1118 706 constitiffe
1137 666 1233 705 dicit
1248 684 1260 711 ς
1291 679 1338 704 an
1359 665 1437 710 ille,
1459 665 1527 718 qui
1547 665 1583 703 se
1603 664 1643 702 in
1663 664 1772 717 prin-

387 738 516 790 cipem
536 735 716 774 maleficii
737 733 878 778 lenem,
900 734 941 772 in
961 733 1150 786 adjutores
1170 733 1250 785 ejus
1271 742 1308 770 et
1328 731 1496 770 conscios
1517 729 1773 770 vehementis-

387 803 543 846 fimum,
579 800 650 838 effe
682 799 875 852 respondit
894 799 907 836 ?
939 799 1121 851 Qorum
1141 812 1214 851 ego
1247 798 1294 836 de
1324 797 1508 836 sententia
1542 810 1620 835 non
1651 796 1773 834 debeo

388 869 577 921 disputare
595 881 604 905 ι
637 879 760 919 neque
779 866 885 904 enirn
905 865 1056 910 dubito,
1078 865 1174 918 quin
1193 865 1222 902 ii
1242 865 1333 902 tales
1353 864 1438 909 v-iri,
1471 863 1683 916 suspicione
1701 862 1773 900 ali-

389 948 465 987 qua
485 933 645 987 perculsi
671 932 880 985 repentina,
913 931 959 969 de
979 931 1075 969 statu
1106 931 1172 969 suo
1203 930 1445 968 declinarint.
1477 930 1606 980 Qare
1625 941 1774 972 eorum,

388 1001 458 1052 qui
477 999 730 1042 absolverunt,
753 997 1052 1035 misericordiam
1072 1009 1150 1034 non
1171 994 1406 1048 reprehendo
1425 1010 1433 1034 :
1465 1008 1614 1039 eorum,
1642 994 1711 1046 qui
1735 994 1776 1031 in

382 1064 592 1118 judicando
624 1063 812 1116 superiora
838 1062 987 1115 judicia
1007 1062 1127 1100 secuti
1147 1061 1234 1099 sunt
1253 1061 1317 1099 sua
1340 1061 1487 1113 sponte,
1523 1073 1602 1098 non
1635 1059 1777 1097 Staleni

388 1131 535 1175 fraude,
553 1129 803 1168 constantiam
823 1128 1037 1180 comprobo
1055 1142 1064 1165 :
1097 1141 1231 1165 eorum
1251 1140 1352 1171 vero,
1374 1127 1442 1178 qui
1463 1126 1532 1165 fibi
1551 1139 1628 1165 non
1648 1125 1776 1178 lique-

390 1212 429 1236 re
449 1198 641 1240 dixerunt,
660 1194 882 1247 sapientiam
902 1193 1018 1231 laudo
1036 1208 1044 1231 :
1068 1193 1137 1245 qui
1154 1193 1344 1231 absolvere
1363 1205 1469 1237 eum,
1491 1205 1609 1243 quem
1630 1205 1777 1230 nocen-

390 1263 579 1302 tiffimum
599 1269 822 1314 cognorant,
855 1268 893 1298 et
913 1273 1033 1312 quem
1060 1259 1128 1312 ipfi
1150 1259 1208 1297 bis
1234 1260 1317 1311 jam
1337 1267 1446 1296 antea
1464 1259 1777 1302 condemnarant,

391 1329 501 1368 nullo
520 1328 638 1367 modo
667 1335 869 1380 poterant;
901 1326 1168 1370 condemnare,
1199 1339 1291 1363 cum
1318 1334 1422 1363 tanta
1441 1324 1590 1363 consilii
1619 1322 1779 1361 infamia

392 1405 431 1434 et
452 1406 530 1434 tam
550 1394 686 1432 atrocis
707 1394 759 1431 rei
779 1392 940 1446 suspicio
960 1392 1049 1430 effet
1068 1392 1218 1444 injecta,
1239 1392 1354 1444 paulo
1374 1392 1572 1444 posterius,
1594 1389 1780 1443 patefacta

393 1476 446 1507 re,
469 1461 699 1499 maluerunt.

450 1530 508 1565 Ac
530 1540 576 1564 ne
608 1539 655 1563 ex
688 1524 787 1563 fatto
808 1524 931 1562 solum
953 1524 1136 1576 sapientes
1171 1524 1258 1562 illos
1274 1524 1472 1576 judicetis,
1506 1523 1567 1561 sed
1591 1523 1707 1561 etiam
1733 1535 1781 1559 ex

394 1592 618 1632 hominibus
639 1591 741 1644 ipsis,
763 1590 867 1642 quod
886 1590 914 1627 ii
933 1588 1108 1635 fecerint,
1132 1590 1330 1628 rectiffime
1350 1603 1392 1628 ac
1412 1589 1679 1642 sapientiffime
1698 1587 1780 1625 fac-

395 1670 480 1698 tum
513 1658 705 1711 probetis;
737 1657 824 1708 quis
846 1657 890 1695 P.
915 1657 1076 1693 Oc‘tavio
1104 1657 1224 1694 Balbo
1255 1657 1410 1708 ingenio
1430 1656 1667 1708 prudentior,
1694 1655 1782 1706 jure
1844 1668 1850 1677 ·

395 1725 565 1778 peritior,
588 1724 674 1768 fide,
697 1723 895 1775 religione,
923 1721 1052 1759 officio
1072 1721 1307 1773 diligentior,
1329 1731 1393 1758 aut
1414 1722 1587 1764 sanctior,
1602 1734 1780 1758 comme-

397 1792 535 1830 morari
556 1790 703 1843 potest?
727 1803 803 1826 non
824 1788 996 1826 absolvit.
1020 1788 1120 1839 Qis
1142 1787 1395 1838 QConfidio
1414 1787 1673 1824 constantior?
1695 1786 1782 1838 quis

391 1857 644 1910 judiciOrum,
676 1865 789 1906 atque
809 1856 888 1906 ejus
910 1854 1121 1906 dignitatis,
1152 1867 1236 1906 quae
1257 1854 1297 1891 in
1323 1853 1480 1906 judiciis
1509 1853 1676 1906 publicis
1697 1866 1782 1890 ver-

398 1924 465 1961 sari
487 1922 611 1966 debet,
643 1921 828 1973 peritior?
861 1921 946 1972 quis
967 1921 1121 1965 virtute,
1143 1919 1314 1963 consilio,
1337 1919 1573 1963 auctoritate,
1604 1918 1782 1971 praestan-

399 1989 501 2026 ti0r?
534 2001 580 2025 ne
601 1988 631 2024 is
653 1987 809 2038 quidem
830 1986 1002 2024 absolvit.
1035 1982 1218 2038 Longum
1248 1985 1300 2022 est
1320 1985 1366 2022 de
1387 1985 1623 2037 fingulorum
1646 1985 1786 2022 virtute

400 2056 452 2093 ita
473 2055 620 2091 dicere:
654 2067 751 2105 quae,
774 2053 863 2104 quia
883 2053 1036 2104 cognita
1057 2052 1141 2090 sunt
1161 2053 1207 2089 ab
1227 2052 1424 2095 omnibus,
1448 2052 1650 2089 verborum
1671 2063 1783 2087 orna-

401 2130 530 2159 menta
551 2133 627 2157 non
648 2128 836 2170 quaerunt.
862 2119 997 2170 Qalis
1017 2119 1073 2155 vir
1090 2119 1151 2156 M.
1168 2118 1369 2169 Juventius
1384 2117 1487 2155 Pedo
1503 2115 1578 2154 fuit
1599 2129 1645 2153 ex
1662 2125 1786 2153 vetere

400 2186 466 2224 illa
480 2186 659 2238 judicum
681 2184 906 2236 disciplina?
929 2184 1051 2236 qualis
1069 2185 1116 2221 L.
1137 2184 1294 2222 Caulius
1312 2183 1500 2235 Mergus?
1538 2183 1601 2220 M.
1619 2181 1784 2219 Basilus?

402 2255 449 2292 C.
470 2251 694 2290 Caudinus?
729 2251 797 2302 qui
818 2263 950 2288 omnes
972 2250 1010 2287 in
1032 2250 1190 2301 judiciis
1210 2250 1390 2302 publicis,
1420 2251 1501 2301 jam
1524 2258 1608 2286 tum
1630 2248 1787 2285 florente

402 2318 609 2371 republica,
633 2316 854 2354 floruerunt.
888 2317 948 2354 Ex
969 2316 1103 2353 eodem
1125 2329 1286 2353 numero
1307 2317 1352 2353 L.
1372 2315 1530 2359 Caffius,
1553 2316 1627 2352 Cn.
1644 2313 1784 2357 Heius,

402 2385 482 2436 pari
504 2393 541 2421 et
572 2383 800 2435 integritate,
833 2391 871 2420 et
902 2382 1126 2435 prudentia;
1159 2395 1325 2434 quorum
1357 2382 1501 2419 nullius
1522 2379 1704 2419 sententia
1734 2379 1787 2416 e'st

404 2449 642 2502 Oppianicus
659 2448 867 2488 absolutus.
890 2449 1021 2500 Atque
1035 2461 1082 2486 ex
1095 2448 1278 2486 omnibus
1294 2456 1384 2486 natu
1398 2447 1600 2490 minimus,
1614 2444 1784 2496 ingenio,
