2212 2835
370 199 449 239 128
883 187 1284 227 ORATIO

371 300 526 338 tandem
562 296 635 334 hoc
673 294 796 346 capite
830 290 953 330 honos
988 289 1122 328 haberi
1156 287 1325 332 homini,
1371 300 1417 325 an
1454 286 1597 324 invidia
1632 288 1763 339 quaeri,

371 367 520 404 videtur
536 365 548 401 ?
1063 411 1065 413 Ι

427 431 584 470 XXIII.
618 427 803 467 Remittit
834 423 910 463 hoc
944 423 1066 462 Rullo
1098 425 1173 461 Cn.
1207 421 1442 474 Pompeius:
1480 419 1669 458 beneficio
1699 418 1767 456 isto

372 500 482 551 legis,
508 496 744 549 benignitate
766 491 1024 535 decemvirali,
1048 489 1146 528 nihil
1168 490 1303 527 utitur.
1336 488 1456 532 Nam,
1479 487 1505 525 fi
1525 486 1577 524 est
1598 498 1767 538 aequum,

373 566 514 619 praedas
531 578 572 602 ac
589 562 790 601 manubias
805 560 884 598 suas
898 559 1160 611 imperatores,
1176 570 1254 594 non
1271 556 1309 593 in
1324 563 1578 593 monumenta
1592 555 1769 592 Deorum

374 631 672 674 immortalium,
705 641 829 680 neque
857 627 896 664 in
924 625 1029 664 urbis
1058 632 1294 666 ornamenta,
1327 621 1515 665 conferre,
1547 620 1609 658 sed
1636 621 1682 659 ad
1702 621 1768 657 de-

375 699 578 741 cemviros,
611 706 795 747 tanquam
827 692 873 730 ad
909 691 1102 736 dominos,
1139 698 1355 743 reportare3
1393 687 1493 726 nihil
1525 687 1593 725 fibi
1626 686 1772 740 appetit

376 766 566 819 praecipue
589 763 812 815 Pompeius,
836 758 955 797 nihil:
978 758 1063 796 vult
1080 757 1115 795 se
1131 757 1171 794 in
1188 756 1406 800 communi,
1427 765 1542 807 atque
1558 755 1598 792 in
1619 754 1769 796 eodem,

377 846 454 884 quo
475 831 614 874 caeteri‚
641 829 727 881 jure
747 826 893 865 versari.
927 825 993 863 Sin
1020 824 1073 862 est
1093 824 1289 875 iniquum,
1322 823 1511 874 Qirites,
1543 821 1569 859 fi
1590 831 1715 873 turpe,
1747 818 1772 856 sl

377 897 677 939 intolerandum,
726 894 798 932 hos
842 892 1080 930 decemviros
1119 890 1320 942 portitores
1364 887 1549 926 omnibus
1593 887 1775 924 omnium

379 965 553 1019 pecuniis
574 962 770 1005 constitui,
802 959 870 1011 qui
890 972 968 997 non
990 957 1108 995 modo
1124 968 1244 1008 regeS,
1275 965 1391 1006 atque
1410 962 1627 992 exterarum
1648 952 1773 990 natio-

380 1045 477 1070 num
509 1028 702 1071 homines,
734 1025 796 1064 sed
823 1024 939 1062 etiam
969 1023 1218 1075 imperatores
1248 1020 1407 1064 nostrOS,
1438 1019 1636 1058 excutiant
1653 1037 1665 1063 ς
1698 1031 1775 1055 non

381 1096 481 1136 mihi
512 1095 690 1134 videntur
715 1090 872 1130 honoris
900 1090 1009 1128 causa
1032 1089 1207 1140 excipere
1228 1084 1476 1139 Pompeium,
1508 1085 1569 1123 sed
1589 1080 1774 1129 metuere,

383 1178 429 1202 ne
463 1163 529 1201 ille
563 1160 724 1199 eandem
758 1156 1054 1200 contumeliam,
1090 1168 1208 1206 quarn
1244 1153 1382 1197 caeteri‚
1414 1149 1511 1190 ferre
1542 1166 1620 1190 non
1650 1151 1775 1204 poffit.

384 1229 595 1282 Pompeius
616 1235 744 1264 autem
765 1223 839 1262 hoc
860 1223 991 1261 animo
1013 1221 1070 1266 s1t,
1096 1230 1152 1266 ut,
1185 1219 1378 1272 quidquid
1399 1218 1506 1257 vobis
1527 1217 1686 1271 placeat,
1708 1217 1779 1255 fibi

385 1295 586 1334 ferendum
606 1300 717 1345 putet
733 1309 744 1335 ς
777 1289 881 1341 quod
902 1301 967 1326 vos
995 1286 1091 1325 ferre
1117 1300 1196 1324 non
1219 1285 1407 1338 poteritis,
1438 1284 1478 1322 id
1497 1282 1670 1337 profecto
1690 1295 1777 1335 per-

386 1362 503 1406 ficiat,
536 1373 582 1398 ne
603 1358 749 1396 diutius
770 1357 882 1394 inviti
903 1354 999 1393 ferre
1018 1354 1227 1407 cogamini.
1779 1393 1786 1395 ‚

443 1429 709 1466 Veruntamen
728 1433 848 1468 cavet,
871 1432 926 1467 ut,
956 1422 998 1460 Si
1014 1436 1085 1475 qua
1099 1420 1251 1474 pecunia
1264 1419 1339 1473 post
1358 1434 1418 1458 nos
1438 1419 1600 1471 Corgficles
1617 1413 1662 1456 ex
1679 1417 1781 1455 novis

388 1493 621 1548 vcfflzgalibus
636 1491 848 1544 recipiatur,
869 1504 909 1528 ea
927 1488 1120 1527 decemviri
1137 1495 1315 1525 utantur:
1337 1499 1434 1524 nova
1453 1498 1566 1538 porro
1585 1482 1783 1536 vectigalia

388 1562 492 1600 videt
511 1573 552 1598 ea
571 1558 666 1603 fore,
697 1570 782 1609 quae
804 1554 1013 1608 Pompeius
1034 1553 1263 1606 adjunxerit.
1296 1553 1366 1597 Ita,
1392 1551 1549 1590 remiffis
1571 1549 1781 1592 manubiis,

388 1627 640 1680 vec‘tigalibus
667 1626 747 1677 ejus
774 1623 915 1661 virtute
942 1621 1058 1674 partis
1086 1620 1121 1658 se
1148 1618 1226 1658 frui
1254 1627 1362 1672 putat
1387 1626 1575 1671 oportere.
1608 1617 1719 1655 Parta
1739 1615 1784 1653 fit

391 1694 566 1747 pecunia,
599 1691 787 1742 Qirites,
819 1687 1045 1726 decemviris
1067 1694 1182 1730 tanta,
1214 1693 1357 1737 quanta
1382 1684 1426 1722 fit
1452 1685 1492 1722 in
1519 1683 1651 1726 terris;
1683 1679 1785 1719 nihil

391 1757 702 1813 praetermiffum:
736 1755 797 1793 sed
817 1766 951 1791 omnes
973 1752 1100 1796 urbes,
1130 1751 1225 1803 agri,
1258 1762 1372 1801 regna
1391 1749 1570 1800 denique,
1593 1747 1784 1800 postremo

393 1827 509 1864 etiam
532 1823 734 1875 *vectigalia
758 1821 888 1864 vestra,
921 1818 1133 1856 venierint:
1166 1814 1384 1854 accesserint
1412 1815 1451 1852 in
1473 1813 1678 1851 cumulum
1699 1825 1784 1850 ma-

395 1891 522 1930 nubiae
543 1889 750 1927 vestrorum
771 1887 1073 1938 imperatorum:
1106 1891 1271 1936 quantae,
1301 1890 1340 1919 et
1360 1894 1477 1933 quam
1498 1880 1702 1922 immanes,
1724 1878 1786 1916 di-

397 1958 498 1996 vitiae
519 1954 745 1994 decemviris
767 1953 805 1990 in
829 1952 942 1990 tantis
968 1950 1224 1993 auctionibus,
1256 1947 1500 1999 totjudiciis,
1533 1955 1611 1984 tam
1637 1944 1789 1983 infinita

397 2023 578 2077 potestate
599 2033 725 2059 rerum
747 2018 942 2061 omnium,
974 2025 1203 2069 quaerantur,
1235 2013 1385 2051 videtis.

452 2088 605 2128 XXIV.
639 2084 870 2138 Cognoscite
903 2096 1006 2121 nunc
1037 2081 1130 2120 alios
1158 2079 1365 2118 immensos
1393 2088 1507 2132 atque
1530 2077 1789 2116 intolerabiles

398 2156 575 2211 quaestu8‚
614 2162 657 2191 ut
691 2151 930 2204 intelligatis,
974 2149 1019 2187 ad
1053 2157 1246 2186 certorum
1281 2145 1490 2184 hominum
1524 2146 1790 2198 importunam

398 2222 594 2261 avaritiam
614 2218 688 2257 hoc
710 2217 891 2271 populare
912 2215 1006 2268 legis
1028 2214 1194 2267 Agrariae
1215 2225 1356 2251 nomen
1378 2211 1447 2250 effe
1464 2211 1678 2264 quaefitum.
1702 2210 1790 2248 Hac

400 2287 562 2342 pecunia
576 2286 689 2338 jubet
709 2296 816 2336 agros
837 2283 928 2327 emi,
952 2294 1030 2334 quo
1051 2279 1310 2318 deducamini.
1344 2278 1436 2316 Non
1459 2277 1638 2314 consuevi
1658 2274 1790 2313 homi-

402 2369 468 2394 nes
489 2353 678 2407 appellare
696 2350 874 2403 asperius,
897 2348 1085 2400 Qirite8‚
1108 2347 1175 2384 nisi
1192 2345 1391 2384 laceffitus.
1414 2344 1545 2382 Velim
1561 2343 1640 2381 fieri
1658 2339 1790 2393 posset,

403 2431 447 2459 ut
477 2435 497 2458 a
528 2433 591 2458 me
623 2419 699 2456 sine
729 2415 968 2455 contumelia
999 2413 1290 2452 nominarentur
1324 2412 1364 2456 ii,
1397 2410 1466 2462 qui
1497 2410 1531 2448 se
1557 2407 1792 2446 decemviros

403 2487 549 2539 sperant
566 2485 736 2523 futuros:
753 2484 837 2536 jam
854 2481 1043 2527 videretis,
1067 2480 1208 2533 quibus
1226 2478 1452 2517 hominibus
1470 2475 1650 2515 omnium
1666 2485 1792 2518 rerum
