2212 2835
475 235 553 272 412
972 218 1373 257 ORATIO

474 320 800 374 frequentissimus
821 327 928 357 antea
942 320 1131 372 judicavit
1150 338 1161 364 ;
1194 329 1272 364 aut,
1294 319 1334 358 id
1356 318 1460 372 quod
1480 326 1580 357 certe
1602 318 1680 364 fiet,
1702 319 1748 357 ad
1768 333 1868 372 pon-

474 388 596 427 tifices
624 387 828 439 reficietur,
859 400 1027 438 quorum
1053 386 1283 431 auctoritati,
1314 385 1418 431 fidei,
1450 385 1676 439 prudenfiae,
1707 386 1869 437 majores

474 454 592 492 nostri
624 453 752 498 sacra,
787 452 1063 504 religionesque
1093 460 1130 490 et
1164 452 1326 504 privatas
1361 460 1399 489 et
1434 451 1634 504 publicas,
1666 464 1871 489 commen-

474 520 626 558 darunt.
659 518 767 569 Qid
797 531 888 570 ergo
914 516 956 555 hi
983 517 1134 570 poffunt
1160 517 1264 555 aliud
1287 517 1474 569 judicare,
1506 531 1549 555 ac
1569 516 1871 569 judicaverunt?

475 585 617 624 Multae
635 585 722 623 sunt
742 584 881 622 domus
903 583 943 621 in
964 582 1036 621 hac
1059 584 1150 621 urbe
1168 613 1179 628 ,
1212 585 1340 621 Patres
1365 583 1572 635 conscripti
1591 612 1601 628 ‚
1633 591 1748 635 atque
1768 581 1877 620 haud-

476 651 566 696 scio,
597 665 643 689 an
679 663 774 702 pene
808 651 968 693 cunoae,
1001 650 1088 701 jure
1121 650 1302 701 optimo;
1335 648 1397 686 sed
1432 657 1561 686 tamen
1589 648 1676 700 jure
1709 649 1871 700 privato,

469 718 556 769 jure
576 715 818 759 hereditario,
844 715 929 766 jure
950 715 1199 758 auctoritatis,
1215 716 1303 765 jure
1323 714 1507 767 mancipi,
1523 715 1611 766 jure
1631 714 1734 752 nexi.
1757 714 1874 766 Nego

475 783 547 822 effe
574 783 694 820 ullam
715 782 879 819 domum
900 780 1013 819 aliam
1033 793 1140 832 aeque
1158 780 1429 832 privatojure‚
1461 789 1576 832 atque
1595 781 1745 832 optima
1764 780 1847 833 lege
1860 808 1872 825 ,

476 850 637 904 publico
658 862 746 887 vero
764 848 876 886 omni
896 847 1103 900 praecipuo,
1135 854 1173 884 et
1192 845 1381 891 humano,
1402 854 1440 883 et
1459 845 1605 891 divino,
1632 846 1719 897 jure
1738 846 1872 884 muni-

476 926 569 955 tam.
607 917 705 967 Qae
742 914 915 967 primum
950 912 1159 951 aedificatur
1192 926 1240 951 ex
1269 912 1491 950 auctoritate
1520 910 1682 956 senatus,
1713 911 1878 964 pecunia

476 984 660 1036 publica;
693 981 831 1019 deinde
851 989 983 1019 contra
1003 980 1083 1018 vim
1105 978 1288 1017 nefariam
1310 978 1426 1031 hujus
1450 978 1668 1031 gladiatoris
1690 987 1747 1016 tot
1767 978 1878 1016 sena-—

477 1048 749 1088 tus-consultis
771 1047 922 1085 munita
942 1056 1056 1098 atque
1076 1046 1179 1099 septa
1199 1046 1265 1084 est.

504 1117 621 1155 VIII.
654 1115 832 1154 Primum
854 1114 1056 1167 negotium
1077 1113 1211 1151 iisdem
1233 1112 1515 1165 magistratibus
1542 1113 1595 1151 est
1614 1113 1749 1151 datum
1776 1125 1880 1151 anno

477 1182 686 1235 superiore,
719 1190 761 1218 ut
780 1188 976 1224 curarent,
1008 1187 1051 1216 ut
1072 1179 1148 1217 fine
1168 1179 1205 1217 vi
1226 1178 1326 1216 mihi
1347 1178 1531 1217 aedificare
1551 1179 1701 1224 liceret,
1733 1179 1876 1231 quibus

478 1249 518 1286 in
553 1248 735 1286 maximis
770 1246 951 1298 periculis
987 1239 1158 1283 universa
1197 1245 1411 1297 respublica
1450 1246 1713 1284 commendari
1752 1245 1872 1283 solet:

478 1314 629 1358 deinde,
661 1327 751 1350 cum
774 1312 839 1349 ille
860 1312 968 1355 saxis,
999 1320 1037 1348 et
1058 1311 1230 1363 ignibus,
1261 1320 1299 1348 et
1320 1310 1434 1355 ferro,
1467 1312 1678 1349 vastitatem
1700 1311 1797 1348 meis
1818 1310 1875 1347 se-

478 1381 591 1418 dibus
625 1378 837 1422 intuliffet3
870 1377 1038 1414 decrevit
1069 1377 1216 1431 senatus
1235 1406 1245 1421 ,
1277 1389 1339 1414 eos
1358 1406 1368 1421 ,
1400 1377 1467 1429 qui
1495 1377 1533 1414 id
1559 1376 1759 1422 fecissent,
1791 1376 1877 1428 lege

478 1447 524 1485 de
544 1447 582 1484 vi
600 1475 610 1490 ‚
642 1459 727 1498 quae
747 1444 799 1481 est
819 1444 860 1481 in
880 1456 943 1480 eos
962 1471 973 1487 ,
1005 1443 1072 1494 qui
1102 1443 1315 1480 universam
1344 1443 1628 1495 rempublicam
1655 1442 1876 1496 oppugnas-

478 1513 572 1557 sent,
605 1511 739 1550 teneri.
772 1509 895 1547 Vobis
916 1522 1006 1546 vero
1026 1507 1293 1553 referentibus,
1327 1509 1363 1545 O
1388 1509 1470 1561 post
1490 1508 1699 1547 hominum
1721 1522 1875 1547 memo-

478 1581 573 1619 riam
608 1577 804 1616 fortiffimi
836 1585 950 1628 atque
984 1575 1126 1628 optimi
1158 1574 1360 1620 consules,
1392 1575 1561 1614 decrevit
1591 1576 1695 1614 idem
1726 1576 1876 1614 senatus

478 1644 825 1698 frequentissimus,
857 1642 927 1694 qui
953 1655 1082 1679 meam
1102 1641 1267 1679 domum
1287 1640 1475 1686 violaffet,
1507 1650 1640 1679 contra
1659 1642 1876 1694 rempubli-

477 1726 563 1751 cam
597 1710 669 1749 effe
701 1709 906 1748 facturum.
947 1708 1077 1760 Nego,
1109 1707 1191 1744 ullo
1225 1707 1272 1744 de
1307 1721 1420 1759 opere
1449 1708 1622 1759 publico,
1655 1708 1702 1745 de
1731 1721 1875 1745 monu-

477 1787 610 1817 mento
628 1807 638 1822 ,
670 1778 716 1814 de
748 1775 896 1827 templo
914 1803 924 1818 ,
957 1783 1014 1812 tot
1041 1773 1186 1811 senatus
1213 1782 1340 1810 extare
1367 1773 1566 1818 consulta,
1597 1782 1693 1824 quot
1719 1773 1766 1810 de
1792 1786 1876 1810 mea

478 1836 620 1889 dom-0⁴,
652 1856 770 1895 quam
802 1841 949 1878 senatus
982 1853 1097 1877 unam
1131 1838 1213 1891 post
1244 1837 1343 1876 hanc
1377 1839 1514 1876 urbem
1546 1838 1793 1877 constitutam
1827 1852 1875 1877 ex

478 1910 607 1949 aerario
627 1906 887 1946 aedificandam
903 1934 914 1950 ,
945 1919 964 1943 a
985 1904 1234 1958 pontificibus
1256 1904 1491 1942 liberandam
1510 1933 1520 1949 ‚
1552 1918 1571 1942 a
1592 1904 1874 1957 magistratibus

478 1974 770 2018 defendendam,
802 1971 1036 2024 ajudicibus
1061 1970 1312 2023 puniendam,
1344 1979 1507 2023 putaret.
1541 1971 1585 2009 P.
1608 1970 1775 2015 Valerio,
1807 1984 1876 2023 pro

478 2041 660 2081 maximis
682 2041 722 2077 in
744 2038 1024 2091 rempublicam
1047 2036 1257 2081 beneficiis,
1275 2037 1359 2074 data
1375 2036 1513 2075 domus
1530 2037 1582 2075 est
1602 2038 1641 2074 in
1662 2037 1753 2074 villa
1771 2038 1874 2089 pub-

477 2109 578 2153 lica3
611 2117 647 2145 at
668 2105 769 2144 mihi
788 2105 829 2143 in
851 2104 997 2142 Palatio
1018 2103 1187 2141 restituta
1205 2118 1213 2141 t
1246 2103 1304 2140 illi
1325 2103 1433 2142 locus
1451 2121 1461 2147 ;
1494 2112 1531 2141 at
1552 2101 1652 2141 mihi
1672 2102 1786 2141 etiam
1808 2117 1877 2156 pa·-
1935 2128 1938 2130 -

478 2176 588 2213 rietes
609 2183 721 2226 atque
742 2173 912 2210 testum:
937 2171 1009 2214 illi,
1032 2184 1149 2222 quam
1172 2169 1249 2223 ipse
1270 2170 1418 2222 privato
1432 2170 1518 2221 jure
1540 2178 1735 2214 tueretur;
1759 2169 1873 2215 mihi,

477 2255 595 2293 quam
616 2239 772 2293 publice
794 2237 1033 2290 magistratus
1055 2249 1191 2274 omnes
1212 2235 1472 2274 defenderent.
1505 2236 1602 2287 Qae
1623 2236 1783 2288 quidem
1803 2249 1875 2288 ego

477 2308 501 2345 si
524 2315 588 2343 aut
609 2318 674 2358 per
696 2318 771 2349 me,
803 2312 868 2341 aut
888 2303 934 2340 ab
955 2302 1054 2346 aliis,
1085 2300 1282 2346 haberem,
1309 2315 1385 2339 non
1407 2302 1652 2354 praedicarem
1672 2301 1772 2354 apud
1793 2314 1873 2345 VOS,

477 2386 524 2410 ne
546 2372 662 2409 nimis
683 2370 836 2423 gloriari
857 2369 1001 2407 viderer
1019 2383 1027 2406 ε
1061 2367 1136 2412 sed,
1168 2381 1259 2405 cum
1282 2368 1352 2405 sint
1374 2366 1473 2405 mihi
1493 2368 1579 2405 data
1598 2381 1617 2406 a
1637 2368 1760 2412 vobis,
1781 2381 1874 2405 cum

477 2452 520 2476 ea
550 2446 787 2475 attententur
818 2437 899 2488 ejus'
930 2436 1076 2488 lingua,
1109 2435 1218 2486 cujus
1248 2444 1357 2471 antea
1385 2447 1502 2472 manu
1533 2434 1656 2472 eversa
1681 2446 1745 2472 vos
1773 2431 1873 2470 mihi

476 2514 513 2543 et
547 2504 675 2542 liberis
708 2505 804 2542 meis
836 2503 1016 2542 manibus
1048 2502 1176 2541 vestris
1209 2500 1450 2547 reddidistis,-
1484 2514 1560 2540 non
1588 2514 1660 2552 ego
1687 2499 1733 2537 de
1761 2499 1870 2543 meis,
