2212 2835
765 182 903 220 PRO
963 182 1011 220 L.
1073 180 1383 219 FLACCO.
1711 191 1786 229 249

395 281 515 320 homo
547 283 590 321 P.
615 280 858 334 Septimius?
896 294 1014 333 quam
1048 281 1164 318 iratus
1200 280 1246 318 de
1276 279 1439 332 judicio,
1475 287 1512 316 et
1547 277 1593 316 de
1624 276 1785 316 villico?

396 358 525 386 tamen
558 347 778 392 haefitabat5
820 356 948 385 tamen
983 347 1063 398 ejus
1096 346 1301 384 iracundiae
1335 346 1470 398 religio
1504 356 1788 396 nonnunquam

395 415 644 468 repugnabat.
677 413 865 452 Inimicus
897 413 961 451 M.
993 413 1150 457 Caelius,
1181 412 1301 464 quod,
1332 425 1424 449 cum
1449 412 1489 448 in
1523 425 1561 449 re
1593 408 1789 449 manifesta

395 479 556 532 putaffet
588 478 693 516 nefas
728 477 814 522 effe,
854 477 1107 529 publicanum
1139 477 1313 528 judicare
1351 484 1484 513 contra
1518 475 1788 528 publicanum,

394 545 564 582 sublatus
586 553 663 581 erat
685 557 704 581 e
725 555 887 581 numero
907 551 1220 594 recuperatorum
1239 556 1248 579 :
1283 550 1411 579 tamen
1439 541 1563 579 tenuit
1583 541 1633 585 se,
1664 553 1791 592 neque

393 610 523 648 attulit
544 611 583 648 in
598 610 795 662 judicium
816 608 1030 661 quidquam
1051 608 1097 646 ad
1117 608 1350 652 laedendum,
1381 607 1450 646 nifi
1470 607 1723 646 voluntatem.

450 676 501 714 V.
534 677 593 715 Hi
609 676 634 714 fi
653 676 780 714 Graeci
796 674 964 720 fuiffent,
982 688 1024 712 ac
1045 674 1114 713 nisi
1134 674 1251 713 nostri
1271 687 1398 712 mores
1418 686 1461 712 ac
1482 672 1684 726 disciplina
1705 671 1788 725 plus

395 743 578 787 valerent,
611 756 730 795 quam
751 741 860 780 dolor
885 755 928 780 ac
956 741 1126 780 fimultas
1144 759 1154 786 ς
1187 754 1322 779 omnes
1343 739 1379 778 se
1399 739 1592 793 spoliatos,
1623 747 1793 783 vexatos,

395 807 561 847 fortunis
583 808 742 854 eversos,
774 807 844 846 effe
869 807 1059 846 dixiffent.
1094 807 1253 845 Graecus
1275 805 1391 851 testis,
1422 819 1514 844 cum
1534 819 1577 843 ea
1597 805 1792 844 voluntate

395 875 585 928 proceffit‚
619 884 661 913 ut
681 875 791 912 laedat
806 892 818 919 ς
851 887 927 911 non
943 873 1210 926 jurisjurandi,
1241 872 1305 911 sed
1324 872 1502 917 laedendi,
1532 871 1646 910 verba
1665 871 1793 909 medi-

398 950 512 979 tatur.
546 941 678 985 Vinci,
711 939 847 984 refelli,
879 939 1048 993 coargui,
1081 948 1190 992 putat
1210 938 1283 977 effe
1304 938 1593 992 turpiflimum:
1625 937 1671 976 ad
1692 937 1731 976 id
1759 937 1794 975 se

397 1017 530 1061 parat;
562 1006 662 1046 nihil
683 1007 786 1045 aliud
806 1015 924 1045 curat.
960 1007 1096 1060 Itaque
1117 1019 1194 1044 non
1215 1006 1388 1059 optimus
1409 1005 1586 1058 quisque,
1616 1018 1687 1043 nec
1706 1017 1793 1057 gra-

397 1073 585 1119 viffimus,
617 1073 680 1112 sed
701 1072 1068 1126 impudentiffimus,
1098 1071 1473 1125 loquaciffimusque,
1495 1071 1691 1125 deligitur.
1714 1070 1796 1109 Vos

397 1150 529 1179 autem
555 1141 595 1179 in
623 1141 778 1193 privatis
806 1139 1061 1177 minimarum
1094 1152 1223 1176 rerum
1244 1138 1403 1191 judiciis
1432 1137 1565 1177 testem
1591 1138 1796 1190 diligenter

396 1206 642 1259 expenditis:
675 1206 792 1244 etiam
825 1205 854 1243 fi
887 1204 1056 1244 formam
1092 1203 1279 1249 hominis,
1317 1204 1342 1242 si
1378 1217 1535 1249 nomen,
1571 1204 1597 1243 fi
1631 1204 1794 1248 tribum,

398 1273 530 1318 nostis,
562 1285 688 1311 mores
717 1282 845 1311 tamen
873 1271 1129 1325 exquirendos
1161 1272 1318 1324 putatis.
1352 1271 1435 1321 Qi
1461 1279 1547 1309 turn
1575 1269 1671 1308 dicit
1691 1269 1796 1308 testi-

399 1340 580 1379 monium
610 1353 658 1378 ex
684 1338 819 1378 nostris
846 1337 1089 1384 hominibus,
1121 1346 1165 1376 ut
1192 1336 1227 1376 se
1252 1337 1330 1391 ipse
1357 1336 1563 1375 sustentat!
1597 1345 1641 1375 ut
1667 1336 1799 1375 omnia

399 1407 514 1446 verba
534 1406 778 1446 moderatur!
813 1415 856 1444 ut
876 1406 1004 1451 timet,
1036 1419 1084 1444 ne
1104 1405 1200 1458 quid
1220 1404 1374 1458 cupide,
1406 1417 1454 1443 ne
1481 1403 1576 1457 quid
1602 1402 1798 1448 iracunde,

400 1487 449 1513 ne
480 1475 575 1527 quid
608 1474 710 1527 plus,
749 1472 939 1516 minusve,
975 1485 1093 1524 quam
1125 1472 1171 1510 fit
1205 1471 1361 1516 necesse,
1398 1470 1524 1510 dicat!
1564 1471 1679 1511 Num
1712 1470 1800 1510 illos

400 1540 503 1578 idern
524 1540 667 1592 putatis
686 1541 698 1577 ?
731 1539 873 1591 quibus
895 1537 1169 1590 jusjurandum
1184 1538 1297 1590 jocus
1319 1536 1400 1582 est3
1433 1537 1713 1582 testimonium,
1735 1536 1799 1575 lu-

401 1606 497 1650 dus;
529 1605 761 1643 existimatio
781 1604 911 1649 vestra,
943 1603 1134 1648 tenebrae3
1168 1603 1262 1648 laus,
1294 1615 1455 1647 merces,
1476 1603 1609 1656 gratia,
1630 1603 1800 1657 gratula-

403 1673 472 1717 tio,
505 1671 622 1725 pofita
642 1671 694 1709 est
714 1671 842 1709 omnis
870 1671 911 1709 in
938 1670 1159 1724 impudenti
1185 1670 1401 1708 mendacio.
1435 1670 1509 1708 Sed
1535 1683 1612 1709 non
1633 1668 1801 1708 dilatabo

402 1738 618 1776 orationem
652 1750 806 1775 meam:
849 1737 991 1774 etenim
1026 1735 1145 1790 posset
1179 1735 1250 1774 esse
1282 1735 1448 1780 infinita,
1489 1735 1515 1774 fi
1549 1734 1650 1774 mihi
1684 1735 1803 1774 libeat

404 1804 522 1844 totius
557 1804 682 1857 gentis
719 1803 759 1841 in
792 1802 1019 1841 testimoniis
1051 1803 1223 1841 dicendis
1254 1803 1444 1856 explicare
1476 1802 1696 1841 vanitatem.
1730 1800 1802 1840 Sed

404 1872 562 1926 propius
583 1870 789 1909 accedam:
821 1870 868 1909 de
893 1869 953 1909 his
976 1869 1105 1909 vestris
1128 1869 1284 1908 testibus
1306 1870 1447 1908 dicam.

459 1938 746 1977 vehementem
766 1938 1022 1977 accusatorem
1044 1937 1145 1977 naeti
1164 1937 1311 1983 sumuS,
1333 1937 1504 1989 Judice8‚
1536 1946 1574 1977 et
1594 1936 1802 1976 inimicum

404 2005 446 2043 in
476 2004 585 2042 omni
616 2017 752 2058 genere
777 2003 955 2043 odiosum
982 2018 1024 2043 ac
1051 2002 1286 2043 molestum:
1319 2016 1439 2057 quem
1466 2002 1574 2057 spero
1599 2001 1661 2042 his
1689 2002 1802 2042 rebus

406 2070 487 2110 fore
507 2084 650 2124 magno
671 2070 755 2109 usui
776 2080 814 2109 et
834 2070 969 2109 amicis
990 2079 1029 2109 et
1051 2069 1287 2124 reipublicae.
1321 2069 1392 2109 Sed
1412 2078 1513 2108 certe
1539 2069 1802 2108 inflammatus

407 2138 626 2176 incredibili
641 2138 853 2191 cupiditate
868 2136 967 2176 hanc
984 2137 1135 2176 causam
1152 2136 1511 2190 accusationemque
1528 2136 1700 2189 suscepit.
1720 2136 1803 2187 Qi

407 2203 614 2242 comitatus
635 2203 675 2241 in
696 2203 956 2256 inquirendo?
988 2203 1220 2242 comitatum
1241 2202 1357 2241 dico?
1380 2202 1506 2240 immo
1527 2214 1615 2239 vero
1635 2209 1800 2253 quantus

407 2269 625 2308 exercitus?
657 2283 741 2321 quae
762 2270 933 2322 justum,
965 2269 1034 2322 qui
1060 2268 1260 2322 sumptus,
1291 2277 1433 2322 quanta
1463 2267 1642 2321 largitio?
1675 2267 1799 2317 Qae,

409 2349 631 2389 quanquam
653 2335 762 2373 utilia
782 2335 867 2374 sunt
888 2335 1017 2381 causae‚
1041 2335 1178 2374 timide
1200 2344 1328 2374 tamen
1346 2335 1451 2379 dico;
1470 2333 1575 2386 quod
1592 2345 1734 2378 vereor,
1752 2345 1801 2371 ne

410 2402 553 2441 Laelius
573 2415 620 2440 ex
642 2400 701 2439 his
722 2401 848 2446 rebus,
864 2415 957 2454 quas
978 2402 1047 2440 fibi
1068 2402 1230 2455 suscepit
1246 2401 1375 2454 gloriae
1391 2399 1511 2444 causa,
1529 2407 1638 2452 putet
1654 2398 1800 2452 aliquid

408 2470 578 2508 oratione
599 2481 684 2506 rnea
704 2467 886 2507 sermonis
906 2468 947 2506 in
967 2467 1054 2514 sese,
1084 2477 1149 2507 aut
1169 2467 1335 2511 invidiae‚
1367 2465 1438 2504 effe
1459 2464 1674 2517 quaesitum.

492 2537 623 2575 ToM.
648 2534 698 2573 V.
1439 2531 1456 2570 1
1486 2532 1499 2569 i
