2212 2835
484 230 559 282 238
988 224 1388 264 ORATIO

479 333 660 363 remotus.
703 322 849 362 Omnia
892 320 973 360 haec
1011 320 1099 360 sunt
1137 320 1266 359 officia
1306 318 1607 365 necess‘ariorum,
1656 320 1862 360 commoda

479 390 716 434 tenuiorum,
747 388 881 427 munia
899 387 1204 426 candidatorum.

535 457 589 493 At
620 455 725 494 enim
753 455 831 507 agit
856 467 1013 492 mecum
1043 453 1184 491 austere
1214 462 1252 490 et
1282 452 1407 490 Stoice
1436 452 1560 491 Cato:
1593 461 1705 504 negat
1730 464 1864 490 verum

480 521 564 565 effe,
596 521 699 559 allici
732 520 1037 559 benevolentiam
1067 519 1156 558 cibo
1172 537 1184 564 ;
1222 527 1335 571 negat
1359 518 1555 570 judicium
1585 516 1795 556 hominum
1826 516 1866 554 in

482 587 762 640 magistratibus
783 586 1007 626 mandandis
1027 586 1226 638 corrumpi
1246 585 1507 638 voluptatibus
1527 593 1713 637 oportere.
1746 584 1864 636 Ergo,

481 654 526 691 ad
546 667 696 692 coenam
719 654 913 706 petitionis
934 652 1041 691 causa
1060 652 1085 690 fi
1106 652 1191 704 quis
1213 660 1335 696 vocat,
1367 652 1659 690 condemnetur.
1691 650 1865 702 Qippe,

481 719 623 770 inquit,
656 729 696 756 tu
717 719 817 756 mihi
837 719 1034 756 summum
1055 718 1279 770 imperium,
1310 717 1502 755 summam
1522 717 1801 760 auctoritatem,
1824 724 1866 753 tu

480 783 736 836 gubernacula
767 783 1001 836 reipublicae‚
1037 791 1140 834 petas
1172 781 1345 820 fovendis
1375 781 1585 822 hominum
1616 782 1796 826 senfibus,
1830 789 1868 818 et

481 850 708 888 deliniendis
736 849 889 894 animis,
920 858 958 887 et
983 847 1209 886 adhibendis
1234 847 1529 899 voluptatibus?
1560 856 1693 885 utrum
1719 847 1868 885 lenoci-

483 916 608 960 nium,
639 916 781 968 inquit‚
812 929 832 953 a
860 927 973 968 grege
1003 914 1174 953 delicatae
1201 914 1431 966 juventutis,
1467 926 1513 951 an
1546 913 1649 951 orbis
1684 921 1869 951 terrarum

483 982 692 1035 imperium
727 996 748 1020 a
781 982 927 1034 populo
960 981 1154 1025 Romano,
1184 980 1368 1033 petebas?
1400 979 1613 1018 Horribilis
1643 979 1778 1024 oratio,
1809 978 1872 1018 sed

483 1061 567 1086 eam
589 1047 689 1092 usus,
720 1048 810 1093 vita,
842 1060 981 1092 moreS,
1012 1047 1145 1085 civitas
1166 1046 1257 1099 ipsa,
1288 1045 1442 1098 respuit.
1475 1045 1617 1097 Neque
1637 1053 1766 1084 tamen
1791 1045 1870 1083 La-

482 1114 723 1158 ced-aemonii,
754 1115 922 1152 auetores
942 1112 1047 1151 istius
1068 1113 1154 1151 vitae
1173 1121 1287 1164 atque
1314 1111 1509 1156 orationis,
1541 1111 1609 1163 qui
1637 1110 1871 1163 quotidianis

483 1180 606 1233 epulis
628 1180 667 1217 in
688 1179 822 1218 robore
841 1179 1080 1217 accumbunt
1092 1196 1104 1222 3
1137 1190 1262 1230 neque
1282 1190 1369 1215 vero
1390 1177 1535 1221 Cretes,
1568 1190 1737 1228 quorum
1756 1188 1872 1215 nemo

485 1245 648 1298 gustavit
674 1258 847 1296 unquam
873 1244 1031 1288 cubans,
1062 1243 1217 1288 melius,
1248 1256 1366 1294 quam
1392 1242 1561 1281 Romani
1581 1241 1774 1286 homines,
1804 1241 1873 1294 qui

486 1320 659 1362 tempora
688 1309 894 1362 voluptatis
926 1309 1140 1361 laborisque
1170 1307 1411 1360 dispertiunt,
1442 1307 1674 1360 respublicas
1703 1307 1783 1346 suas
1810 1318 1871 1345 re-

487 1377 714 1413 tinuerunt:
747 1389 916 1427 quorum
943 1375 1065 1419 alteri,
1097 1387 1174 1412 uno
1199 1373 1365 1411 adventu
1391 1373 1506 1411 nostri
1526 1373 1728 1417 exercitus,
1759 1371 1874 1411 deleti

487 1441 601 1485 sunt;
633 1441 753 1486 alteri,
784 1440 899 1479 nostri
918 1440 1071 1493 imperii
1089 1439 1274 1492 praefidio,
1303 1438 1547 1493 disciplinam
1567 1438 1673 1477 suam
1699 1437 1875 1491 legesque

488 1507 721 1546 conservant.

542 1573 734 1612 XXXVI.
766 1573 895 1624 Qare
915 1571 1010 1617 noli,
1042 1573 1155 1617 Cato,
1185 1571 1377 1624 majorum
1397 1570 1584 1616 instituta,
1615 1584 1700 1624 quae
1719 1582 1778 1609 res
1797 1569 1877 1623 ipsa

488 1640 658 1693 publica,
695 1653 778 1692 quae
814 1638 1044 1678 diuturnitas
1078 1638 1249 1690 imperii,
1279 1638 1521 1691 comprobat,
1551 1637 1722 1676 nimium
1755 1636 1879 1675 severa

487 1706 658 1744 oratione
685 1705 971 1758 reprehendere.
1004 1704 1098 1742 Fuit
1121 1704 1257 1741 eodem
1282 1718 1329 1742 ex
1355 1704 1479 1743 studio
1504 1704 1560 1741 vir
1584 1703 1755 1741 eruditus
1775 1701 1876 1755 apud

489 1781 612 1824 patres
643 1772 803 1815 nostros,
832 1781 870 1808 et
900 1769 1078 1808 honestus
1109 1768 1245 1813 homo,
1275 1777 1313 1806 et
1344 1768 1499 1812 nobilis,
1530 1769 1592 1818 Q
1616 1767 1791 1806 Tubero.
1823 1768 1875 1811 Is,

491 1837 763 1889 cum-epulum
785 1837 853 1887 Q
868 1836 1084 1879 Maximus,
1116 1833 1290 1873 Africani
1310 1834 1435 1886 patrui
1453 1833 1507 1871 sui
1528 1833 1699 1878 nornine,
1731 1833 1876 1886 populo

492 1903 671 1940 Romano
698 1902 816 1946 daret,
847 1911 999 1954 rogatus
1024 1901 1077 1939 est
1102 1914 1122 1938 a
1148 1901 1341 1944 Maximo,
1374 1910 1416 1937 ut
1442 1899 1657 1937 triclinium
1684 1899 1875 1944 sterneret,

491 1981 584 2006 cum
610 1967 699 2005 effer
725 1968 884 2006 Tubero
908 1966 1077 2020 ejusdem
1109 1965 1285 2005 Africani
1317 1965 1450 2004 sororis
1481 1965 1598 2003 filius.
1630 1966 1762 2018 Atque
1794 1963 1875 2010 ille,

492 2032 614 2071 homo
633 2033 920 2077 eruditiffimus‚
938 2046 979 2070 ac
1001 2033 1163 2077 Stoicus,
1181 2031 1307 2069 stravit
1326 2031 1517 2085 pelliculis
1539 2030 1698 2069 haedinis
1718 2030 1878 2069 lectulos

494 2100 723 2144 Punicanos,
754 2109 791 2137 et
820 2098 992 2151 exposuit
1023 2098 1104 2136 vasa
1134 2099 1282 2136 Samia:
1315 2098 1416 2150 quafi
1449 2111 1536 2135 vero
1565 2097 1654 2135 effet
1685 2097 1878 2150 Diogenes
1912 2106 1914 2108 ’

495 2166 665 2217 Cynicus
686 2174 876 2210 mortuus„
897 2174 935 2203 et
955 2178 1032 2202 non
1053 2164 1173 2202 divini
1193 2162 1364 2202 hominis
1386 2162 1560 2201 Africani
1579 2177 1681 2201 mors
1702 2162 1880 2201 honesta-

495 2241 610 2270 retur.
643 2232 774 2282 Qem
802 2244 892 2269 cum
920 2230 1095 2282 supremo
1121 2231 1201 2282 ejus
1229 2229 1290 2267 die
1310 2229 1511 2267 Maximus
1533 2221 1713 2274 laudaret,
1743 2228 1880 2281 gratias

495 2299 575 2350 egit
601 2298 687 2335 Diis
714 2297 1012 2341 immortalibus,
1043 2296 1148 2348 quod
1175 2295 1240 2333 ille
1266 2297 1323 2333 vir
1348 2295 1386 2332 in
1413 2294 1485 2333 hac
1511 2294 1708 2348 republica
1731 2294 1878 2347 potiffi-

499 2378 609 2402 mum
637 2373 745 2402 natus
772 2363 887 2401 esset:
920 2362 1061 2401 neceffe
1087 2363 1193 2400 enim
1220 2361 1342 2406 fuiffe,
1373 2362 1428 2399 ibi
1456 2361 1526 2399 esse
1547 2371 1731 2400 terrarum
1751 2361 1877 2413 impe-

498 2432 615 2474 rium,
646 2428 713 2468 ubi
746 2430 812 2467 ille
842 2429 944 2468 effet.
976 2430 1106 2481 Hujus
1138 2429 1177 2466 in
1205 2438 1328 2466 morte
1353 2428 1577 2466 celebranda
1601 2427 1764 2479 graviter
1789 2426 1880 2465 tulit

499 2497 663 2549 populus
684 2498 884 2535 Romanus
904 2495 1002 2534 hanc
1023 2496 1233 2550 perversam
1252 2495 1473 2548 sapientiam
1493 2493 1727 2533 Tuberonis.
