2212 2835
407 168 484 194 210
914 151 1316 192 ORATIO

405 251 538 289 debuit
558 251 603 288 ad
623 248 794 288 hominis
812 249 928 287 amici
946 248 1135 296 fortunas,
1158 263 1276 303 quam
1296 249 1509 303 respublica
1528 251 1725 292 consulem
1747 252 1794 291 ad

406 329 658 355 communem
676 315 835 353 salutem
856 314 1134 354 defendendam
1155 329 1302 355 vocare.

459 382 533 419 III.
566 380 674 418 Nam
694 380 798 432 quod
816 380 943 432 legem
964 380 1009 419 de
1029 381 1179 419 ambitu
1201 382 1289 427 tuli,
1320 390 1421 420 certe
1440 382 1493 420 ita
1512 382 1599 427 tuli,
1631 391 1674 421 ut
1694 396 1796 428 eam,

404 459 522 498 quam
544 444 727 484 mihimet
753 446 822 498 ipfi
843 446 1081 500 jampridem
1108 447 1264 486 tulerim
1291 447 1337 485 de
1360 448 1506 487 civium
1526 448 1705 502 periculis
1725 449 1795 487 de-

404 511 619 556 fendendis,
650 525 728 550 non
756 511 994 564 abrogarem.
1027 513 1201 558 Etenim,
1231 514 1258 551 fi
1286 513 1531 567 largitionem
1558 514 1698 553 faustam
1725 514 1797 553 effe

405 577 621 622 confiterer,
638 577 755 629 idque
775 579 873 615 reste
893 576 1038 616 fastum
1057 578 1127 617 effe
1147 578 1405 625 defenderem,
1423 579 1586 619 facerem
1603 580 1795 634 improbe,

405 643 520 681 etiarn
541 643 567 680 fi
586 643 681 680 alius
702 643 828 696 legem
851 643 993 681 tulisset
1012 659 1021 682 :
1053 658 1144 683 cum
1164 658 1252 684 vero
1273 645 1372 684 nihil
1392 647 1640 686 commifi‘um
1666 655 1798 686 contra

405 710 531 762 legem
558 709 629 747 effe
656 708 871 754 defendam,
903 710 998 762 quid
1025 710 1091 756 est,
1123 713 1228 764 quod
1257 726 1384 751 meam
1415 712 1673 753 defensionem
1703 714 1797 752 latio

407 776 502 828 legis
523 775 708 827 impediat
727 775 740 812 ?

462 841 591 893 Negat
610 839 682 878 effe
701 841 870 893 ejusdem
893 841 1109 888 severitatis,
1142 843 1366 890 Catilinam,
1392 845 1557 884 exitium
1576 846 1798 900 reipublicae

407 906 505 944 intra
531 907 676 944 moenia
701 907 944 952 molientem,
976 908 1115 953 verbis,
1146 919 1185 947 et
1212 923 1308 962 pene
1338 911 1516 963 imperio,
1548 911 1643 949 urbe
1672 925 1797 964 expu-

406 971 514 1016 lifl‘e;
545 981 583 1010 et
614 985 717 1010 nunc
748 986 817 1025 pro
846 973 895 1011 L.
930 973 1097 1011 Murena
1127 975 1265 1014 dicere.
1302 977 1388 1029 Ego
1419 985 1548 1014 autem
1577 975 1644 1015 has
1675 986 1798 1030 partes

407 1038 573 1076 lenitatis
605 1047 643 1076 et
674 1038 956 1084 misericordiae,
988 1053 1080 1092 quas
1112 1053 1176 1078 me
1206 1050 1339 1080 natura
1368 1042 1447 1095 ipsa
1476 1042 1623 1088 docuit,
1654 1042 1801 1096 semper

407 1105 467 1157 egi
495 1105 659 1142 libenter
674 1123 686 1150 ς
718 1104 827 1143 illam
853 1119 942 1143 vero
967 1107 1162 1158 gravitatis
1187 1107 1464 1161 severitatisque
1489 1109 1689 1162 personam
1720 1122 1800 1148 non

408 1172 588 1224 appetivi,
619 1170 681 1209 sed
701 1171 748 1208 ab
769 1171 964 1223 republica
985 1171 1085 1210 mihi
1113 1173 1332 1226 impositam
1360 1174 1531 1220 sustinui,
1563 1175 1658 1214 ficut
1684 1175 1800 1228 hujus

408 1236 563 1290 imperii
594 1236 758 1288 dignitas
790 1236 829 1274 in
861 1235 1013 1276 summo
1042 1239 1214 1291 periculo
1245 1240 1391 1279 civium
1421 1240 1648 1293 postulabat.
1681 1241 1801 1292 Qod

409 1302 435 1341 fi
470 1312 570 1347 tum,
610 1315 701 1340 cum
737 1301 949 1355 respublica
982 1303 1061 1342 vim
1096 1314 1133 1343 et
1171 1305 1406 1344 severitatem
1441 1307 1684 1352 defiderabat,
1723 1307 1800 1346 vici

409 1376 600 1414 naturam,
631 1377 669 1406 et
689 1376 769 1406 tam
790 1367 995 1407 vehemens
1016 1368 1088 1415 fui,
1119 1384 1237 1423 quam
1257 1373 1434 1424 cogebar,
1456 1386 1534 1411 non
1554 1386 1672 1426 quam
1693 1373 1800 1411 vole-

412 1434 528 1479 bam;
570 1447 688 1478 nune,
728 1447 821 1472 curn
855 1448 988 1473 omnes
1023 1449 1087 1473 me
1119 1437 1236 1475 causae
1272 1438 1319 1475 ad
1352 1438 1653 1478 misericordiam
1687 1447 1801 1492 atque

411 1499 457 1538 ad
488 1498 770 1538 humanitatem
801 1509 952 1545 vocent,
993 1510 1137 1552 quanto
1168 1502 1322 1540 tandem
1353 1503 1477 1542 studio
1507 1504 1628 1542 debeo
1660 1513 1802 1542 naturae

411 1578 505 1604 meae
535 1565 880 1618 consuetudinique
910 1566 1077 1605 servire?
1117 1569 1178 1606 Ac
1210 1569 1256 1607 de
1286 1569 1417 1608 officio
1443 1569 1670 1608 defensionis
1691 1583 1800 1615 meae,

411 1640 450 1668 et
480 1631 526 1669 de
556 1632 701 1669 ratione
731 1631 981 1670 accusationis
1012 1641 1101 1679 tuae,
1132 1632 1281 1673 fortasse
1307 1635 1424 1673 etiam
1443 1635 1515 1674 alia
1532 1636 1572 1674 in
1592 1644 1697 1689 parte
1717 1648 1802 1674 ora—

412 1697 527 1735 tionis
547 1696 757 1735 dicendum
778 1697 888 1736 nobis
911 1697 996 1736 erit.

467 1763 537 1801 Sed
571 1776 659 1808 me,
695 1763 876 1814 judices,
910 1776 988 1802 non
1022 1763 1152 1802 minus
1190 1764 1362 1804 hominis
1397 1767 1657 1819 sapientiffimi
1688 1776 1803 1819 atque

414 1828 655 1873 ornatiffimi,
686 1830 765 1868 Ser.
798 1829 974 1881 Sulpicii,
1005 1831 1240 1883 conquestio,
1272 1845 1389 1884 quam
1415 1833 1571 1871 Catonis
1599 1833 1801 1878 accusatio,

414 1894 699 1939 commovebat,
740 1894 808 1946 qui
841 1895 1056 1947 gravissime
1093 1906 1131 1935 et
1165 1898 1397 1936 acerbiffime
1434 1898 1531 1937 ferre
1571 1900 1683 1944 dixit,
1725 1914 1801 1945 me,

412 1959 683 1999 familiaritatis
723 1961 1082 2015 neceffitudinisque
1120 1964 1305 2010 oblitum,
1344 1965 1493 2003 causam
1539 1966 1586 2003 L.
1628 1958 1805 2004 Nlurenae

413 2036 545 2066 contra
565 2027 599 2065 se
619 2026 835 2066 defendere.
868 2029 976 2067 Huic
1005 2043 1089 2082 ego,
1120 2031 1293 2082 Judices‚
1325 2031 1536 2070 satisfacere
1559 2033 1688 2085 cupio,
1719 2032 1804 2071 vos-

414 2106 489 2146 que
509 2091 688 2130 adhibere
708 2094 868 2132 arbitros
888 2109 896 2132 :
930 2108 1019 2133 nam
1040 2109 1132 2134 cum
1152 2110 1264 2149 grave
1285 2097 1337 2136 est
1358 2111 1441 2136 vere
1460 2098 1623 2136 accusari
1644 2099 1683 2136 in
1705 2100 1804 2137 ami-

414 2159 517 2203 citia,
549 2168 634 2196 tum
655 2159 786 2204 etiam,
818 2159 843 2197 fi
864 2158 956 2198 falso
974 2161 1171 2207 accuseris,
1203 2176 1281 2200 non
1305 2163 1357 2201 est
1378 2163 1668 2216 negligendum.
1703 2165 1803 2217 Ego,
1836 2195 1845 2203 .

416 2225 493 2262 Ser.
527 2225 688 2278 Sulpici,
719 2239 782 2263 me
803 2226 841 2263 in
862 2226 1049 2278 petitione
1070 2237 1136 2265 tua
1156 2228 1227 2266 tibi
1248 2229 1379 2267 omnia
1398 2230 1519 2267 studia
1545 2240 1658 2283 atque
1679 2231 1806 2269 officia

415 2305 485 2344 pro
506 2290 629 2328 nostra
649 2291 921 2330 neceffitudinc
941 2302 978 2331 et
999 2294 1164 2332 debuisse
1184 2295 1381 2340 confiteor,
1413 2305 1450 2334 et
1476 2296 1681 2349 praestitisse
1702 2297 1804 2335 arbi-

417 2366 520 2395 tror:
553 2356 652 2395 nihil
675 2357 746 2396 tibi
766 2358 1007 2398 consulatum
1033 2361 1178 2413 petenti
1206 2374 1226 2398 a
1251 2375 1313 2400 me
1340 2362 1478 2408 defuit,
1509 2363 1614 2415 quod
1633 2363 1721 2401 ess'et
1741 2371 1806 2400 aut

417 2423 463 2461 ab
495 2423 633 2470 amico,
665 2433 730 2464 aut
759 2438 780 2464 a
808 2426 986 2485 gratioso,
1021 2437 1087 2467 aut
1117 2441 1138 2467 a
1167 2428 1338 2476 consule,
1372 2429 1656 2484 postulandum.
1693 2427 1805 2468 Abiit
