2212 2835
700 181 885 225 PosT
941 173 1319 218 REDITUM.
1629 183 1701 222 351

311 290 559 331 defiderarem
592 297 723 324 meas:
755 282 811 320 s1n
844 275 1052 330 aliquando
1085 279 1380 315 revocarentur;
1411 267 1676 321 intelligebam
1695 296 1707 312 ,

316 357 418 397 mihi
436 369 530 395 cum
548 352 626 392 illis
647 363 723 389 una
741 347 812 386 effe
832 342 1085 384 redeundum.

372 424 496 475 Cujus
527 419 605 459 mei
635 416 760 456 sensus
787 409 1014 451 certiffimus
1042 404 1144 444 testis
1171 403 1224 441 est
1248 402 1313 440 hic
1339 401 1459 446 idem,
1490 401 1558 453 qui
1586 399 1710 439 custos

317 490 454 543 capitis
471 487 549 526 fuit
565 515 577 531 ,
608 484 685 522 Cn.
709 478 916 520 Plancius;
949 474 1042 526 qui,
1073 470 1258 509 omnibus
1280 467 1578 520 provincialibus
1599 480 1712 505 orna-

321 556 462 596 mentis
486 548 781 599 commodisque
807 541 985 596 depofitis
1002 568 1014 585 ,
1045 547 1168 577 totam
1196 535 1302 574 suam
1329 533 1558 586 quaesturam
1584 533 1625 570 in
1652 546 1715 571 me

320 619 557 662 sustentando
578 626 616 655 et
635 609 892 653 conservando
913 605 1132 646 collocavit.
1165 602 1248 654 Qi
1274 601 1300 639 fi
1327 599 1428 639 mihi
1449 599 1611 652 quaestor
1637 599 1715 636 im-

318 687 483 743 peratori
502 684 653 727 fuiffet,
683 681 724 719 in
745 678 818 717 filii
836 676 925 716 loco
945 671 1073 713 fuiffet
1090 685 1099 709 ι
1130 681 1236 708 nunc
1256 676 1357 706 certe
1376 667 1448 705 erit
1469 667 1508 704 in
1529 665 1717 718 parentis,

321 768 414 794 cum
436 751 554 791 fuerit
575 746 738 801 quaestor
758 757 837 782 non
857 738 1012 793 imperii
1030 767 1041 782 ,
1070 735 1134 774 sed
1154 733 1297 773 doloris
1320 733 1411 771 mei.
1445 733 1717 785 Qapropter,

323 821 452 860 Patres
482 813 705 867 conscripti,
736 809 922 864 quoniam
953 806 995 844 in
1025 801 1310 855 rempublicam
1342 799 1426 837 sum
1457 798 1597 850 pariter
1626 811 1719 836 cum

324 884 524 939 republica
542 881 736 921 restitutus
753 895 765 922 3
797 888 875 914 non
896 871 1014 912 modo
1033 871 1074 908 in
1094 882 1136 907 ea
1155 865 1395 906 defendenda
1414 863 1514 903 nihil
1542 864 1721 902 minuam

326 953 371 991 de
391 952 568 990 libertate
587 959 673 987 mea
692 943 862 998 pristina,
893 939 954 978 sed
973 939 1091 976 etiam
1112 933 1322 986 adaugebo.

381 1018 474 1057 XV.
506 1014 682 1058 Etenim,
710 1011 736 1050 fi
756 1023 840 1048 eam
860 1018 947 1046 tum
967 1002 1235 1045 defendebam,
1258 1013 1349 1038 cum
1371 997 1471 1036 mihi
1490 996 1637 1049 aliquid
1657 995 1724 1033 illa

328 1085 490 1124 debebat
506 1102 518 1129 3
549 1080 646 1134 quid
665 1091 770 1117 nunc
790 1089 855 1115 me
874 1073 1000 1112 facere
1019 1078 1192 1124 oportet,
1222 1080 1315 1105 cum
1336 1079 1408 1119 ego
1428 1064 1486 1102 illi
1507 1063 1726 1117 plurimum

327 1153 449 1191 debeo
466 1151 479 1187 ?
510 1149 619 1187 Nam
639 1144 735 1198 quid
753 1143 806 1181 est
820 1171 831 1187 ‚
862 1140 968 1194 quod
987 1139 1166 1177 animum
1186 1147 1321 1172 meum
1341 1131 1513 1184 frangere
1532 1139 1598 1168 aut
1618 1128 1729 1167 debi-

328 1219 439 1257 litare
459 1215 585 1270 poffit‚
616 1212 725 1264 cujus
752 1209 873 1262 ipsam
897 1206 1156 1246 calamitatem
1177 1213 1255 1239 non
1276 1199 1394 1238 modo
1414 1197 1559 1235 nullius
1581 1195 1726 1239 delicti,

330 1284 395 1323 sed
413 1284 532 1322 etiarn
552 1281 776 1319 divinorum
794 1276 836 1313 in
855 1271 1140 1326 rempublicam
1161 1265 1437 1306 beneficiorum
1456 1293 1466 1309 ‚
1499 1263 1632 1301 testem
1658 1260 1730 1299 effe

332 1350 522 1391 videatis?
558 1348 666 1387 Nam
700 1353 738 1382 et
767 1343 974 1395 importata
1003 1337 1070 1383 est,
1105 1335 1197 1389 quia
1227 1331 1471 1371 defenderam
1501 1329 1698 1368 civitatem
1715 1345 1726 1372 ;

335 1427 375 1457 et
398 1430 484 1456 mea
507 1415 706 1455 voluntate
731 1409 899 1462 suscepta
925 1406 978 1445 est
996 1434 1008 1450 ,
1039 1416 1086 1442 ne
1110 1415 1132 1440 a
1157 1413 1222 1440 me
1246 1398 1399 1438 defensa
1425 1396 1639 1450 respublica
1665 1407 1733 1448 per

334 1484 504 1523 eundem
524 1494 587 1520 me
606 1487 826 1518 extremum
846 1475 887 1512 in
906 1470 1114 1510 discrimen
1133 1474 1344 1506 vocaretur.

394 1550 470 1588 Pro
490 1560 553 1586 me
573 1559 665 1589 non,
695 1551 739 1581 ut
760 1554 829 1594 pro
847 1541 891 1578 P.
915 1535 1098 1590 Popillio,
1123 1531 1361 1572 nobiliffimo
1379 1528 1555 1573 homine,
1586 1525 1733 1565 adoles-

338 1624 469 1654 centes
489 1613 588 1657 filii,
619 1623 697 1649 non
718 1607 1027 1662 propinquorum
1053 1597 1267 1640 multitudo
1294 1595 1486 1649 populum
1507 1595 1736 1633 Romanum

339 1682 393 1719 est
421 1681 645 1733 deprecata;
677 1689 755 1714 non
772 1703 782 1719 ,
815 1682 858 1711 ut
887 1685 956 1724 pro
982 1665 1226 1720 QMetello
1243 1693 1253 1708 ‚
1285 1663 1439 1700 summo
1465 1670 1504 1699 et
1530 1658 1735 1697 clariffimo

341 1749 437 1792 viro,
459 1746 620 1799 spectata
632 1743 716 1795 jam
736 1737 989 1778 adolescentia
1008 1734 1125 1778 filius,
1147 1745 1225 1770 non
1247 1730 1291 1768 L.
1318 1737 1356 1766 et
1374 1729 1422 1766 C.
1445 1726 1615 1770 Metelli,
1638 1737 1735 1762 con-

344 1813 481 1852 sulares
499 1841 510 1857 ,
542 1818 620 1849 non
639 1820 775 1846 eorum
795 1803 935 1848 liberi,
966 1815 1045 1840 non
1072 1795 1338 1851 QMetellus
1366 1795 1501 1846 Nepos
1517 1821 1529 1837 ,
1560 1792 1629 1844 qui
1652 1800 1736 1830 tum

344 1879 586 1918 consulatum
608 1874 775 1928 petebat,
807 1884 885 1910 non
906 1867 1081 1912 Luculli,
1113 1862 1277 1907 Servilii,
1309 1860 1520 1913 Scipiones,
1552 1856 1739 1896 Metella-

347 1959 435 1983 rum
456 1943 552 1987 filii,
582 1941 716 1979 flentes
736 1951 778 1976 ac
802 1934 999 1979 sordidati,
1031 1931 1178 1985 populo
1197 1929 1379 1967 Romano
1400 1924 1709 1978 supplicaverunt
1728 1936 1737 1959 ε

348 2010 411 2048 sed
432 2021 529 2047 unus
550 2006 677 2050 frater,
708 2004 776 2057 qui
796 2003 835 2040 in
857 2014 920 2039 me
940 2001 1081 2053 pietate
1100 1996 1218 2039 filius,
1250 1991 1416 2031 confiliis
1436 2003 1585 2044 parens,
1613 2000 1741 2026 amore

353 2078 414 2126 (ut
434 2075 528 2126 erat)
551 2073 684 2116 frater,
716 2071 893 2107 inventus
913 2066 992 2111 est3
1025 2063 1198 2116 squalore
1218 2069 1256 2098 et
1275 2057 1474 2110 lacrymis,
1506 2065 1543 2093 et
1565 2054 1740 2106 quotidi-

352 2141 432 2178 anis
454 2139 644 2192 precibus,
666 2135 893 2174 defiderium
915 2132 993 2170 mei
1013 2129 1182 2168 nominis
1205 2123 1389 2167 renovari,
1414 2132 1452 2160 et
1471 2134 1598 2159 rerum
1619 2118 1740 2171 gesta-

355 2220 442 2245 rum
464 2203 692 2243 memoriam
714 2198 912 2252 usurpari,
944 2196 1085 2248 coegit.
1118 2193 1201 2243 Qi
1226 2202 1318 2228 cum
1345 2186 1523 2226 statuisset
1540 2215 1551 2229 ‚
1583 2184 1651 2221 nifi
1679 2196 1742 2235 per

357 2286 421 2311 vos
444 2284 506 2310 me
527 2267 772 2321 recuperaffet
791 2295 802 2311 ,
833 2263 992 2302 eandem
1015 2261 1139 2300 subire
1159 2257 1354 2296 fortunam
1373 2283 1383 2299 ,
1415 2262 1528 2303 atque
1549 2250 1651 2287 idem
1673 2248 1742 2285 fibi

356 2337 602 2376 domicilium
623 2342 660 2371 et
680 2333 765 2370 vitae
793 2340 831 2369 et
857 2329 992 2368 mortis
1013 2325 1256 2379 deposceret;
1289 2331 1417 2359 tamen
1445 2327 1644 2367 nunquam
1673 2326 1743 2350 nec

359 2401 669 2455 magnitudinem
690 2396 834 2448 negotii
852 2424 863 2439 ,
894 2408 964 2432 nec
985 2391 1231 2431 solitudinem
1252 2387 1357 2425 suam
1375 2412 1386 2428 ‚
1417 2394 1486 2420 nec
1507 2381 1587 2418 vim
1607 2378 1742 2417 inimi-

359 2483 496 2509 corum
517 2481 557 2506 ac
580 2466 665 2510 tela,
697 2460 914 2515 pertimuit.
