2212 2835
498 180 578 219 470
996 158 1398 198 ORATIO

557 267 592 303 O
633 264 806 301 acerbam
842 259 970 304 mihi,
1011 259 1196 310 Judices,
1236 257 1467 296 memoriam
1502 257 1686 310 temporis
1721 257 1827 295 illius
1860 267 1898 296 et

498 333 573 370 loci
594 360 604 374 ,
635 345 726 368 cum
747 328 812 367 hic
833 329 873 366 in
896 341 958 365 me
978 326 1116 364 incidit
1133 354 1144 370 ,
1176 325 1404 377 complexus
1425 324 1477 362 est
1493 354 1504 370 ,
1534 324 1819 377 conspersitque
1839 324 1894 362 la-

498 398 656 448 crymis,
687 410 757 434 nec
778 395 887 447 loqui
909 408 983 447 prae
1004 406 1168 431 moerore
1188 392 1316 444 potuit
1335 391 1341 428 !
1377 391 1412 428 O
1437 405 1516 429 rem
1538 404 1631 429 cum
1651 391 1785 429 auditu
1805 403 1896 428 cru-

498 464 640 509 delem,
659 473 744 501 tum
767 461 846 501 visu
867 458 1071 499 nefariam!
1095 460 1131 496 O
1154 459 1321 510 reliquos
1343 471 1478 496 omnes
1499 458 1577 496 dies
1599 458 1803 511 noitesque
1822 470 1897 503 eas,

498 532 641 584 quibus
663 531 730 568 iste
747 559 757 575 ,
788 543 807 567 a
827 542 889 566 me
910 541 986 566 non
1009 526 1187 564 recedens
1205 555 1215 570 ,
1247 524 1561 563 Thessalonicam
1589 539 1652 563 me
1672 525 1712 563 in
1734 524 1896 578 quaesto-

499 600 680 650 riumque
707 595 913 650 perduxit!
947 595 1028 633 Hic
1056 607 1126 646 ego
1153 606 1256 631 nunc
1284 592 1330 630 de
1350 601 1510 644 praetore
1530 593 1772 631 Macedoniae
1799 590 1900 630 nihil

498 666 626 702 dicam
647 663 814 715 amplius
832 690 843 706 ,
874 661 943 698 nisi
961 689 972 705 ‚
1003 674 1094 697 eum
1114 669 1152 696 et
1171 659 1297 696 civem
1318 659 1515 711 optimum
1535 659 1682 712 semper
1698 688 1709 704 ‚
1740 668 1777 696 et
1798 656 1900 696 mihi

499 732 685 774 amicum,
706 727 841 772 fuiffe3
861 727 921 764 sed
939 727 1072 764 eadem
1093 725 1274 769 timuiffe,
1292 739 1377 776 quae
1397 735 1576 764 caeteros:
1599 727 1675 764 Cn.
1693 725 1898 764 Plancium

499 796 606 834 fuiffe
639 809 790 838 unum,
823 807 901 831 non
933 792 1000 845 qui
1034 792 1163 830 minus
1196 790 1374 834 timeret,
1405 790 1492 835 sed,
1524 791 1550 828 fi
1581 791 1797 828 acciderent
1827 804 1898 836 ea,

499 877 582 914 quae
604 863 832 899 timerentur
847 888 859 904 ,
891 872 1049 897 mecum
1067 871 1109 895 ea
1129 857 1254 894 subire
1274 865 1311 894 et
1331 856 1479 909 perpeti
1499 856 1627 895 vellet.
1665 856 1745 907 Qi
1763 885 1775 902 ,
1805 870 1899 895 cum

499 929 544 966 ad
580 941 641 965 me
674 928 720 965 L.
745 926 932 970 Tubero,
965 937 1073 962 meus
1109 922 1359 967 necessarius,
1391 922 1459 974 qui
1493 921 1600 960 fratri
1632 935 1721 960 meo
1752 922 1898 975 legatus

498 994 643 1038 fuiffet,
675 993 861 1031 decedens
894 1005 941 1029 ex
972 990 1060 1028 Asia
1091 989 1268 1034 venisset,
1300 988 1434 1041 easque
1464 989 1640 1033 infidias,
1674 1001 1766 1041 quas
1799 987 1901 1027 mihi

497 1070 641 1114 paratas
669 1061 716 1098 ab
747 1059 925 1097 exulibus
957 1057 1165 1110 conjuratis
1197 1056 1380 1101 audierat,
1411 1056 1543 1095 animo
1569 1055 1799 1094 amiciffimo
1830 1056 1898 1094 de-

497 1128 663 1172 tuliffet3
682 1128 722 1165 in
744 1126 873 1165 Asiam
894 1139 958 1164 me
977 1126 1044 1169 ire,
1067 1133 1222 1177 propter
1241 1125 1322 1176 ejus
1342 1124 1549 1176 provinciae
1570 1137 1727 1162 mecum
1748 1132 1786 1162 et
1806 1137 1900 1162 cum

499 1207 588 1232 meo
623 1193 736 1231 fratre
769 1191 1102 1235 necessitudinem,
1135 1199 1440 1242 comparantem,
1477 1203 1555 1227 non
1589 1189 1642 1227 est
1676 1189 1826 1243 paffus:
1862 1189 1902 1227 vi

499 1274 582 1305 me,
615 1261 797 1312 inquam,
829 1258 1010 1297 Plancius
1046 1266 1085 1294 et
1116 1257 1325 1309 complexu
1362 1256 1428 1294 suo
1464 1257 1644 1301 retinuit,
1677 1256 1900 1308 multosque

499 1326 645 1364 menses
677 1340 696 1363 a
727 1325 851 1378 capite
883 1337 971 1361 meo
1001 1336 1080 1361 non
1111 1322 1287 1367 discesiit,
1319 1322 1464 1374 abjecta
1494 1321 1692 1374 quaestoria
1725 1321 1898 1374 persona,

498 1392 729 1444 comitisque
748 1391 913 1443 sumpta.

554 1459 686 1496 XLII.
719 1457 757 1493 O
779 1455 959 1493 excubias
980 1463 1077 1499 tuaS,
1101 1454 1176 1492 Cn.
1200 1453 1348 1498 Planci,
1372 1452 1547 1492 miseras!
1573 1454 1609 1491 O
1631 1453 1776 1492 flebiles
1798 1453 1900 1506 vigi-

499 1523 594 1562 lias!
630 1525 666 1561 O
695 1524 824 1561 noites
850 1520 1028 1559 acerbas!
1064 1522 1101 1558 O
1129 1520 1342 1558 custodiam
1372 1520 1487 1558 etiam
1510 1521 1588 1558 mei
1609 1521 1746 1573 capitis
1768 1519 1901 1558 infeli-

498 1590 609 1630 cem!
633 1591 659 1629 fi
681 1590 840 1643 quidem
861 1602 932 1641 ego
954 1588 1026 1626 tibi
1047 1588 1155 1626 vivus
1176 1601 1253 1626 non
1273 1587 1444 1640 prosum,
1467 1587 1536 1639 qui
1556 1585 1705 1625 fortaffe
1725 1596 1902 1626 mortuus

497 1656 736 1711 profuissem.
769 1655 942 1694 Memini
963 1655 1085 1698 enim,
1118 1655 1297 1699 memini,
1329 1668 1454 1707 neque
1482 1667 1656 1706 unquam
1683 1654 1898 1699 obliviscar,

498 1725 621 1763 noctis
642 1724 761 1769 illius,
781 1737 873 1761 cum
892 1722 965 1760 tibi
983 1721 1173 1774 vigilanti,
1192 1721 1378 1766 affidenti,
1397 1722 1592 1766 moerenti,
1611 1734 1704 1758 vana
1722 1720 1899 1772 quaedam

499 1791 612 1828 miser
631 1800 745 1842 atque
766 1790 906 1833 inania,
938 1787 1028 1825 falsa
1049 1787 1110 1840 spe
1131 1787 1326 1832 induitus,
1357 1786 1569 1839 pollicebar
1588 1801 1596 1823 ε
1630 1800 1706 1831 me,
1738 1786 1767 1824 fi
1786 1786 1901 1825 effem

499 1857 540 1894 in
575 1858 737 1909 patriam
772 1856 980 1899 restitutus,
1012 1853 1234 1906 praesentem
1269 1854 1342 1892 tibi
1376 1854 1539 1906 gratiam
1575 1853 1813 1892 relaturum:
1846 1853 1902 1892 fin

499 1932 628 1961 autem
661 1923 780 1960 vitam
812 1921 912 1959 mihi
943 1919 1021 1959 fors
1054 1920 1262 1965 ademisset,
1293 1929 1358 1958 aut
1394 1920 1449 1958 vis
1480 1921 1608 1973 aliqua
1641 1921 1763 1972 major
1797 1921 1900 1958 redi-

500 2000 585 2028 tum
621 1989 864 2043 peremiffet;
896 1987 995 2033 hos,
1031 1987 1102 2025 hos
1137 1989 1251 2040 (quos
1283 1988 1389 2026 enirn
1420 2001 1492 2040 ego
1529 1997 1612 2026 tum
1644 1988 1738 2026 alios
1769 1988 1902 2026 animo

500 2058 677 2096 intuebar
695 2057 740 2108 ?)
773 2057 904 2094 omnia
930 2056 1001 2094 tibi
1028 2055 1187 2093 illorum
1213 2055 1390 2093 laborum
1417 2055 1573 2107 praemia
1598 2068 1668 2107 pro
1688 2068 1752 2092 me
1773 2054 1901 2108 perso-

501 2124 664 2162 luturos.
698 2123 807 2175 Qid
836 2136 899 2161 me
924 2121 1147 2175 adspectas?
1179 2122 1274 2174 quid
1302 2135 1384 2159 mea
1404 2120 1583 2174 promiffa
1605 2121 1773 2173 repetis?
1806 2121 1901 2173 quid
1952 2112 1955 2115 ⁴

502 2204 630 2228 meam
653 2189 770 2228 fidem
792 2189 976 2242 imploras
996 2189 1008 2225 ?
1035 2187 1151 2227 Nihil
1174 2188 1245 2226 tibi
1266 2201 1338 2241 ego
1358 2197 1443 2226 turn
1465 2188 1511 2225 de
1533 2188 1627 2226 meis
1650 2188 1789 2240 opibus
1811 2187 1899 2240 pol-

500 2257 645 2296 licebar
662 2287 673 2303 ,
704 2257 766 2295 sed
791 2255 932 2295 horum
960 2269 1047 2309 erga
1074 2270 1138 2294 me
1158 2256 1467 2294 benevolentiam
1490 2255 1765 2308 promittebam
1787 2270 1795 2293 :
1827 2253 1899 2292 hos

503 2338 572 2378 pro
609 2338 670 2362 me
704 2324 862 2377 lugere,
893 2323 964 2362 hos
998 2336 1178 2376 gemere,
1211 2322 1281 2361 hos
1317 2323 1506 2361 decertare
1541 2336 1610 2376 pro
1650 2335 1739 2360 meo
1774 2322 1900 2374 capite

501 2391 561 2428 vel
596 2391 682 2428 vitae
716 2390 891 2443 periculo
924 2390 1035 2435 velle,
1067 2390 1273 2428 videbam:
1306 2389 1352 2426 de
1381 2403 1516 2428 eorum
1548 2388 1745 2433 defiderio,
1777 2388 1898 2431 luctu,

505 2457 668 2510 querelis
683 2486 694 2502 ,
725 2457 899 2510 quotidie
918 2456 1065 2511 aliquid
1086 2465 1217 2496 tecum
1238 2456 1351 2496 fimul
1372 2456 1574 2495 audiebam
1592 2469 1601 2495 :
1633 2467 1737 2494 nunc
1758 2453 1897 2498 timeo,
