2212 2835
675 97 816 137 PRO
876 94 983 134 CN.
1045 92 1396 133 PLANCIO.
1661 102 1737 141 449

395 203 537 256 Neque
569 213 656 239 vero
687 209 767 238 tam
796 199 911 237 durus
942 197 980 234 in
1008 196 1162 250 plebem
1190 194 1314 233 noster
1343 193 1437 232 ordo
1458 192 1533 230 fuit
1551 221 1561 237 ,
1594 199 1636 229 ut
1656 203 1741 229 cani

336 271 419 309 coli
440 270 562 308 nostra
583 267 736 306 modica
757 265 983 304 liberalitate
1011 263 1177 301 noluerit
1200 277 1208 300 :
1242 274 1365 313 neque
1395 259 1468 298 hoc
1497 258 1624 297 liberis
1653 256 1740 296 nos-

341 339 409 376 tris
430 335 741 376 interdicendum
763 332 816 371 est
830 362 840 378 ,
872 345 919 370 ne
938 329 1137 368 observent
1158 328 1318 366 tribules
1340 327 1423 366 suos
1440 356 1450 372 ,
1482 340 1529 365 ne
1550 325 1739 377 diligant,

342 418 390 442 ne
422 403 574 442 reficere
606 400 815 439 neceffariis
847 398 921 436 suis
952 396 1058 435 suam
1090 395 1236 433 tribum
1269 393 1422 446 possint,
1456 406 1503 430 ne
1531 405 1596 445 par
1622 390 1669 428 ab
1694 390 1740 428 iis

343 483 487 508 munus
519 470 560 507 in
592 468 655 506 sua
684 466 871 520 petitione
901 463 1136 515 respectent:
1170 459 1251 498 haec
1282 459 1390 496 enirn
1420 459 1533 511 plena
1562 458 1649 496 sunt
1678 455 1742 494 of«

343 538 437 581 ficii,
468 536 580 589 plena
600 532 857 575 observantiae,
889 529 1003 582 plena
1022 527 1139 565 etiam
1160 525 1416 578 antiquitatis.
1449 524 1525 562 Isto
1545 524 1585 561 in
1606 537 1743 576 genere

343 612 381 641 et
401 602 549 640 fuimus
571 600 639 653 ipfi
658 628 669 645 ,
701 612 794 637 cum
814 594 1040 635 ambitionis
1061 592 1194 632 nostrae
1215 602 1387 645 tempora
1407 589 1648 644 postulabant
1666 618 1676 633 ‚
1707 597 1746 626 et

342 668 566 707 clariffimos
586 666 687 705 viros
708 663 779 703 effe
799 663 984 707 vidimus,
1015 669 1054 699 et
1080 659 1198 698 hodie
1218 658 1289 697 effe
1309 658 1500 703 videmus,
1531 655 1743 710 quamplu-

342 736 462 774 rimos
483 733 680 788 gratiosos.
712 730 940 770 Decuriatio
960 727 1181 771 tribulium,
1213 724 1416 778 descriptio
1436 723 1587 777 populi,
1610 721 1744 760 suffra-

343 803 406 856 gia
439 801 643 854 largitione
676 798 866 842 devincta,
898 794 1134 834 severitatem
1168 792 1330 837 senatus,
1362 800 1400 830 et
1431 791 1624 829 bonorum
1654 802 1746 828 om·

344 871 457 908 nium
479 868 559 906 vim
580 879 622 904 ac
643 864 832 910 dolorem,
862 862 1092 902 excitarunt.
1125 861 1223 899 Haec
1243 859 1353 905 doce,
1383 857 1465 896 haec
1492 856 1635 911 profer,
1665 854 1746 893 huc

345 935 559 979 incumbe,
592 931 833 976 Laterensis,
865 928 1069 968 decuriaffe
1105 926 1309 966 Plancium
1328 954 1339 970 ,
1370 922 1654 978 conscripsisse,
1686 922 1744 960 se·-

345 1000 538 1054 questrem
559 998 682 1043 fuisse,
712 994 984 1051 pronuntiasse,
1016 992 1204 1038 divififfe3
1237 1002 1322 1031 tum
1344 990 1529 1035 mirabor,
1561 998 1598 1028 te
1617 989 1664 1027 iis
1685 1001 1746 1026 ar-

345 1070 420 1107 mis
443 1067 529 1112 uti,
561 1079 646 1119 quae
672 1064 745 1103 tibi
766 1064 828 1102 lex
847 1062 959 1101 dabat
977 1091 987 1107 ‚
1020 1059 1206 1099 noluisse:
1240 1058 1449 1097 tribulibus
1475 1056 1582 1095 enim
1597 1055 1746 1108 judici-

347 1136 433 1180 bus,
465 1148 545 1173 non
576 1133 695 1172 modo
725 1131 960 1170 severitatem
994 1128 1169 1173 illorum,
1201 1127 1227 1165 fi
1258 1126 1325 1164 ista
1356 1138 1443 1164 vera
1473 1124 1573 1169 sunt,
1605 1122 1668 1161 sed
1699 1135 1748 1160 ne

346 1203 478 1240 vultus
500 1201 674 1255 quidem,
706 1197 805 1237 ferre
822 1197 1032 1251 poffemus.
1065 1195 1181 1234 Hanc
1202 1203 1244 1232 tu
1264 1193 1453 1231 rationem
1473 1205 1565 1230 cum
1586 1189 1749 1242 fugeriS,

348 1283 522 1323 cumque
547 1281 610 1306 eos
626 1267 779 1320 judices
808 1264 948 1303 habere
974 1263 1143 1301 nolueris
1160 1289 1172 1307 ,
1203 1274 1373 1314 quorum
1398 1259 1440 1298 in
1465 1257 1582 1309 hujus
1610 1256 1751 1295 delicto

347 1349 442 1375 cum
473 1335 632 1374 scientia
662 1331 878 1376 certiffima‚
911 1339 998 1369 tum
1025 1328 1135 1367 dolor
1159 1326 1415 1380 gravissimus,
1446 1324 1517 1363 effe
1543 1323 1749 1365 debuerit;

348 1402 445 1455 quid
471 1401 572 1455 apud
598 1399 669 1438 hos
695 1399 813 1443 dices,
846 1397 915 1450 qui
941 1396 1007 1434 abs
1035 1404 1072 1433 te
1099 1393 1206 1432 taciti
1230 1393 1447 1445 requirunt,
1479 1404 1548 1429 cur
1577 1388 1653 1428 hoc
1679 1388 1750 1426 fibi

349 1470 474 1507 oneris
495 1466 723 1520 imposueris
741 1494 753 1510 ,
783 1477 854 1502 cur
873 1463 909 1501 se
935 1461 1177 1515 potiffimum
1197 1458 1380 1511 delegeris
1400 1486 1411 1503 ‚
1442 1471 1512 1496 cur
1531 1456 1697 1509 denique
1717 1454 1753 1492 se

348 1536 519 1574 divinare
539 1533 735 1576 malueris,
767 1543 884 1583 quarn
906 1542 985 1574 eos,
1017 1529 1086 1580 qui
1106 1527 1257 1571 scirent,
1281 1525 1456 1578 judicare
1475 1524 1488 1561 ?

407 1603 523 1641 XIX.
554 1602 642 1653 Ego
677 1597 907 1642 Plancium,
940 1593 1176 1639 Laterensis,
1207 1601 1246 1631 et
1276 1591 1405 1646 ipsum
1439 1590 1648 1644 gratiosum
1681 1587 1754 1626 effe

353 1670 457 1714 dico,
479 1676 518 1706 et
536 1665 706 1705 habuiffe
726 1665 765 1703 in
787 1663 974 1717 petitione
996 1661 1141 1700 multos
1163 1659 1325 1713 cupidos
1346 1658 1402 1697 sui
1420 1657 1602 1711 gratiosos
1622 1671 1631 1694 ς
1655 1667 1752 1707 quos

353 1745 398 1774 tu
420 1735 445 1773 fi
467 1733 608 1772 sodales
629 1744 768 1776 vocas3
799 1727 1010 1768 officiosam
1037 1726 1252 1766 amicitiam
1278 1724 1437 1763 nomine
1465 1721 1644 1775 inquinas
1674 1719 1754 1758 cri-

356 1801 519 1841 minoso.
553 1800 633 1845 Sin,
665 1798 756 1851 quia
775 1795 926 1850 gratiosi
948 1795 1048 1839 sunt,
1080 1792 1308 1832 accusandos
1330 1799 1468 1844 puta83
1500 1788 1581 1827 noli
1607 1785 1754 1830 mirari,

355 1879 393 1907 te
427 1869 492 1913 id,
524 1867 628 1920 quod
663 1875 728 1903 tua
762 1864 928 1917 dignitas
966 1861 1189 1915 postularit,
1221 1858 1466 1912 repudiandis
1501 1854 1754 1909 gratiosorum

357 1935 540 1974 amicitiis
571 1946 649 1971 non
681 1931 752 1969 effe
782 1930 1007 1969 affecutum.
1040 1930 1128 1980 Jam
1155 1935 1198 1965 ut
1225 1940 1296 1979 ego
1316 1926 1435 1964 doceo
1454 1921 1663 1977 gratiosum
1685 1919 1757 1958 effe

358 2001 568 2040 tribulibus
604 1999 822 2044 Plancium,
854 1996 959 2050 quod
993 1995 1130 2035 multis
1165 1994 1331 2045 benigne
1365 1992 1513 2036 fecerit,
1545 2004 1613 2044 pro
1648 1988 1756 2027 mul-

361 2069 408 2106 tis
432 2065 675 2120 spoponderit
694 2094 704 2111 ,
736 2065 777 2103 in
805 2077 936 2117 operas
963 2063 1153 2116 plurimos
1183 2060 1300 2114 patris
1326 2059 1547 2097 auetoritate
1573 2065 1611 2094 et
1637 2054 1758 2107 gratia

361 2134 506 2173 miserit
521 2151 535 2179 ,-
569 2133 674 2185 quod
695 2132 860 2184 denique
881 2130 1064 2169 omnibus
1084 2128 1222 2167 officiis
1244 2140 1309 2180 per
1329 2126 1377 2169 se,
1409 2138 1476 2178 per
1499 2132 1658 2177 patrem,
1690 2133 1756 2173 per

363 2200 524 2251 majores
545 2199 643 2243 suos,
665 2206 786 2235 totam
809 2197 1010 2235 Atinatem
1031 2193 1294 2248 praefe&uram
1315 2187 1673 2242 comprehenderit:
1706 2185 1757 2223 sic

362 2276 404 2304 tu
441 2266 535 2303 doce
570 2264 796 2316 sequestrem
831 2262 956 2307 fuisse,
987 2261 1171 2314 largitum
1208 2258 1293 2303 esse,
1331 2253 1598 2308 conscripsiss‘e,
1631 2252 1756 2289 tribu-

364 2333 415 2371 les
453 2330 707 2370 dccuriaviffe.
754 2330 873 2381 Qod
912 2329 938 2367 s1
973 2342 1050 2366 non
1089 2337 1223 2381 potes;
1265 2324 1345 2363 noli
1382 2322 1513 2360 tollere
1546 2333 1592 2357 ex
1625 2318 1759 2356 ordine

363 2399 489 2437 nostro
510 2397 779 2436 liberalitatem
797 2424 808 2443 ‚
840 2395 919 2435 noli
948 2393 1184 2434 maleficium
1210 2401 1343 2445 putare
1367 2387 1437 2425 esse
1456 2386 1616 2439 gratiam
1634 2413 1645 2431 ‚
1679 2385 1758 2423 noli

449 2467 578 2504 ToM.
607 2464 652 2503 V,
1337 2457 1369 2495 L
1401 2454 1413 2492 l
1444 2454 1456 2492 1
