2212 2835
478 207 559 244 410
977 188 1380 228 ORATIO

479 293 598 333 modo
611 291 754 344 justam
772 319 782 336 ‚
814 290 875 328 sed
896 290 1013 329 etiam
1034 289 1274 328 necessariam
1289 318 1301 335 ,
1332 289 1484 327 causam
1505 288 1576 328 effe
1596 290 1763 329 dicendi.
1795 291 1877 329 Re-

479 359 633 413 perietis
655 358 761 396 enirn
783 371 829 395 ex
850 356 925 395 hoc
946 366 1029 395 toto
1048 357 1227 409 prodigio
1247 366 1363 409 atque
1381 356 1556 409 responso
1571 386 1582 401 ,
1613 370 1682 394 nos
1707 357 1753 394 de
1773 357 1879 395 istius

480 425 616 463 scelere
635 437 678 462 ac
698 423 827 461 surore
841 451 852 468 ,
883 436 926 460 ac
947 422 994 460 de
1014 422 1329 475 impendentibus
1350 422 1529 475 periculis
1551 422 1732 460 maximis
1746 451 1757 467 ,
1788 436 1880 475 pro-

479 505 528 544 pe
543 492 627 543 jam
644 503 739 528 voce
759 490 866 540 Jovis
888 489 1047 541 Optimi
1066 489 1238 527 Maximi
1258 489 1499 541 praemoneri.
1524 489 1596 527 Sed
1615 489 1790 541 primum
1811 502 1880 526 ex-

480 557 598 610 piabo
617 557 846 609 religionem
868 556 1007 594 aedium
1028 569 1204 593 mearum
1221 585 1232 599 ,
1264 555 1291 592 fi
1317 555 1355 592 id
1383 554 1506 593 facere
1532 569 1616 593 vere
1644 568 1686 592 ac
1713 554 1790 593 fine
1809 568 1880 592 cu·-

476 623 660 675 jusquam
685 622 926 660 dubitatione
953 630 1113 673 potero:
1145 621 1199 658 fin
1228 620 1427 673 scrupulus
1456 620 1696 658 tenuiffimus
1724 620 1882 658 refidere

481 689 620 741 aliquis
640 688 834 726 videbitur
847 705 860 731 ς
891 701 968 724 non
989 687 1107 724 modo
1127 686 1302 738 patienti,
1334 686 1395 724 sed
1414 687 1528 724 etiam
1551 686 1704 732 libenti,
1736 687 1881 732 animo,

483 754 669 809 portentis
691 754 866 791 Deorum
887 752 1174 790 immortalium
1194 751 1449 803 religionique
1470 752 1624 805 parebo.

539 820 611 858 VI.
645 819 716 856 Sed
736 832 821 871 quae
841 818 997 856 tandem
1018 817 1070 855 est
1089 818 1130 855 in
1150 815 1222 854 hac
1245 817 1337 855 urbe
1358 825 1462 855 tanta
1492 817 1631 855 domus
1661 818 1709 855 ab
1734 817 1802 855 ista
1821 830 1881 855 re·

483 886 639 939 ligionis
660 885 871 937 suspici0ne
892 893 971 922 tam
993 897 1109 921 vacua
1129 892 1244 936 atque
1264 884 1386 936 pura?
1409 883 1644 935 Qanquam
1665 883 1792 921 vestrae
1812 882 1883 921 do-

483 966 570 991 mus
586 981 599 997 ,
629 953 757 990 Patres
779 951 1008 1003 conscripti,
1041 958 1344 1002 caeterorumque
1364 949 1510 988 civium
1524 979 1535 994 ,
1567 949 1694 987 multo
1714 949 1886 987 maxima

482 1033 530 1058 ex
556 1028 663 1072 parte
688 1018 776 1056 sunt
800 1017 928 1056 liberae
954 1016 1168 1069 religione;
1201 1026 1329 1054 tamen
1357 1030 1432 1054 una
1458 1029 1543 1054 mea
1569 1016 1707 1054 domus
1723 1015 1883 1068 judiciis

483 1084 668 1123 omnibus
695 1083 855 1121 liberata
880 1083 921 1120 in
947 1081 1020 1120 hac
1048 1083 1141 1120 urbe
1161 1082 1236 1120 sola
1256 1081 1322 1120 est.
1355 1083 1416 1120 Te
1436 1082 1540 1120 enim
1562 1081 1714 1135 appello
1732 1111 1743 1126 ,
1776 1082 1884 1119 Len·

484 1152 593 1197 tule,
624 1159 662 1188 et
697 1159 761 1196 te,
794 1149 991 1203 Philippe.
1028 1149 1091 1187 Ex
1124 1148 1200 1187 hoc
1236 1148 1482 1202 haruspicum
1513 1148 1688 1202 responso
1717 1147 1886 1186 decrevit

484 1218 658 1261 senatus,
690 1226 734 1254 ut
759 1216 807 1254 de
832 1216 927 1254 locis
955 1215 1065 1253 sacris
1092 1216 1274 1268 religiosis
1306 1216 1353 1253 ad
1383 1214 1488 1253 hunc
1519 1216 1694 1253 ordinem
1723 1213 1882 1252 referre-

484 1284 534 1322 tis
553 1298 561 1321 z
594 1282 795 1335 potestisne
822 1280 957 1319 referre
978 1282 1024 1319 de
1046 1295 1129 1319 mea
1149 1281 1267 1319 domo
1286 1282 1298 1318 ?
1331 1295 1429 1333 quae,
1461 1290 1504 1318 ut
1524 1281 1619 1325 dixi,
1651 1281 1726 1318 sola
1746 1281 1785 1317 in
1810 1279 1883 1317 hac

485 1350 581 1389 urbe
600 1349 710 1388 omni
731 1348 930 1400 religione,
961 1348 1142 1386 omnibus
1161 1348 1337 1400 judiciis,
1369 1348 1528 1385 liberata
1547 1348 1613 1385 est.
1648 1348 1780 1398 Qam
1801 1346 1882 1399 pri-

485 1430 597 1455 mum
618 1415 802 1453 inimicus
822 1413 902 1466 ipse
922 1415 962 1451 in
983 1414 1049 1451 illa
1069 1413 1290 1466 tempestate
1311 1428 1353 1451 ac
1374 1415 1484 1451 noete
1507 1413 1729 1466 reipublicae
1747 1442 1757 1457 ,
1789 1426 1882 1451 cum

485 1492 619 1522 caetera
644 1482 782 1520 scelera
808 1480 904 1532 stylo
930 1481 999 1518 illo
1027 1480 1183 1532 impuro
1210 1481 1296 1518 Sex.
1319 1480 1481 1519 Clodius
1506 1479 1775 1532 conscripsisset
1792 1509 1803 1524 ,
1836 1492 1884 1517 ne

486 1563 562 1588 una
593 1548 753 1601 quidem
788 1547 917 1599 attigit
947 1547 1055 1584 litera
1089 1546 1314 1599 religionis:
1351 1546 1488 1584 deinde
1524 1546 1684 1584 eandem
1719 1546 1883 1584 domum

484 1615 652 1670 populus
684 1615 901 1659 Romanus,
933 1614 1042 1665 cujus
1074 1612 1127 1650 est
1157 1612 1307 1651 summa
1335 1612 1495 1665 potestas
1527 1613 1708 1652 omnium
1740 1625 1882 1657 rerum,

486 1680 658 1721 comitiis
691 1679 939 1724 centuriatis,
971 1678 1152 1717 omnium
1184 1687 1341 1717 aetatum
1374 1678 1634 1730 ordinumque
1667 1677 1882 1729 suffragiis,

486 1748 621 1786 eodem
637 1747 726 1799 jure
745 1745 815 1784 effe
829 1745 950 1798 juffit,
981 1758 1062 1798 quo
1079 1743 1220 1782 fuiffet.

541 1812 674 1861 Postea
692 1824 758 1849 vos
776 1840 788 1856 ,
819 1812 948 1849 Patres
968 1809 1175 1862 conscripti
1192 1838 1204 1853 ‚
1234 1822 1312 1847 non
1334 1808 1439 1860 quod
1459 1808 1576 1846 dubia
1595 1821 1651 1845 res
1672 1807 1760 1845 esset
1779 1836 1789 1853 ,
1821 1806 1884 1845 sed

487 1888 529 1917 ut
549 1877 642 1916 huic
663 1876 786 1922 furiae,
817 1876 843 1914 fi
864 1876 1010 1914 diutius
1032 1875 1072 1913 in
1092 1874 1164 1913 hac
1185 1875 1292 1920 urbe,
1323 1887 1439 1926 quam
1461 1874 1586 1912 delere
1605 1883 1775 1926 cuperet,
1798 1887 1882 1911 ma-

486 1953 622 1988 neret,
651 1956 727 1980 vox
757 1941 1077 1986 interdiceretur,
1109 1940 1351 1985 decrevistis,
1383 1949 1427 1978 ut
1457 1939 1504 1978 de
1535 1953 1707 1978 mearum
1741 1939 1883 1978 aedium

485 2010 669 2062 religione
688 2008 734 2046 ad
754 2007 988 2061 pontificum
1012 2007 1224 2059 collegium
1244 2006 1458 2044 referretur.
1500 2007 1598 2058 Qae
1627 2015 1732 2044 tanta
1751 2005 1886 2058 religio

486 2076 552 2122 est,
584 2089 659 2128 qua
679 2088 759 2113 non
778 2075 818 2112 in
839 2074 974 2113 nostris
995 2073 1316 2118 dubitationibus,
1347 2082 1462 2125 atque
1481 2073 1521 2110 in
1549 2073 1731 2111 maximis
1752 2072 1882 2125 super-

485 2141 721 2186 stitionibus,
754 2141 867 2179 unius
900 2141 944 2178 P.
969 2140 1119 2178 Servilii
1149 2153 1191 2177 ac
1222 2140 1286 2177 M.
1310 2139 1470 2178 Luculli
1500 2138 1673 2192 responso
1700 2153 1742 2177 ac
1767 2139 1882 2176 verbo

486 2209 697 2247 liberemur
716 2208 729 2244 ?
761 2207 824 2245 De
843 2206 952 2245 sacris
973 2206 1140 2259 publicis
1157 2235 1168 2251 ,
1200 2206 1246 2243 de
1266 2205 1367 2244 ludis
1395 2206 1577 2244 maximis
1596 2234 1607 2249 ,
1639 2205 1685 2243 de
1706 2206 1883 2242 Deorum

486 2275 684 2327 penatium
713 2273 912 2325 Vestaeque
946 2273 1078 2311 matris
1109 2272 1362 2316 caeremoniis,
1391 2272 1437 2310 de
1467 2272 1537 2309 illo
1569 2272 1649 2324 ipso
1682 2270 1881 2315 sacrificio,

487 2341 591 2392 quod
612 2340 655 2378 fit
675 2354 744 2393 pro
765 2339 882 2377 salute
907 2339 1043 2392 populi
1070 2339 1270 2383 Romani,
1303 2339 1408 2390 quod
1435 2338 1517 2391 post
1543 2340 1715 2376 Romam
1742 2337 1880 2374 condi-

486 2416 564 2444 tam
595 2405 710 2458 hujus
739 2406 852 2444 unius
880 2405 968 2443 casti
995 2405 1132 2443 tutoris
1160 2405 1396 2457 religionum
1422 2405 1557 2442 scelere
1584 2404 1770 2442 violatum
1797 2402 1877 2447 est3

484 2472 588 2524 quod
624 2480 697 2509 tres
731 2472 934 2525 pontifices
968 2471 1203 2518 statuissent,
1233 2471 1275 2510 id
1307 2471 1456 2525 semper
1487 2470 1634 2524 populo
1669 2471 1876 2512 Romano,
