2212 2835
722 198 860 236 PRO
920 199 971 235 A.
1034 195 1442 235 cLUENTio.
1738 198 1787 247 89

390 311 481 335 eum
501 297 646 350 nuptiis
667 296 869 349 alligatum
891 296 1018 340 fimul,
1041 306 1078 333 et
1099 296 1313 334 testamenti
1335 296 1398 349 spe
1419 296 1657 341 devinctum,
1679 295 1791 349 pofiit

390 363 530 402 habere
549 365 589 401 in
610 363 804 416 potestate.
837 363 928 400 Hoc
961 361 1042 413 ipso
1069 361 1147 399 fere
1171 372 1343 414 tempore
1365 364 1488 401 Strato
1519 362 1584 400 ille
1616 363 1790 401 medicus

392 431 499 468 domi
520 429 670 467 furtum
691 427 799 472 fecit,
821 437 859 465 et
879 427 1025 465 caedem
1043 427 1247 479 ejusmodi.
1273 429 1378 466 Cum
1395 429 1483 466 esset
1504 430 1543 466 in
1565 429 1710 468 aedibus
1733 443 1792 467 ar-

390 497 572 540 marium,
609 495 648 532 in
682 508 759 547 quo
791 494 902 532 sciret
935 493 1007 531 effe
1041 507 1299 532 nummorum
1333 494 1592 546 aliquantum,
1626 505 1663 534 et
1694 498 1788 536 auri.

388 563 506 600 noctu
523 561 618 599 duos
640 560 841 598 conservos
860 559 1095 598 dormientes
1114 560 1272 605 occidit,
1291 560 1332 598 in
1347 560 1615 614 piscinamque
1631 561 1788 613 dejecit;

389 628 469 681 ipse
489 628 640 666 armarii
660 626 828 665 fundum
853 627 1035 672 exsecuit,
1070 636 1108 665 et
1140 628 1231 666 H-S
1253 628 1278 652 ἦ
1298 637 1337 665 et
1365 628 1446 666 auri
1467 629 1642 681 quinque
1662 630 1792 682 pondo

390 695 559 741 abstulit,
578 709 660 734 uno
681 708 728 733 ex
747 695 873 741 servis,
895 708 1014 748 puero
1034 708 1113 733 non
1133 694 1282 748 grandi,
1304 695 1472 734 conscio.

446 762 570 800 Furto
590 760 770 814 postridie
790 761 963 813 cognito,
985 761 1114 799 omnis
1136 760 1299 814 suspicio
1319 761 1359 798 in
1380 775 1443 799 eos
1465 760 1602 807 servos,
1624 762 1693 814 qui
1715 776 1793 800 non

389 828 679 881 comparebant,
703 828 1038 866 commovebatur.
1073 829 1179 866 Cum
1200 827 1364 866 exsectio
1385 828 1452 865 illa
1470 826 1585 866 fundi
1605 828 1646 866 in
1667 841 1792 867 arma-

392 895 449 933 rio
475 895 853 939 animadverteretur,
887 895 1107 947 quaerebant
1137 893 1332 940 homines,
1361 908 1532 948 quonam
1563 895 1682 933 modo
1712 895 1794 933 fieri

392 960 586 1014 potuiffet.
619 961 793 1012 Qidam
821 975 869 999 ex
889 961 1024 998 amicis
1047 961 1167 999 Saffiae
1187 961 1404 1000 recordatus
1437 962 1502 1007 est,
1536 962 1571 1000 se
1599 976 1723 1016 nuper
1754 963 1795 1000 in

393 1029 570 1067 auctione
585 1029 752 1081 quadam
769 1028 899 1067 vidifl‘e
920 1029 960 1066 in
981 1028 1093 1067 rebus
1109 1029 1272 1067 minutis
1289 1029 1479 1068 aduncam
1500 1042 1547 1067 ex
1565 1031 1674 1068 omni
1689 1039 1795 1083 parte

393 1096 572 1134 dentium
606 1104 644 1132 et
676 1094 885 1133 tortuosam
917 1095 1046 1132 venire
1081 1095 1278 1140 serrulam,
1311 1109 1388 1148 qua
1419 1095 1517 1134 illud
1548 1096 1711 1148 potuisse
1742 1097 1796 1134 ita

391 1161 661 1200 circumsecari
682 1161 887 1199 videretur.
920 1161 985 1199 Ne
1016 1160 1168 1206 multa;
1200 1162 1438 1214 perquiritur
1472 1175 1493 1199 a
1523 1162 1791 1201 coactoribus:

391 1227 588 1266 invenitur
607 1241 649 1265 ea
669 1226 807 1265 serrula
838 1227 885 1264 ad
917 1229 1134 1265 Stratonem
1161 1227 1382 1280 pervenisse.
1414 1228 1507 1266 Hoc
1539 1228 1652 1266 initio
1672 1228 1794 1281 suspi-

393 1295 516 1333 cionis
537 1303 634 1339 orto,
651 1302 688 1332 et
707 1303 834 1347 aperte
854 1294 1077 1332 infimulato
1099 1295 1287 1340 Stratone,
1310 1308 1405 1347 puer
1424 1294 1492 1332 ille
1511 1293 1687 1332 conscius
1707 1309 1795 1347 per-

392 1362 556 1407 timuit;
586 1375 667 1400 rem
689 1375 850 1400 ornnem
871 1361 1040 1400 dominae
1059 1361 1272 1400 indicavit:
1304 1360 1486 1400 homines
1506 1362 1547 1400 in
1567 1361 1713 1414 piscina
1732 1362 1795 1399 in-

350 1432 354 1435 *
392 1429 499 1466 venti
519 1428 633 1467 sunt:
666 1430 790 1468 Strato
810 1429 851 1466 in
881 1428 1038 1467 vincula
1057 1429 1252 1482 conjectus
1284 1427 1364 1467 est:
1397 1437 1513 1481 atque
1533 1429 1651 1467 etiam
1674 1429 1715 1467 in
1737 1437 1795 1467 ta-

392 1495 510 1533 berna
530 1496 611 1547 ejus
633 1495 803 1540 nummi,
827 1508 1073 1547 nequaquam
1093 1508 1244 1540 omnes,
1267 1495 1523 1548 reperiuntur.

451 1561 711 1598 Constituitur
731 1561 888 1612 quaestio
909 1561 955 1598 de
975 1559 1093 1598 furto.
1127 1559 1234 1598 Nam
1265 1561 1361 1612 quid
1392 1560 1597 1613 quisquam
1619 1561 1797 1614 suspicari

396 1626 500 1663 aliud
521 1626 671 1678 potest?
704 1627 769 1664 An
790 1625 866 1664 hoc
886 1626 1030 1671 dicitis,
1063 1626 1226 1664 armario
1247 1626 1432 1679 expilato,
1464 1628 1629 1680 pecunia
1656 1628 1793 1671 ablata,

394 1705 472 1730 non
502 1692 613 1730 omni
645 1702 876 1745 recuperata,
909 1692 1042 1730 occifis
1074 1691 1319 1738 hominibus,
1352 1692 1568 1732 institutam
1596 1693 1667 1731 effe
1687 1707 1795 1745 quae-

395 1759 558 1797 stionem
579 1759 625 1796 de
645 1768 771 1797 morte
793 1759 1033 1812 Oppianici?
1057 1761 1134 1798 Cui
1150 1759 1348 1812 probatis?
1371 1760 1480 1811 Qid
1501 1760 1565 1805 est,
1589 1760 1695 1812 quod
1716 1761 1795 1798 mi-

395 1839 466 1864 nus
487 1825 692 1863 verisimile
721 1824 890 1878 proferre
920 1825 1126 1879 potuistis?
1160 1825 1326 1870 Deinde,
1358 1834 1401 1863 ut
1432 1826 1615 1864 omittam
1646 1835 1794 1869 caetera,

395 1892 563 1931 triennio
582 1892 666 1945 post
685 1901 853 1931 mortem
875 1893 1085 1946 Oppianici
1107 1893 1152 1931 de
1172 1894 1253 1946 ejus
1274 1902 1399 1931 morte
1420 1893 1687 1945 quaerebatur?
1718 1894 1793 1931 At-

397 1972 472 2010 que
503 1959 633 2004 etiam,
670 1958 822 1997 incensa
853 1959 943 1997 odio
971 1959 1145 2012 pristino,
1182 1959 1448 1997 Nicostratum
1481 1959 1650 1998 eundem
1680 1959 1796 1997 illum

397 2034 482 2063 tum
505 2026 581 2064 fine
601 2025 709 2064 causa
728 2026 769 2064 in
796 2026 1046 2079 quaestionem
1068 2026 1286 2079 postulavit.
1320 2026 1564 2079 Oppianicus
1586 2026 1714 2079 primo
1734 2039 1793 2063 re-

396 2090 563 2130 cusavit:
595 2091 843 2144 posteaquam
870 2092 938 2130 illa
956 2092 1207 2130 abdufturam
1234 2092 1270 2129 se
1298 2091 1434 2137 filiam,
1467 2101 1704 2130 mutaturam
1725 2090 1795 2129 effe

398 2157 685 2204 testamentum,
707 2158 919 2197 minaretur
933 2177 946 2204 5
979 2159 1135 2197 mulieri
1155 2157 1419 2197 crudeliffimae
1439 2158 1591 2196 servum
1622 2156 1793 2196 fideliffi-

399 2236 526 2268 mum,
549 2238 626 2262 non
646 2226 686 2263 in
708 2225 960 2278 quaestionem
980 2225 1086 2269 tulit,
1109 2225 1169 2262 sed
1189 2225 1301 2277 plane
1321 2224 1368 2262 ad
1388 2224 1624 2277 supplicium
1645 2222 1764 2260 dedit.

454 2290 583 2327 LXV.
616 2291 704 2328 Post
724 2291 936 2329 triennium
967 2291 1088 2344 igitur
1107 2292 1247 2343 agitata
1267 2291 1433 2342 denique
1460 2289 1616 2342 quaestio
1646 2289 1692 2325 de
1723 2287 1794 2325 viri

398 2364 525 2394 morte
543 2353 780 2395 habebatur:
813 2366 852 2395 et
871 2358 917 2395 de
936 2358 1078 2410 quibus
1100 2357 1211 2395 servis
1233 2357 1444 2395 habebatur
1462 2357 1474 2391 ?
1506 2355 1633 2398 Nova,
1663 2353 1792 2398 credo,

385 2426 456 2461 'res
477 2422 638 2474 objecta,
671 2423 762 2460 novi
792 2424 950 2475 quidam
977 2423 1155 2462 homines
1187 2424 1228 2462 in
1260 2423 1514 2476 suspicionem
1544 2421 1670 2459 vocati
1691 2420 1791 2458 sunt.

398 2489 460 2527 De
481 2489 669 2532 Stratone,
701 2496 739 2527 et
758 2487 805 2527 de
825 2489 1056 2529 Nicostrato.
1091 2489 1198 2540 Qid
1217 2490 1230 2526 ?
1264 2490 1401 2530 Romae
1421 2486 1624 2539 quaefitum
1649 2487 1696 2526 de
1716 2486 1792 2525 istis

481 2555 552 2593 To
569 2567 620 2594 M.
653 2554 705 2594 V.
1441 2554 1491 2593 M
