2212 2835
316 184 365 223 30
809 168 1209 207 ORATIO

312 269 425 307 nubit
444 280 582 321 genero
602 266 741 311 socrus,
763 266 880 304 nullis
901 265 1131 319 auspicibus,
1150 264 1267 304 nullis
1287 266 1518 312 melotibus,
1539 266 1695 306 funestis

313 335 510 373 ominibus
530 332 724 371 omnium.
1258 367 1263 370 .

366 401 437 438 VI.
472 400 508 436 O
530 397 701 436 mulieris
722 396 840 435 scelus
873 397 1110 442 incredibile,
1144 406 1182 436 et
1212 406 1344 451 praeter
1363 397 1462 437 hanc
1493 413 1624 444 unam,
1655 399 1696 436 in

311 466 419 505 omni
450 466 526 503 vita
555 463 798 502 inauditum!
832 465 868 502 O
904 464 1110 502 libidinem
1131 463 1352 504 effrenatam
1382 475 1420 504 et
1438 465 1693 504 indomitam!

313 534 351 569 O
372 531 569 570 audaciam
598 529 842 583 singularem,
877 543 956 568 non
986 530 1164 575 timuiffe,
1196 531 1223 569 s1
1245 531 1373 569 minus
1405 532 1486 570 vim
1507 533 1696 577 Deorum,

310 598 598 649 hominumque
614 595 773 641 famam,
789 605 826 634 at
846 597 954 634 illam
975 596 1094 649 ipsam
1115 598 1282 642 nodkm,
1296 596 1470 650 facesque
1490 597 1574 635 illas
1594 612 1695 650 nup-

311 664 442 703 tiales!
475 677 552 703 non
572 663 694 701 limen
713 663 900 708 cubiculi,
931 676 1008 701 non
1038 663 1167 701 cubile
1187 663 1288 708 filiae,
1311 677 1389 702 non
1408 664 1566 717 parietes
1586 664 1697 702 deni-

313 745 388 784 que
408 730 521 784 ipsos,
543 729 780 782 superiorum
800 729 909 768 testes
931 730 1152 783 nuptiarum
1171 729 1177 766 !
1202 729 1403 783 Perfregit,
1421 744 1463 768 ac
1482 731 1695 783 prostravit,

313 799 445 836 omnia
463 796 672 849 cupiditate
690 810 733 834 ac
753 795 904 836 furore:
936 796 1030 836 vicit
1048 796 1235 849 pudorem
1256 796 1392 842 libido,
1425 797 1607 836 timorem
1627 811 1695 836 au-

313 864 432 908 dacia,
455 863 643 901 rationem
663 862 841 900 amentia.

364 930 479 968 Tulit
497 928 573 968 hoc
592 942 802 967 commune
821 928 982 967 dedecus
997 929 1079 981 jam
1100 927 1270 973 familiae,
1291 930 1545 981 cognationis,
1567 930 1696 968 nomi-

314 996 387 1040 nis,
408 996 570 1047 graviter
589 994 719 1032 filius:
751 994 959 1046 augebatur
990 1002 1118 1031 autem
1149 995 1229 1045 ejus
1262 994 1434 1032 molestia
1464 995 1697 1047 quotidianis

314 1061 580 1113 querimoniis,
602 1068 639 1101 et
660 1059 802 1098 assiduo
821 1058 928 1104 fletu,
949 1059 1097 1097 sororis.
1130 1060 1270 1097 Statuit
1289 1068 1418 1098 tamen
1439 1059 1538 1098 nihil
1559 1061 1628 1098 fibi
1656 1061 1697 1098 in

314 1128 428 1165 tantis
449 1126 597 1178 injuriis
618 1139 660 1163 ac
681 1134 787 1163 tanto
813 1124 950 1163 scelere
980 1125 1111 1162 matris
1142 1125 1291 1177 gravius
1323 1124 1556 1171 faciendum,
1579 1140 1698 1178 quam

314 1203 357 1232 ut
376 1194 442 1231 illa
461 1201 583 1230 matre
614 1206 661 1229 ne
682 1200 877 1230 uteretur:
909 1204 966 1235 ne,
1001 1205 1120 1243 quam
1154 1191 1279 1229 videre
1298 1192 1374 1229 sine
1394 1192 1547 1230 summo
1577 1193 1697 1231 animi

314 1260 443 1297 dolore
463 1272 539 1296 non
560 1266 720 1310 poterat,
752 1270 793 1295 ea
812 1257 838 1295 s1
864 1265 984 1295 matre
1005 1265 1186 1302 uteretur,
1221 1270 1300 1295 non
1319 1257 1445 1296 solum
1465 1258 1605 1304 videre,
1635 1258 1698 1296 sed

314 1327 430 1364 etiam
452 1324 609 1377 probare
627 1324 694 1362 suo
708 1323 871 1376 judicio,
893 1332 1101 1376 putaretur.

371 1391 535 1429 Initium
556 1390 660 1442 quod
680 1388 772 1427 huic
792 1403 884 1427 cum
905 1398 1025 1427 matre
1045 1389 1161 1428 fuerit
1181 1390 1398 1436 simultatis,
1414 1391 1580 1430 audistis.
1605 1392 1696 1430 Per-

315 1457 465 1496 tinuiffe
482 1456 557 1495 hoc
578 1456 808 1501 adcausam,
831 1465 938 1501 tunc,
969 1470 1061 1494 cum
1082 1457 1227 1509 reliqua
1246 1459 1516 1509 cognoveritis,
1550 1458 1696 1496 intelli-

315 1525 410 1576 getis
431 1539 439 1562 :
472 1538 562 1562 nam
582 1523 679 1561 illud
701 1536 763 1560 me
793 1536 869 1560 non
891 1523 1067 1575 praeterit,
1096 1523 1469 1576 cujusmodicunque
1500 1534 1619 1562 mater
1640 1525 1697 1570 s1t,

315 1601 444 1629 tamen
466 1592 504 1629 in
530 1590 679 1642 judicio
699 1589 770 1626 filii
791 1589 836 1626 de
858 1589 1095 1641 turpitudine
1127 1590 1290 1641 parentis
1322 1590 1399 1628 dici
1425 1591 1490 1628 vix
1509 1599 1696 1643 oportere.

316 1658 409 1695 Non
430 1657 541 1694 efl'em
574 1656 618 1693 ad
641 1655 759 1693 ullam
780 1655 929 1692 causam
950 1655 1123 1700 idoneus,
1146 1656 1317 1705 Judices,
1353 1656 1379 1694 fi
1399 1655 1501 1701 hoc,
1524 1657 1627 1708 quod
1657 1657 1697 1694 in

316 1722 592 1761 communibus
614 1721 822 1759 hominum
843 1720 1023 1765 senfibus‚
1055 1730 1169 1772 atque
1190 1722 1230 1758 in
1257 1721 1334 1773 ipsa
1353 1731 1497 1765 natura,
1531 1722 1697 1774 positum

316 1800 429 1842 atquc
453 1788 618 1827 infixum
638 1788 703 1832 est,
726 1788 762 1825 id
784 1801 869 1839 ego,
890 1801 982 1825 cum
997 1787 1041 1824 ad
1062 1787 1175 1824 amici
1196 1787 1365 1839 pericula
1385 1788 1606 1840 depellenda
1629 1790 1696 1826 ad-

316 1856 480 1900 hiberer,
503 1862 578 1892 n'on
601 1854 782 1891 viderem.
815 1853 943 1891 Facile
972 1853 1147 1905 intelligo
1178 1866 1255 1891 non
1290 1853 1407 1892 modo
1439 1854 1592 1892 reticere
1623 1854 1696 1893 ho-

317 1923 439 1959 mines
462 1929 661 1973 parentum
683 1920 853 1971 injurias,
876 1919 936 1956 sed
955 1920 1070 1957 etiam
1096 1919 1225 1957 animo
1246 1934 1353 1971 :rquo
1373 1919 1481 1964 ferre,
1510 1930 1695 1972 oportere.

318 1989 388 2027 scd
410 2002 479 2040 ego
501 2001 554 2031 ea,
577 2000 661 2038 quae
681 1985 768 2024 ferri
789 1985 954 2038 poffunt,
976 1985 1152 2031 fcrenda3
1185 2000 1269 2038 quae
1291 1987 1418 2032 taceri,
1439 1987 1607 2032 tacenda,
1629 1987 1698 2025 effe

318 2056 490 2092 arbitror.

372 2120 487 2158 Nihil
519 2120 558 2156 in
580 2120 655 2157 vita
685 2119 781 2157 vidit
800 2119 1025 2157 calamitatis
1045 2121 1095 2158 A.
1120 2120 1338 2165 Cluentius,
1371 2120 1524 2158 nullum
1546 2120 1697 2172 pericu—

318 2188 400 2225 lum
424 2187 557 2224 mortis
579 2186 684 2230 adiit,
718 2185 815 2223 nihil
846 2186 937 2224 mali
963 2187 1108 2231 timuit,
1140 2188 1245 2238 quod
1271 2201 1347 2225 non
1380 2196 1506 2224 totum
1528 2201 1547 2224 a
1580 2197 1699 2224 matre

318 2253 405 2291 cfl‘et
426 2252 634 2290 conflatum
655 2261 691 2288 et
712 2251 939 2304 profectum.
977 2253 1074 2304 Qae
1100 2251 1174 2290 hoc
1206 2263 1375 2305 tempore
1408 2253 1528 2290 sileret
1555 2254 1697 2297 omniu,

318 2330 430 2371 atque
450 2333 503 2364 ca,
535 2319 559 2356 fi
581 2318 776 2356 oblivione
797 2332 872 2356 non
902 2319 1034 2371 poffet,
1067 2329 1194 2357 tamen
1226 2320 1481 2357 taciturnitate
1513 2319 1574 2357 sua
1605 2322 1700 2357 teci-a

317 2385 386 2422 effe
417 2394 630 2437 pateretur:
669 2383 730 2422 sed
759 2398 801 2422 ca
831 2398 918 2422 vero
948 2385 996 2422 sic
1027 2385 1117 2437 agit,
1152 2395 1192 2423 ut
1225 2385 1373 2438 prorsus
1406 2385 1561 2423 reticere
1590 2385 1698 2422 nullo

316 2450 434 2488 modo
466 2450 588 2502 poffit.
622 2451 712 2489 Hoc
744 2450 849 2489 enim
882 2450 1232 2503 ipsumjudicium,
1264 2450 1337 2490 hoc
1366 2450 1596 2504 periculum,
1633 2450 1698 2486 illa
