2212 2835
496 187 569 235 223
950 181 1460 219 ORATIOI.

495 234 511 241 ⁹

494 299 649 342 propter
668 285 857 324 excellens
879 298 1014 322 eorum
1037 283 1240 336 ingenium
1257 312 1266 327 ,
1300 283 1375 320 vita
1402 282 1488 320 sunt
1509 296 1593 320 mea
1613 282 1773 321 cariores
1791 297 1800 321 ε
1833 292 1892 321 ta-

493 369 583 393 men
607 367 684 391 non
706 360 811 390 tanta
830 350 1025 403 voluptate
1048 359 1155 387 erant
1183 349 1369 402 suscepti,
1402 358 1543 401 quanta
1572 363 1675 386 nunc
1704 348 1791 386 sunt
1817 349 1893 386 res-

493 421 615 459 tituti.
639 418 757 458 Nihil
777 418 961 470 cuiquam
984 415 1060 454 fuit
1082 429 1255 468 unquam
1271 416 1500 467 jucundius,
1523 430 1641 468 quam
1662 413 1764 453 mihi
1785 428 1894 453 meus

493 487 634 525 frater:
668 499 745 524 non
767 494 846 522 tam
866 484 905 521 id
926 483 1133 521 sentiebam
1150 512 1159 527 ,
1192 496 1282 519 cum
1306 481 1481 526 fruebar,
1514 496 1632 534 quam
1655 491 1770 526 tunc,
1802 494 1894 519 cum

492 553 699 596 carebam3
732 560 770 588 et
790 550 1036 604 posteaquam
1057 562 1124 586 vos
1146 562 1209 586 me
1230 548 1301 592 illi,
1333 558 1369 585 et
1396 547 1495 586 mihi
1525 561 1630 592 eum,
1663 546 1893 585 reddidistis.

493 621 572 658 Res
593 618 794 657 familiaris
823 617 885 655 sua
913 628 1110 668 quemque
1134 614 1297 653 delectat
1315 629 1323 652 z
1358 614 1511 666 reliquae
1533 628 1628 653 mea:
1648 613 1812 652 fortunae
1833 627 1893 650 re-

493 695 680 739 cuperatae
702 685 788 738 plus
811 682 910 721 mihi
932 695 1036 719 nunc
1061 682 1270 734 voluptatis
1297 681 1485 726 afferunt,
1519 695 1635 734 quam
1666 692 1758 719 tunc
1785 681 1894 718 inco-

493 753 593 792 lumi
612 750 833 789 afferebant.
866 748 1079 791 Amicitiae‚
1107 747 1417 792 consuetudines,
1438 748 1667 792 vicinitates,
1690 746 1893 791 clientelae,

493 819 576 857 ludi
607 817 775 868 denique
810 824 848 852 et
880 814 960 851 dies
990 811 1096 858 festi,
1128 812 1225 865 quid
1256 811 1442 850 haberent
1472 813 1701 865 voluptatis,
1732 813 1896 851 carendo

492 885 616 937 magis
637 882 825 927 intellexi,
857 894 976 933 quam
998 878 1175 917 fruendo.

549 953 638 1003 Jam
673 963 761 987 vero
795 947 945 992 honos,
979 946 1174 999 dignitas,
1206 945 1343 990 locus,
1376 944 1469 982 ordo
1488 974 1498 989 ,
1530 944 1716 983 beneficia
1749 944 1895 989 vestra,

493 1030 717 1070 quanquam
738 1013 839 1054 mihi
860 1014 1009 1066 semper
1028 1011 1232 1051 clariffima
1251 1011 1327 1050 visa
1347 1011 1434 1050 sunt
1448 1041 1459 1057 ,
1491 1018 1634 1049 tamen'
1648 1025 1691 1049 ea
1710 1024 1815 1049 nunc
1835 1024 1897 1049 re-

494 1093 631 1122 novata
662 1082 868 1120 illustriora
895 1080 1089 1124 videntur,
1121 1092 1241 1131 quam
1269 1078 1296 1116 fi
1322 1079 1518 1117 obscurata
1545 1091 1623 1116 non
1649 1077 1782 1116 effent.
1815 1077 1898 1130 Ipsa

493 1161 623 1189 autem
643 1150 763 1203 patria
780 1178 790 1194 ,
824 1148 894 1186 Dii
919 1146 1158 1185 immortales
1179 1145 1185 1183 !
1219 1146 1298 1184 dici
1319 1146 1383 1183 vix
1404 1145 1526 1198 potest
1543 1176 1553 1191 ,
1585 1146 1680 1198 quid
1701 1145 1867 1184 caritatis
1884 1174 1897 1190 ,

492 1220 588 1272 quid
609 1217 831 1270 voluptatis,
853 1214 991 1253 habet!
1015 1228 1101 1267 quae
1122 1213 1262 1266 species
1285 1213 1425 1251 Italiae!
1451 1228 1536 1266 quae
1556 1214 1758 1252 celebritas
1779 1213 1897 1266 oppi-

493 1283 662 1323 dorum!
698 1297 783 1335 quae
818 1281 946 1320 forma
979 1279 1210 1333 regionum!
1250 1281 1319 1332 qui
1353 1280 1461 1332 agri!
1499 1295 1584 1332 quae
1618 1279 1774 1332 fruges!
1811 1293 1898 1332 quae

493 1350 747 1405 pulchritudo
783 1347 916 1386 urbis!
960 1361 1044 1399 quae
1078 1345 1301 1384 humanitas
1336 1345 1511 1383 civium!
1554 1360 1640 1398 quae
1675 1346 1898 1399 reipublicae

494 1419 661 1472 dignitas
679 1417 686 1455 l
711 1430 796 1469 quae
817 1415 935 1454 vestra
954 1414 1125 1466 majestas
1144 1412 1153 1450 !
1179 1413 1335 1465 Qibus
1357 1426 1427 1465 ego
1448 1413 1633 1451 omnibus
1654 1422 1764 1451 antea
1783 1412 1897 1451 rebus

494 1486 545 1524 fic
572 1485 737 1529 fruebar,
770 1492 813 1521 ut
839 1494 956 1520 nemo
987 1480 1139 1533 magis:
1171 1479 1248 1524 sed,
1281 1489 1467 1532 tanquam
1498 1480 1599 1517 bona
1627 1479 1806 1518 valetudo
1827 1479 1898 1531 ju-

492 1552 659 1591 cundior
679 1550 732 1588 est
752 1550 819 1594 eis,
851 1548 920 1601 qui
939 1561 962 1585 e
979 1547 1085 1600 gravi
1107 1546 1247 1585 morbo
1268 1547 1423 1584 recreati
1444 1546 1544 1591 sunt,
1567 1559 1685 1599 quam
1705 1546 1773 1598 qui
1794 1559 1899 1584 nun-

492 1633 612 1673 quam
649 1632 749 1671 aegro
784 1629 945 1670 corpore
976 1613 1164 1659 fuerunt;
1197 1613 1248 1652 fic
1281 1627 1324 1652 ea
1358 1614 1490 1652 omnia
1523 1611 1725 1652 defiderata
1759 1613 1897 1666 magiS‚

492 1701 612 1740 quam
633 1685 773 1723 affidue
793 1692 986 1737 percepta,
1018 1681 1223 1720 delectant.

551 1755 603 1793 ΙΙ.
637 1751 836 1804 Qorsum
868 1751 989 1803 igitur
1019 1747 1101 1786 haec
1133 1747 1318 1799 disputo?
1351 1747 1566 1799 quorsum?
1606 1756 1647 1785 ut
1681 1747 1898 1799 intelligere

495 1821 655 1876 poffiti8‚
687 1819 888 1857 neminem
920 1828 1094 1867 unquam
1126 1823 1230 1852 tanta
1257 1813 1478 1865 eloquentia
1506 1813 1628 1858 fuiffe,
1661 1827 1786 1866 neque
1815 1822 1897 1852 tam

495 1887 628 1926 divino
648 1894 762 1937 atque
783 1882 1004 1921 incredibili
1024 1894 1162 1934 genere
1183 1880 1350 1925 dicendi,
1379 1880 1448 1932 qui
1469 1880 1677 1918 vestrorum
1697 1880 1896 1933 magnitu-

494 1955 628 1992 dinem
658 1951 1036 2001 multitudinemque
1066 1947 1359 1993 beneficiorum,
1391 1961 1476 2000 quae
1503 1948 1543 1985 in
1571 1961 1635 1985 me
1660 1946 1898 2000 fratremque

495 2034 652 2064 meum,
683 2027 721 2056 et
755 2018 895 2056 liberos
932 2016 1096 2061 nostros,
1128 2015 1364 2060 contulistis,
1397 2028 1475 2053 non
1510 2015 1628 2052 modo
1661 2028 1798 2067 augere
1831 2022 1897 2052 aut

495 2101 627 2126 ornare
647 2085 844 2130 oratione,
876 2084 937 2122 sed
957 2096 1181 2121 enumerare
1201 2091 1267 2120 aut
1292 2082 1501 2135 consequi,
1533 2081 1659 2134 poffit.
1692 2084 1728 2119 A
1757 2095 1895 2134 paren-
1946 2122 1949 2124 ,

496 2155 621 2199 tibus,
654 2153 693 2190 id
725 2152 829 2205 quod
862 2151 1004 2189 neceffe
1035 2159 1138 2195 erat,
1170 2163 1306 2203 parvus
1338 2149 1421 2187 sum
1455 2158 1702 2201 procreatus:
1734 2162 1755 2186 a
1786 2148 1895 2186 vobis

497 2231 607 2260 natus
629 2220 713 2258 sum
734 2218 955 2257 consularis.
989 2217 1053 2256 Illi
1075 2216 1175 2255 mihi
1195 2215 1353 2255 fratrem
1374 2216 1619 2269 incognitum
1636 2245 1646 2261 ‚
1678 2215 1801 2268 qualis
1828 2213 1895 2252 fu·-

498 2300 606 2328 turus
626 2287 728 2332 effet,
759 2286 945 2324 dederunt
963 2300 972 2324 z
1005 2298 1070 2323 vos
1091 2284 1318 2338 spectatum,
1341 2293 1378 2321 et
1398 2283 1618 2321 incredibili
1639 2283 1780 2336 pietate
1800 2294 1895 2334 cog-

499 2356 626 2393 nitum
642 2384 652 2400 ‚
684 2352 912 2392 reddidistis.
945 2351 1248 2405 Rempublicam
1273 2350 1350 2388 illis
1371 2351 1501 2403 accepi
1523 2347 1763 2402 temporibus
1784 2360 1867 2385 eam
1881 2375 1894 2392 ,

499 2435 584 2473 quae
603 2434 700 2474 pene
721 2419 850 2458 amiffa
869 2418 948 2457 est:
981 2431 1002 2456 a
1021 2418 1129 2457 vobis
1156 2431 1240 2457 eam
1268 2417 1511 2470 recuperavi,
1543 2429 1661 2469 quam
1688 2412 1895 2467 aliquando

495 2501 633 2527 omnes
665 2487 779 2526 unius
811 2500 925 2541 opera
952 2485 1135 2525 servatam
1159 2485 1399 2539 judicarunt.
1433 2484 1503 2522 Dii
1529 2481 1767 2522 immortales
1794 2476 1895 2534 mihi
