<?xml version="1.0" encoding="UTF-8"?>
<!DOCTYPE html PUBLIC "-//W3C//DTD XHTML 1.0 Transitional//EN"
    "http://www.w3.org/TR/xhtml1/DTD/xhtml1-transitional.dtd">
<html xmlns="http://www.w3.org/1999/xhtml" xml:lang="en" lang="en">
 <head>
  <title>
</title>
<meta http-equiv="Content-Type" content="text/html;charset=utf-8" />
  <meta name='ocr-system' content='tesseract 3.04.00' />
  <meta name='ocr-capabilities' content='ocr_page ocr_carea ocr_par ocr_line ocrx_word'/>
</head>
<body>
  <div class='ocr_page' id='page_1' title='image "./operacumindicibu05ciceuoft_0062.png"; bbox 0 0 2212 2835; ppageno 0'>
   <div class='ocr_carea' id='block_1_1' title="bbox 354 197 1246 255">
    <p class='ocr_par' dir='ltr' id='par_1_1' title="bbox 354 197 1246 255">
     <span class='ocr_line' id='line_1_1' title="bbox 354 197 1246 255; baseline -0.007 -15"><span class='ocrx_word' id='word_1_1' title='bbox 354 214 406 255; x_wconf 81' lang='lat'>54</span> <span class='ocrx_word' id='word_1_2' title='bbox 847 197 1246 237; x_wconf 79' lang='lat' dir='ltr'><strong>ORATIO</strong></span> 
     </span>
    </p>
   </div>
   <div class='ocr_carea' id='block_1_2' title="bbox 342 294 1737 2514">
    <p class='ocr_par' dir='ltr' id='par_1_2' title="bbox 348 294 1734 680">
     <span class='ocr_line' id='line_1_2' title="bbox 348 294 1733 346; baseline -0.003 -8"><span class='ocrx_word' id='word_1_3' title='bbox 348 300 530 338; x_wconf 88' lang='lat' dir='ltr'>omnium</span> <span class='ocrx_word' id='word_1_4' title='bbox 564 297 805 335; x_wconf 85' lang='lat' dir='ltr'>fortunarum</span> <span class='ocrx_word' id='word_1_5' title='bbox 840 295 952 333; x_wconf 87' lang='lat' dir='ltr'>status</span> <span class='ocrx_word' id='word_1_6' title='bbox 988 294 1196 332; x_wconf 88' lang='lat' dir='ltr'>incolumis</span> <span class='ocrx_word' id='word_1_7' title='bbox 1231 302 1415 332; x_wconf 85' lang='lat' dir='ltr'>maneret.</span> <span class='ocrx_word' id='word_1_8' title='bbox 1463 294 1570 346; x_wconf 85' lang='lat' dir='ltr'>Qid</span> <span class='ocrx_word' id='word_1_9' title='bbox 1603 304 1733 334; x_wconf 83' lang='lat' dir='ltr'>contra</span> 
     </span>
     <span class='ocr_line' id='line_1_3' title="bbox 350 360 1734 414; baseline -0.004 -11"><span class='ocrx_word' id='word_1_10' title='bbox 350 366 466 403; x_wconf 85' lang='lat' dir='ltr'>reus?</span> <span class='ocrx_word' id='word_1_11' title='bbox 499 364 690 407; x_wconf 86' lang='lat' dir='ltr'>Primum,</span> <span class='ocrx_word' id='word_1_12' title='bbox 724 361 842 414; x_wconf 74' lang='lat' dir='ltr'>ipsam</span> <span class='ocrx_word' id='word_1_13' title='bbox 874 360 1170 398; x_wconf 83' lang='lat' dir='ltr'>multitudinem</span> <span class='ocrx_word' id='word_1_14' title='bbox 1201 370 1239 398; x_wconf 88' lang='lat' dir='ltr'>et</span> <span class='ocrx_word' id='word_1_15' title='bbox 1266 361 1503 398; x_wconf 85' lang='lat' dir='ltr'>atrocitatem</span> <span class='ocrx_word' id='word_1_16' title='bbox 1523 360 1734 398; x_wconf 90' lang='lat' dir='ltr'>criminum</span> 
     </span>
     <span class='ocr_line' id='line_1_4' title="bbox 349 426 1732 483; baseline -0.003 -15"><span class='ocrx_word' id='word_1_17' title='bbox 349 429 685 483; x_wconf 84' lang='lat' dir='ltr'>pertimescebam:</span> <span class='ocrx_word' id='word_1_18' title='bbox 709 427 859 472; x_wconf 91' lang='lat' dir='ltr'>deinde,</span> <span class='ocrx_word' id='word_1_19' title='bbox 879 427 1064 465; x_wconf 82' lang='lat' dir='ltr'>Fabriciis</span> <span class='ocrx_word' id='word_1_20' title='bbox 1085 436 1239 479; x_wconf 90' lang='lat' dir='ltr'>propter</span> <span class='ocrx_word' id='word_1_21' title='bbox 1258 426 1533 464; x_wconf 87' lang='lat' dir='ltr'>conscientiam</span> <span class='ocrx_word' id='word_1_22' title='bbox 1555 427 1630 464; x_wconf 90' lang='lat' dir='ltr'>mei</span> <span class='ocrx_word' id='word_1_23' title='bbox 1652 426 1732 464; x_wconf 92' lang='lat' dir='ltr'>sce-</span> 
     </span>
     <span class='ocr_line' id='line_1_5' title="bbox 349 493 1734 546; baseline -0.004 -11"><span class='ocrx_word' id='word_1_24' title='bbox 349 498 436 535; x_wconf 84' lang='lat' dir='ltr'>leris</span> <span class='ocrx_word' id='word_1_25' title='bbox 457 496 735 540; x_wconf 89' lang='lat' dir='ltr'>condemnatis,</span> <span class='ocrx_word' id='word_1_26' title='bbox 765 508 827 533; x_wconf 89' lang='lat' dir='ltr'>me</span> <span class='ocrx_word' id='word_1_27' title='bbox 847 494 917 532; x_wconf 80' lang='lat' dir='ltr'>effe</span> <span class='ocrx_word' id='word_1_28' title='bbox 935 494 1239 532; x_wconf 88' lang='lat' dir='ltr'>condemnatum</span> <span class='ocrx_word' id='word_1_29' title='bbox 1260 493 1467 531; x_wconf 85' lang='lat' dir='ltr'>sentiebam</span> <span class='ocrx_word' id='word_1_30' title='bbox 1485 508 1493 531; x_wconf 73' lang='grc' dir='ltr'>ε</span> <span class='ocrx_word' id='word_1_31' title='bbox 1529 493 1734 546; x_wconf 88' lang='lat' dir='ltr'>postremo,</span> 
     </span>
     <span class='ocr_line' id='line_1_6' title="bbox 349 558 1734 605; baseline -0.003 -5"><span class='ocrx_word' id='word_1_32' title='bbox 349 564 390 600; x_wconf 93' lang='lat' dir='ltr'>in</span> <span class='ocrx_word' id='word_1_33' title='bbox 411 576 501 600; x_wconf 87' lang='lat' dir='ltr'>eum</span> <span class='ocrx_word' id='word_1_34' title='bbox 527 561 655 599; x_wconf 85' lang='lat' dir='ltr'>casum</span> <span class='ocrx_word' id='word_1_35' title='bbox 685 574 875 605; x_wconf 88' lang='lat' dir='ltr'>veneram,</span> <span class='ocrx_word' id='word_1_36' title='bbox 907 569 950 597; x_wconf 91' lang='lat' dir='ltr'>ut</span> <span class='ocrx_word' id='word_1_37' title='bbox 979 561 1107 597; x_wconf 85' lang='lat' dir='ltr'>omnis</span> <span class='ocrx_word' id='word_1_38' title='bbox 1141 573 1315 598; x_wconf 87' lang='lat' dir='ltr'>mearum</span> <span class='ocrx_word' id='word_1_39' title='bbox 1343 558 1586 598; x_wconf 88' lang='lat' dir='ltr'>fortunarum</span> <span class='ocrx_word' id='word_1_40' title='bbox 1620 558 1734 596; x_wconf 83' lang='lat' dir='ltr'>status</span> 
     </span>
     <span class='ocr_line' id='line_1_7' title="bbox 349 626 1105 680; baseline -0.003 -14"><span class='ocrx_word' id='word_1_41' title='bbox 349 629 462 667; x_wconf 85' lang='lat' dir='ltr'>unius</span> <span class='ocrx_word' id='word_1_42' title='bbox 478 627 618 680; x_wconf 90' lang='lat' dir='ltr'>judicii</span> <span class='ocrx_word' id='word_1_43' title='bbox 638 627 812 679; x_wconf 89' lang='lat' dir='ltr'>periculo</span> <span class='ocrx_word' id='word_1_44' title='bbox 829 626 1105 664; x_wconf 87' lang='lat' dir='ltr'>contineretur.</span> 
     </span>
    </p>

    <p class='ocr_par' dir='ltr' id='par_1_3' title="bbox 348 691 1737 1466">
     <span class='ocr_line' id='line_1_8' title="bbox 404 691 1734 745; baseline -0.002 -15"><span class='ocrx_word' id='word_1_45' title='bbox 404 695 503 745; x_wconf 86' lang='lat' dir='ltr'>Age,</span> <span class='ocrx_word' id='word_1_46' title='bbox 536 693 719 745; x_wconf 88' lang='lat' dir='ltr'>quoniam</span> <span class='ocrx_word' id='word_1_47' title='bbox 743 691 1015 744; x_wconf 89' lang='lat' dir='ltr'>corrumpendi</span> <span class='ocrx_word' id='word_1_48' title='bbox 1039 691 1180 743; x_wconf 89' lang='lat' dir='ltr'>judicii</span> <span class='ocrx_word' id='word_1_49' title='bbox 1199 691 1323 729; x_wconf 84' lang='lat' dir='ltr'>causas</span> <span class='ocrx_word' id='word_1_50' title='bbox 1344 691 1409 728; x_wconf 88' lang='lat' dir='ltr'>ille</span> <span class='ocrx_word' id='word_1_51' title='bbox 1429 691 1569 728; x_wconf 86' lang='lat' dir='ltr'>multas</span> <span class='ocrx_word' id='word_1_52' title='bbox 1591 699 1628 728; x_wconf 89' lang='lat' dir='ltr'>et</span> <span class='ocrx_word' id='word_1_53' title='bbox 1647 702 1734 742; x_wconf 83' lang='lat' dir='ltr'>gra-</span> 
     </span>
     <span class='ocr_line' id='line_1_9' title="bbox 349 755 1732 809; baseline -0.004 -12"><span class='ocrx_word' id='word_1_54' title='bbox 349 771 412 797; x_wconf 88' lang='lat' dir='ltr'>ves</span> <span class='ocrx_word' id='word_1_55' title='bbox 444 757 594 802; x_wconf 86' lang='lat' dir='ltr'>habuit,</span> <span class='ocrx_word' id='word_1_56' title='bbox 630 755 695 794; x_wconf 92' lang='lat' dir='ltr'>hic</span> <span class='ocrx_word' id='word_1_57' title='bbox 727 757 875 794; x_wconf 90' lang='lat' dir='ltr'>nullam</span> <span class='ocrx_word' id='word_1_58' title='bbox 891 774 904 801; x_wconf 75' lang='lat'>5</span> <span class='ocrx_word' id='word_1_59' title='bbox 935 755 1122 808; x_wconf 59' lang='lat' dir='ltr'>profectio</span> <span class='ocrx_word' id='word_1_60' title='bbox 1154 757 1268 809; x_wconf 85' lang='lat' dir='ltr'>ipsius</span> <span class='ocrx_word' id='word_1_61' title='bbox 1300 756 1471 808; x_wconf 88' lang='lat' dir='ltr'>pecuniae</span> <span class='ocrx_word' id='word_1_62' title='bbox 1505 756 1732 807; x_wconf 84' lang='lat' dir='ltr'>requiratur.</span> 
     </span>
     <span class='ocr_line' id='line_1_10' title="bbox 351 819 1736 874; baseline -0.003 -12"><span class='ocrx_word' id='word_1_63' title='bbox 351 823 532 862; x_wconf 89' lang='lat' dir='ltr'>Confecit</span> <span class='ocrx_word' id='word_1_64' title='bbox 553 822 697 860; x_wconf 82' lang='lat' dir='ltr'>tabulas</span> <span class='ocrx_word' id='word_1_65' title='bbox 719 821 1005 874; x_wconf 86' lang='lat' dir='ltr'>diligentiffime</span> <span class='ocrx_word' id='word_1_66' title='bbox 1026 821 1230 860; x_wconf 88' lang='lat' dir='ltr'>Cluentius</span> <span class='ocrx_word' id='word_1_67' title='bbox 1249 836 1258 859; x_wconf 92' lang='grc'>;</span> <span class='ocrx_word' id='word_1_68' title='bbox 1290 820 1372 859; x_wconf 82' lang='lat' dir='ltr'>haec</span> <span class='ocrx_word' id='word_1_69' title='bbox 1392 831 1520 860; x_wconf 83' lang='lat' dir='ltr'>autem</span> <span class='ocrx_word' id='word_1_70' title='bbox 1542 834 1598 858; x_wconf 90' lang='lat' dir='ltr'>res</span> <span class='ocrx_word' id='word_1_71' title='bbox 1619 819 1736 858; x_wconf 88' lang='lat' dir='ltr'>habet</span> 
     </span>
     <span class='ocr_line' id='line_1_11' title="bbox 348 886 1736 940; baseline -0.003 -13"><span class='ocrx_word' id='word_1_72' title='bbox 348 888 424 927; x_wconf 87' lang='lat' dir='ltr'>hoc</span> <span class='ocrx_word' id='word_1_73' title='bbox 445 897 557 933; x_wconf 90' lang='lat' dir='ltr'>certe,</span> <span class='ocrx_word' id='word_1_74' title='bbox 580 897 622 926; x_wconf 91' lang='lat' dir='ltr'>ut</span> <span class='ocrx_word' id='word_1_75' title='bbox 642 886 740 926; x_wconf 85' lang='lat' dir='ltr'>nihil</span> <span class='ocrx_word' id='word_1_76' title='bbox 762 887 886 940; x_wconf 87' lang='lat' dir='ltr'>poffit‚</span> <span class='ocrx_word' id='word_1_77' title='bbox 908 901 1031 939; x_wconf 91' lang='lat' dir='ltr'>neque</span> <span class='ocrx_word' id='word_1_78' title='bbox 1051 887 1241 931; x_wconf 86' lang='lat' dir='ltr'>additum,</span> <span class='ocrx_word' id='word_1_79' title='bbox 1259 900 1382 939; x_wconf 88' lang='lat' dir='ltr'>neque</span> <span class='ocrx_word' id='word_1_80' title='bbox 1398 887 1610 925; x_wconf 66' lang='lat' dir='ltr'>detractum</span> <span class='ocrx_word' id='word_1_81' title='bbox 1631 886 1677 923; x_wconf 92' lang='lat' dir='ltr'>de</span> <span class='ocrx_word' id='word_1_82' title='bbox 1697 898 1736 923; x_wconf 89' lang='lat' dir='ltr'>re</span> 
     </span>
     <span class='ocr_line' id='line_1_12' title="bbox 348 950 1734 998; baseline -0.003 -7"><span class='ocrx_word' id='word_1_83' title='bbox 348 954 545 998; x_wconf 75' lang='lat' dir='ltr'>familiari,</span> <span class='ocrx_word' id='word_1_84' title='bbox 565 953 694 991; x_wconf 89' lang='lat' dir='ltr'>latere.</span> <span class='ocrx_word' id='word_1_85' title='bbox 726 953 833 990; x_wconf 91' lang='lat' dir='ltr'>Anni</span> <span class='ocrx_word' id='word_1_86' title='bbox 853 952 939 990; x_wconf 90' lang='lat' dir='ltr'>sunt</span> <span class='ocrx_word' id='word_1_87' title='bbox 959 954 1059 997; x_wconf 64' lang='lat' dir='ltr'>octo,</span> <span class='ocrx_word' id='word_1_88' title='bbox 1090 965 1183 990; x_wconf 90' lang='lat' dir='ltr'>cum</span> <span class='ocrx_word' id='word_1_89' title='bbox 1204 952 1270 989; x_wconf 91' lang='lat' dir='ltr'>ista</span> <span class='ocrx_word' id='word_1_90' title='bbox 1296 952 1404 989; x_wconf 88' lang='lat' dir='ltr'>causa</span> <span class='ocrx_word' id='word_1_91' title='bbox 1424 952 1464 989; x_wconf 91' lang='lat' dir='ltr'>in</span> <span class='ocrx_word' id='word_1_92' title='bbox 1484 951 1551 988; x_wconf 89' lang='lat' dir='ltr'>ista</span> <span class='ocrx_word' id='word_1_93' title='bbox 1570 950 1734 988; x_wconf 85' lang='lat' dir='ltr'>medita-</span> 
     </span>
     <span class='ocr_line' id='line_1_13' title="bbox 349 1017 1737 1070; baseline -0.003 -12"><span class='ocrx_word' id='word_1_94' title='bbox 349 1021 453 1058; x_wconf 88' lang='lat' dir='ltr'>tione</span> <span class='ocrx_word' id='word_1_95' title='bbox 473 1019 636 1057; x_wconf 84' lang='lat' dir='ltr'>versatur</span> <span class='ocrx_word' id='word_1_96' title='bbox 647 1036 659 1063; x_wconf 67' lang='grc' dir='ltr'><strong><em>ς</em></strong></span> <span class='ocrx_word' id='word_1_97' title='bbox 691 1031 783 1055; x_wconf 90' lang='lat' dir='ltr'>curn</span> <span class='ocrx_word' id='word_1_98' title='bbox 801 1018 946 1062; x_wconf 87' lang='lat' dir='ltr'>omnia,</span> <span class='ocrx_word' id='word_1_99' title='bbox 968 1030 1053 1069; x_wconf 89' lang='lat' dir='ltr'>quae</span> <span class='ocrx_word' id='word_1_100' title='bbox 1073 1031 1176 1055; x_wconf 89' lang='lat' dir='ltr'>nunc</span> <span class='ocrx_word' id='word_1_101' title='bbox 1197 1017 1244 1054; x_wconf 90' lang='lat' dir='ltr'>ad</span> <span class='ocrx_word' id='word_1_102' title='bbox 1263 1030 1347 1055; x_wconf 89' lang='lat' dir='ltr'>earn</span> <span class='ocrx_word' id='word_1_103' title='bbox 1368 1031 1450 1055; x_wconf 90' lang='lat' dir='ltr'>rem</span> <span class='ocrx_word' id='word_1_104' title='bbox 1471 1017 1677 1070; x_wconf 87' lang='lat' dir='ltr'>pertinent,</span> <span class='ocrx_word' id='word_1_105' title='bbox 1698 1024 1737 1054; x_wconf 89' lang='lat' dir='ltr'>et</span> 
     </span>
     <span class='ocr_line' id='line_1_14' title="bbox 348 1083 1736 1137; baseline -0.002 -14"><span class='ocrx_word' id='word_1_106' title='bbox 348 1099 395 1124; x_wconf 82' lang='lat' dir='ltr'>ex</span> <span class='ocrx_word' id='word_1_107' title='bbox 414 1085 528 1137; x_wconf 88' lang='lat' dir='ltr'>hujus</span> <span class='ocrx_word' id='word_1_108' title='bbox 544 1093 581 1122; x_wconf 92' lang='lat' dir='ltr'>et</span> <span class='ocrx_word' id='word_1_109' title='bbox 600 1097 647 1122; x_wconf 81' lang='lat' dir='ltr'>ex</span> <span class='ocrx_word' id='word_1_110' title='bbox 667 1083 831 1122; x_wconf 89' lang='lat' dir='ltr'>aliorum</span> <span class='ocrx_word' id='word_1_111' title='bbox 853 1083 1006 1128; x_wconf 90' lang='lat' dir='ltr'>tabulis,</span> <span class='ocrx_word' id='word_1_112' title='bbox 1024 1084 1189 1135; x_wconf 86' lang='lat' dir='ltr'>agitatis,</span> <span class='ocrx_word' id='word_1_113' title='bbox 1203 1084 1383 1128; x_wconf 68' lang='lat' dir='ltr'>tractatis,</span> <span class='ocrx_word' id='word_1_114' title='bbox 1398 1083 1593 1135; x_wconf 87' lang='lat' dir='ltr'>inquiritis</span> <span class='ocrx_word' id='word_1_115' title='bbox 1606 1101 1619 1128; x_wconf 77' lang='lat'>3</span> <span class='ocrx_word' id='word_1_116' title='bbox 1642 1096 1736 1121; x_wconf 91' lang='lat' dir='ltr'>cum</span> 
     </span>
     <span class='ocr_line' id='line_1_15' title="bbox 348 1148 1734 1202; baseline -0.003 -12"><span class='ocrx_word' id='word_1_117' title='bbox 348 1153 491 1190; x_wconf 90' lang='lat' dir='ltr'>interea</span> <span class='ocrx_word' id='word_1_118' title='bbox 511 1150 750 1189; x_wconf 71' lang='lat' dir='ltr'>Cluentianae</span> <span class='ocrx_word' id='word_1_119' title='bbox 769 1149 941 1202; x_wconf 88' lang='lat' dir='ltr'>pecuniae</span> <span class='ocrx_word' id='word_1_120' title='bbox 961 1148 1163 1201; x_wconf 89' lang='lat' dir='ltr'>vestigium</span> <span class='ocrx_word' id='word_1_121' title='bbox 1195 1149 1349 1187; x_wconf 91' lang='lat' dir='ltr'>nullum</span> <span class='ocrx_word' id='word_1_122' title='bbox 1369 1149 1563 1187; x_wconf 88' lang='lat' dir='ltr'>invenitis.</span> <span class='ocrx_word' id='word_1_123' title='bbox 1597 1148 1734 1201; x_wconf 80' lang='lat' dir='ltr'>Qid?</span> 
     </span>
     <span class='ocr_line' id='line_1_16' title="bbox 349 1214 1734 1268; baseline -0.002 -13"><span class='ocrx_word' id='word_1_124' title='bbox 349 1217 514 1255; x_wconf 89' lang='lat' dir='ltr'>Albiana</span> <span class='ocrx_word' id='word_1_125' title='bbox 534 1215 695 1268; x_wconf 87' lang='lat' dir='ltr'>pecunia</span> <span class='ocrx_word' id='word_1_126' title='bbox 714 1214 925 1267; x_wconf 85' lang='lat' dir='ltr'>vestigiisne</span> <span class='ocrx_word' id='word_1_127' title='bbox 945 1215 1055 1252; x_wconf 85' lang='lat' dir='ltr'>nobis</span> <span class='ocrx_word' id='word_1_128' title='bbox 1076 1214 1266 1253; x_wconf 89' lang='lat' dir='ltr'>odoranda</span> <span class='ocrx_word' id='word_1_129' title='bbox 1285 1214 1352 1260; x_wconf 89' lang='lat' dir='ltr'>est,</span> <span class='ocrx_word' id='word_1_130' title='bbox 1382 1228 1429 1252; x_wconf 88' lang='lat' dir='ltr'>an</span> <span class='ocrx_word' id='word_1_131' title='bbox 1450 1214 1496 1252; x_wconf 91' lang='lat' dir='ltr'>ad</span> <span class='ocrx_word' id='word_1_132' title='bbox 1515 1214 1642 1267; x_wconf 88' lang='lat' dir='ltr'>ipsum</span> <span class='ocrx_word' id='word_1_133' title='bbox 1662 1227 1734 1252; x_wconf 90' lang='lat' dir='ltr'>cu-</span> 
     </span>
     <span class='ocr_line' id='line_1_17' title="bbox 349 1279 1736 1332; baseline -0.001 -13"><span class='ocrx_word' id='word_1_134' title='bbox 349 1282 441 1326; x_wconf 88' lang='lat' dir='ltr'>bile,</span> <span class='ocrx_word' id='word_1_135' title='bbox 470 1281 578 1319; x_wconf 88' lang='lat' dir='ltr'>vobis</span> <span class='ocrx_word' id='word_1_136' title='bbox 611 1280 788 1325; x_wconf 90' lang='lat' dir='ltr'>ducibus,</span> <span class='ocrx_word' id='word_1_137' title='bbox 824 1280 951 1318; x_wconf 88' lang='lat' dir='ltr'>venire</span> <span class='ocrx_word' id='word_1_138' title='bbox 981 1279 1207 1332; x_wconf 86' lang='lat' dir='ltr'>poffumus?</span> <span class='ocrx_word' id='word_1_139' title='bbox 1239 1280 1441 1318; x_wconf 90' lang='lat' dir='ltr'>Tenentur</span> <span class='ocrx_word' id='word_1_140' title='bbox 1472 1293 1549 1318; x_wconf 91' lang='lat' dir='ltr'>uno</span> <span class='ocrx_word' id='word_1_141' title='bbox 1579 1280 1620 1317; x_wconf 90' lang='lat' dir='ltr'>in</span> <span class='ocrx_word' id='word_1_142' title='bbox 1649 1279 1736 1317; x_wconf 91' lang='lat' dir='ltr'>loco</span> 
     </span>
     <span class='ocr_line' id='line_1_18' title="bbox 350 1344 1736 1397; baseline -0.001 -12"><span class='ocrx_word' id='word_1_143' title='bbox 350 1348 441 1385; x_wconf 91' lang='lat' dir='ltr'>H-S</span> <span class='ocrx_word' id='word_1_144' title='bbox 465 1359 624 1385; x_wconf 68' lang='lat' dir='ltr'>IQCXL:</span> <span class='ocrx_word' id='word_1_145' title='bbox 657 1354 834 1383; x_wconf 89' lang='lat' dir='ltr'>tenentur</span> <span class='ocrx_word' id='word_1_146' title='bbox 864 1344 965 1397; x_wconf 90' lang='lat' dir='ltr'>apud</span> <span class='ocrx_word' id='word_1_147' title='bbox 984 1344 1187 1383; x_wconf 89' lang='lat' dir='ltr'>hominem</span> <span class='ocrx_word' id='word_1_148' title='bbox 1207 1345 1522 1384; x_wconf 86' lang='lat' dir='ltr'>audaciffimum:</span> <span class='ocrx_word' id='word_1_149' title='bbox 1558 1353 1736 1383; x_wconf 88' lang='lat' dir='ltr'>tenentur</span> 
     </span>
     <span class='ocr_line' id='line_1_19' title="bbox 349 1410 1149 1466; baseline -0.003 -16"><span class='ocrx_word' id='word_1_150' title='bbox 349 1413 449 1466; x_wconf 89' lang='lat' dir='ltr'>apud</span> <span class='ocrx_word' id='word_1_151' title='bbox 464 1412 652 1464; x_wconf 86' lang='lat' dir='ltr'>judicem.</span> <span class='ocrx_word' id='word_1_152' title='bbox 685 1410 794 1462; x_wconf 86' lang='lat' dir='ltr'>Qid</span> <span class='ocrx_word' id='word_1_153' title='bbox 813 1410 931 1448; x_wconf 88' lang='lat' dir='ltr'>vultis</span> <span class='ocrx_word' id='word_1_154' title='bbox 951 1411 1117 1463; x_wconf 89' lang='lat' dir='ltr'>amplius</span> <span class='ocrx_word' id='word_1_155' title='bbox 1137 1412 1149 1448; x_wconf 92' lang='lat'>?</span> 
     </span>
    </p>

    <p class='ocr_par' dir='ltr' id='par_1_4' title="bbox 342 1476 1735 1925">
     <span class='ocr_line' id='line_1_20' title="bbox 404 1476 1735 1530; baseline -0.002 -13"><span class='ocrx_word' id='word_1_156' title='bbox 404 1480 459 1518; x_wconf 85' lang='lat' dir='ltr'>At</span> <span class='ocrx_word' id='word_1_157' title='bbox 477 1479 581 1516; x_wconf 91' lang='lat' dir='ltr'>enim</span> <span class='ocrx_word' id='word_1_158' title='bbox 604 1477 776 1515; x_wconf 81' lang='lat' dir='ltr'>Stalenus</span> <span class='ocrx_word' id='word_1_159' title='bbox 797 1491 875 1516; x_wconf 92' lang='lat' dir='ltr'>non</span> <span class='ocrx_word' id='word_1_160' title='bbox 895 1476 971 1514; x_wconf 86' lang='lat' dir='ltr'>fuit</span> <span class='ocrx_word' id='word_1_161' title='bbox 1001 1477 1048 1515; x_wconf 89' lang='lat' dir='ltr'>ab</span> <span class='ocrx_word' id='word_1_162' title='bbox 1071 1477 1303 1530; x_wconf 89' lang='lat' dir='ltr'>Oppianico,</span> <span class='ocrx_word' id='word_1_163' title='bbox 1332 1477 1392 1516; x_wconf 91' lang='lat' dir='ltr'>sed</span> <span class='ocrx_word' id='word_1_164' title='bbox 1418 1491 1438 1515; x_wconf 89' lang='lat' dir='ltr'>a</span> <span class='ocrx_word' id='word_1_165' title='bbox 1458 1477 1658 1522; x_wconf 90' lang='lat' dir='ltr'>Cluentio,</span> <span class='ocrx_word' id='word_1_166' title='bbox 1687 1477 1735 1515; x_wconf 88' lang='lat' dir='ltr'>ad</span> 
     </span>
     <span class='ocr_line' id='line_1_21' title="bbox 342 1542 1733 1597; baseline -0.002 -14"><span class='ocrx_word' id='word_1_167' title='bbox 342 1545 538 1597; x_wconf 80' lang='lat' dir='ltr'>judicium</span> <span class='ocrx_word' id='word_1_168' title='bbox 558 1543 884 1595; x_wconf 83' lang='lat' dir='ltr'>corrumpendum</span> <span class='ocrx_word' id='word_1_169' title='bbox 915 1542 1159 1580; x_wconf 87' lang='lat' dir='ltr'>constitutus.</span> <span class='ocrx_word' id='word_1_170' title='bbox 1192 1544 1273 1581; x_wconf 89' lang='lat' dir='ltr'>Cur</span> <span class='ocrx_word' id='word_1_171' title='bbox 1291 1557 1396 1588; x_wconf 90' lang='lat' dir='ltr'>eum,</span> <span class='ocrx_word' id='word_1_172' title='bbox 1429 1557 1520 1582; x_wconf 90' lang='lat' dir='ltr'>cum</span> <span class='ocrx_word' id='word_1_173' title='bbox 1547 1544 1588 1582; x_wconf 90' lang='lat' dir='ltr'>in</span> <span class='ocrx_word' id='word_1_174' title='bbox 1608 1543 1733 1581; x_wconf 83' lang='lat' dir='ltr'>Consl-</span> 
     </span>
     <span class='ocr_line' id='line_1_22' title="bbox 348 1608 1733 1661; baseline -0.001 -14"><span class='ocrx_word' id='word_1_175' title='bbox 348 1610 447 1648; x_wconf 85' lang='lat' dir='ltr'>lium</span> <span class='ocrx_word' id='word_1_176' title='bbox 478 1610 607 1654; x_wconf 89' lang='lat' dir='ltr'>iretur,</span> <span class='ocrx_word' id='word_1_177' title='bbox 655 1608 859 1646; x_wconf 86' lang='lat' dir='ltr'>Cluentius</span> <span class='ocrx_word' id='word_1_178' title='bbox 890 1616 927 1645; x_wconf 93' lang='lat' dir='ltr'>et</span> <span class='ocrx_word' id='word_1_179' title='bbox 954 1608 1143 1646; x_wconf 85' lang='lat' dir='ltr'>Canutius</span> <span class='ocrx_word' id='word_1_180' title='bbox 1175 1608 1293 1646; x_wconf 85' lang='lat' dir='ltr'>abeffe</span> <span class='ocrx_word' id='word_1_181' title='bbox 1324 1609 1590 1661; x_wconf 88' lang='lat' dir='ltr'>patiebantur?</span> <span class='ocrx_word' id='word_1_182' title='bbox 1637 1610 1733 1654; x_wconf 89' lang='lat' dir='ltr'>Cur,</span> 
     </span>
     <span class='ocr_line' id='line_1_23' title="bbox 348 1673 1735 1726; baseline -0.002 -13"><span class='ocrx_word' id='word_1_183' title='bbox 348 1689 438 1713; x_wconf 89' lang='lat' dir='ltr'>cum</span> <span class='ocrx_word' id='word_1_184' title='bbox 463 1675 500 1712; x_wconf 88' lang='lat' dir='ltr'>in</span> <span class='ocrx_word' id='word_1_185' title='bbox 532 1674 733 1713; x_wconf 82' lang='lat' dir='ltr'>consilium</span> <span class='ocrx_word' id='word_1_186' title='bbox 755 1673 975 1717; x_wconf 87' lang='lat' dir='ltr'>mittebant,</span> <span class='ocrx_word' id='word_1_187' title='bbox 1007 1673 1204 1712; x_wconf 82' lang='lat' dir='ltr'>Stalenum</span> <span class='ocrx_word' id='word_1_188' title='bbox 1221 1674 1411 1725; x_wconf 91' lang='lat' dir='ltr'>judicem,</span> <span class='ocrx_word' id='word_1_189' title='bbox 1447 1675 1510 1711; x_wconf 88' lang='lat' dir='ltr'>cui</span> <span class='ocrx_word' id='word_1_190' title='bbox 1530 1674 1735 1726; x_wconf 89' lang='lat' dir='ltr'>pecuniam</span> 
     </span>
     <span class='ocr_line' id='line_1_24' title="bbox 348 1737 1733 1791; baseline -0.002 -13"><span class='ocrx_word' id='word_1_191' title='bbox 348 1741 539 1785; x_wconf 82' lang='lat' dir='ltr'>dederant,</span> <span class='ocrx_word' id='word_1_192' title='bbox 563 1754 638 1778; x_wconf 89' lang='lat' dir='ltr'>non</span> <span class='ocrx_word' id='word_1_193' title='bbox 660 1737 931 1791; x_wconf 86' lang='lat' dir='ltr'>requirebant?</span> <span class='ocrx_word' id='word_1_194' title='bbox 957 1738 1196 1790; x_wconf 85' lang='lat' dir='ltr'>Oppianicus</span> <span class='ocrx_word' id='word_1_195' title='bbox 1219 1739 1437 1789; x_wconf 81' lang='lat' dir='ltr'>quaerebat?</span> <span class='ocrx_word' id='word_1_196' title='bbox 1461 1739 1647 1789; x_wconf 85' lang='lat' dir='ltr'>Qintius</span> <span class='ocrx_word' id='word_1_197' title='bbox 1664 1738 1733 1775; x_wconf 86' lang='lat' dir='ltr'>fla-</span> 
     </span>
     <span class='ocr_line' id='line_1_25' title="bbox 347 1803 1733 1858; baseline -0.001 -15"><span class='ocrx_word' id='word_1_198' title='bbox 347 1806 519 1858; x_wconf 82' lang='lat' dir='ltr'>gitabat?</span> <span class='ocrx_word' id='word_1_199' title='bbox 549 1806 635 1843; x_wconf 89' lang='lat' dir='ltr'>Sine</span> <span class='ocrx_word' id='word_1_200' title='bbox 658 1805 807 1843; x_wconf 87' lang='lat' dir='ltr'>Staleno</span> <span class='ocrx_word' id='word_1_201' title='bbox 827 1817 875 1842; x_wconf 86' lang='lat' dir='ltr'>ne</span> <span class='ocrx_word' id='word_1_202' title='bbox 894 1803 935 1842; x_wconf 86' lang='lat' dir='ltr'>in</span> <span class='ocrx_word' id='word_1_203' title='bbox 955 1804 1158 1842; x_wconf 86' lang='lat' dir='ltr'>confilium</span> <span class='ocrx_word' id='word_1_204' title='bbox 1180 1804 1310 1850; x_wconf 89' lang='lat' dir='ltr'>iretur,</span> <span class='ocrx_word' id='word_1_205' title='bbox 1333 1804 1533 1841; x_wconf 87' lang='lat' dir='ltr'>tribunitia</span> <span class='ocrx_word' id='word_1_206' title='bbox 1551 1803 1733 1856; x_wconf 85' lang='lat' dir='ltr'>potestate</span> 
     </span>
     <span class='ocr_line' id='line_1_26' title="bbox 347 1861 663 1925; baseline -0.003 -16"><span class='ocrx_word' id='word_1_207' title='bbox 347 1861 561 1925; x_wconf 52' lang='lat' dir='ltr'>perfectum</span> <span class='ocrx_word' id='word_1_208' title='bbox 582 1871 633 1908; x_wconf 87' lang='lat' dir='ltr'>est</span> <span class='ocrx_word' id='word_1_209' title='bbox 651 1872 663 1908; x_wconf 88' lang='lat'>?</span> 
     </span>
    </p>

    <p class='ocr_par' dir='ltr' id='par_1_5' title="bbox 347 1936 1736 2514">
     <span class='ocr_line' id='line_1_27' title="bbox 405 1936 1733 1977; baseline -0.002 0"><span class='ocrx_word' id='word_1_210' title='bbox 405 1940 458 1977; x_wconf 87' lang='lat' dir='ltr'>At</span> <span class='ocrx_word' id='word_1_211' title='bbox 489 1937 771 1975; x_wconf 88' lang='lat' dir='ltr'>condemnavit.</span> <span class='ocrx_word' id='word_1_212' title='bbox 805 1938 919 1976; x_wconf 86' lang='lat' dir='ltr'>Hanc</span> <span class='ocrx_word' id='word_1_213' title='bbox 949 1938 1053 1976; x_wconf 88' lang='lat' dir='ltr'>enirn</span> <span class='ocrx_word' id='word_1_214' title='bbox 1075 1938 1362 1976; x_wconf 87' lang='lat' dir='ltr'>damnationem</span> <span class='ocrx_word' id='word_1_215' title='bbox 1393 1937 1542 1975; x_wconf 89' lang='lat' dir='ltr'>dederat</span> <span class='ocrx_word' id='word_1_216' title='bbox 1562 1936 1733 1975; x_wconf 83' lang='lat' dir='ltr'>obsidem</span> 
     </span>
     <span class='ocr_line' id='line_1_28' title="bbox 351 2003 1732 2056; baseline -0.001 -14"><span class='ocrx_word' id='word_1_217' title='bbox 351 2004 476 2042; x_wconf 84' lang='lat' dir='ltr'>Bulbo</span> <span class='ocrx_word' id='word_1_218' title='bbox 496 2013 533 2041; x_wconf 92' lang='lat' dir='ltr'>et</span> <span class='ocrx_word' id='word_1_219' title='bbox 553 2003 711 2047; x_wconf 78' lang='lat' dir='ltr'>caeteris‚</span> <span class='ocrx_word' id='word_1_220' title='bbox 745 2012 787 2040; x_wconf 92' lang='lat' dir='ltr'>ut</span> <span class='ocrx_word' id='word_1_221' title='bbox 819 2004 1018 2042; x_wconf 84' lang='lat' dir='ltr'>destitutus</span> <span class='ocrx_word' id='word_1_222' title='bbox 1042 2005 1088 2041; x_wconf 87' lang='lat' dir='ltr'>ab</span> <span class='ocrx_word' id='word_1_223' title='bbox 1111 2004 1330 2056; x_wconf 87' lang='lat' dir='ltr'>Oppianico</span> <span class='ocrx_word' id='word_1_224' title='bbox 1351 2004 1553 2041; x_wconf 87' lang='lat' dir='ltr'>videretur.</span> <span class='ocrx_word' id='word_1_225' title='bbox 1592 2004 1732 2054; x_wconf 82' lang='lat' dir='ltr'>Qare,</span> 
     </span>
     <span class='ocr_line' id='line_1_29' title="bbox 349 2069 1733 2122; baseline -0.001 -15"><span class='ocrx_word' id='word_1_226' title='bbox 349 2070 374 2107; x_wconf 79' lang='lat' dir='ltr'>si</span> <span class='ocrx_word' id='word_1_227' title='bbox 396 2070 506 2107; x_wconf 87' lang='lat' dir='ltr'>istinc</span> <span class='ocrx_word' id='word_1_228' title='bbox 523 2069 629 2106; x_wconf 85' lang='lat' dir='ltr'>causa</span> <span class='ocrx_word' id='word_1_229' title='bbox 650 2069 1085 2121; x_wconf 83' lang='lat' dir='ltr'>corrumpendijudicii,</span> <span class='ocrx_word' id='word_1_230' title='bbox 1101 2070 1211 2108; x_wconf 90' lang='lat' dir='ltr'>istinc</span> <span class='ocrx_word' id='word_1_231' title='bbox 1228 2070 1401 2122; x_wconf 79' lang='lat' dir='ltr'>pecunia,</span> <span class='ocrx_word' id='word_1_232' title='bbox 1420 2070 1528 2107; x_wconf 88' lang='lat' dir='ltr'>istinc</span> <span class='ocrx_word' id='word_1_233' title='bbox 1546 2069 1733 2114; x_wconf 74' lang='lat' dir='ltr'>Staienus,</span> 
     </span>
     <span class='ocr_line' id='line_1_30' title="bbox 347 2134 1736 2187; baseline 0 -14"><span class='ocrx_word' id='word_1_234' title='bbox 347 2136 457 2173; x_wconf 88' lang='lat' dir='ltr'>istinc</span> <span class='ocrx_word' id='word_1_235' title='bbox 478 2135 644 2186; x_wconf 81' lang='lat' dir='ltr'>denique</span> <span class='ocrx_word' id='word_1_236' title='bbox 664 2135 790 2172; x_wconf 79' lang='lat' dir='ltr'>omnis</span> <span class='ocrx_word' id='word_1_237' title='bbox 811 2134 911 2173; x_wconf 87' lang='lat' dir='ltr'>fraus</span> <span class='ocrx_word' id='word_1_238' title='bbox 932 2145 968 2173; x_wconf 90' lang='lat' dir='ltr'>et</span> <span class='ocrx_word' id='word_1_239' title='bbox 988 2136 1143 2173; x_wconf 83' lang='lat' dir='ltr'>audacia</span> <span class='ocrx_word' id='word_1_240' title='bbox 1174 2135 1252 2180; x_wconf 78' lang='lat' dir='ltr'>cst3</span> <span class='ocrx_word' id='word_1_241' title='bbox 1284 2135 1377 2173; x_wconf 88' lang='lat' dir='ltr'>hinc</span> <span class='ocrx_word' id='word_1_242' title='bbox 1409 2135 1545 2187; x_wconf 89' lang='lat' dir='ltr'>pudor,</span> <span class='ocrx_word' id='word_1_243' title='bbox 1581 2134 1736 2173; x_wconf 82' lang='lat' dir='ltr'>honesta</span> 
     </span>
     <span class='ocr_line' id='line_1_31' title="bbox 348 2200 1730 2254; baseline 0 -15"><span class='ocrx_word' id='word_1_244' title='bbox 348 2203 438 2245; x_wconf 87' lang='lat' dir='ltr'>vita,</span> <span class='ocrx_word' id='word_1_245' title='bbox 459 2210 496 2238; x_wconf 89' lang='lat' dir='ltr'>et</span> <span class='ocrx_word' id='word_1_246' title='bbox 518 2201 622 2238; x_wconf 83' lang='lat' dir='ltr'>nulla</span> <span class='ocrx_word' id='word_1_247' title='bbox 644 2200 804 2252; x_wconf 80' lang='lat' dir='ltr'>suspicio</span> <span class='ocrx_word' id='word_1_248' title='bbox 825 2202 1009 2252; x_wconf 80' lang='lat' dir='ltr'>pecuniae‚</span> <span class='ocrx_word' id='word_1_249' title='bbox 1032 2202 1137 2239; x_wconf 79' lang='lat' dir='ltr'>nulla</span> <span class='ocrx_word' id='word_1_250' title='bbox 1157 2201 1428 2254; x_wconf 86' lang='lat' dir='ltr'>corrumpendi</span> <span class='ocrx_word' id='word_1_251' title='bbox 1444 2201 1583 2252; x_wconf 87' lang='lat' dir='ltr'>judicii</span> <span class='ocrx_word' id='word_1_252' title='bbox 1599 2200 1730 2239; x_wconf 87' lang='lat' dir='ltr'>causa:</span> 
     </span>
     <span class='ocr_line' id='line_1_32' title="bbox 347 2266 1732 2319; baseline 0 -15"><span class='ocrx_word' id='word_1_253' title='bbox 347 2267 540 2319; x_wconf 86' lang='lat' dir='ltr'>patimini,</span> <span class='ocrx_word' id='word_1_254' title='bbox 564 2266 719 2303; x_wconf 83' lang='lat' dir='ltr'>veritate</span> <span class='ocrx_word' id='word_1_255' title='bbox 739 2266 934 2318; x_wconf 64' lang='lat' dir='ltr'>patefacta,</span> <span class='ocrx_word' id='word_1_256' title='bbox 956 2276 1069 2319; x_wconf 88' lang='lat' dir='ltr'>atque</span> <span class='ocrx_word' id='word_1_257' title='bbox 1089 2268 1197 2305; x_wconf 88' lang='lat' dir='ltr'>omni</span> <span class='ocrx_word' id='word_1_258' title='bbox 1218 2281 1340 2304; x_wconf 92' lang='lat' dir='ltr'>errore</span> <span class='ocrx_word' id='word_1_259' title='bbox 1362 2266 1525 2311; x_wconf 85' lang='lat' dir='ltr'>sublato,</span> <span class='ocrx_word' id='word_1_260' title='bbox 1547 2280 1591 2304; x_wconf 92' lang='lat' dir='ltr'>eo</span> <span class='ocrx_word' id='word_1_261' title='bbox 1613 2267 1732 2304; x_wconf 88' lang='lat' dir='ltr'>trans-</span> 
     </span>
     <span class='ocr_line' id='line_1_33' title="bbox 348 2331 1730 2384; baseline -0.001 -15"><span class='ocrx_word' id='word_1_262' title='bbox 348 2333 400 2369; x_wconf 83' lang='lat' dir='ltr'>ire</span> <span class='ocrx_word' id='word_1_263' title='bbox 422 2332 525 2369; x_wconf 82' lang='lat' dir='ltr'>illius</span> <span class='ocrx_word' id='word_1_264' title='bbox 548 2331 796 2384; x_wconf 80' lang='lat' dir='ltr'>turpitudinis</span> <span class='ocrx_word' id='word_1_265' title='bbox 818 2331 1033 2377; x_wconf 87' lang='lat' dir='ltr'>infamiam,</span> <span class='ocrx_word' id='word_1_266' title='bbox 1056 2332 1122 2370; x_wconf 92' lang='lat' dir='ltr'>ubi</span> <span class='ocrx_word' id='word_1_267' title='bbox 1143 2342 1276 2370; x_wconf 81' lang='lat' dir='ltr'>caetera</span> <span class='ocrx_word' id='word_1_268' title='bbox 1296 2331 1482 2370; x_wconf 85' lang='lat' dir='ltr'>maleficia</span> <span class='ocrx_word' id='word_1_269' title='bbox 1502 2332 1730 2376; x_wconf 76' lang='lat' dir='ltr'>consistant3</span> 
     </span>
     <span class='ocr_line' id='line_1_34' title="bbox 347 2397 1733 2451; baseline -0.001 -16"><span class='ocrx_word' id='word_1_270' title='bbox 347 2398 394 2435; x_wconf 84' lang='lat' dir='ltr'>ab</span> <span class='ocrx_word' id='word_1_271' title='bbox 415 2412 458 2433; x_wconf 87' lang='lat' dir='ltr'>eo</span> <span class='ocrx_word' id='word_1_272' title='bbox 480 2398 662 2435; x_wconf 76' lang='lat' dir='ltr'>invidiam</span> <span class='ocrx_word' id='word_1_273' title='bbox 685 2397 871 2436; x_wconf 86' lang='lat' dir='ltr'>discedere</span> <span class='ocrx_word' id='word_1_274' title='bbox 892 2398 1110 2450; x_wconf 86' lang='lat' dir='ltr'>aliquando,</span> <span class='ocrx_word' id='word_1_275' title='bbox 1132 2399 1177 2436; x_wconf 88' lang='lat' dir='ltr'>ad</span> <span class='ocrx_word' id='word_1_276' title='bbox 1198 2412 1317 2451; x_wconf 91' lang='lat' dir='ltr'>quem</span> <span class='ocrx_word' id='word_1_277' title='bbox 1337 2411 1537 2450; x_wconf 87' lang='lat' dir='ltr'>nunquam</span> <span class='ocrx_word' id='word_1_278' title='bbox 1553 2397 1733 2436; x_wconf 83' lang='lat' dir='ltr'>acceffiffe</span> 
     </span>
     <span class='ocr_line' id='line_1_35' title="bbox 347 2463 672 2514; baseline 0.006 -15"><span class='ocrx_word' id='word_1_279' title='bbox 347 2463 501 2514; x_wconf 75' lang='lat' dir='ltr'>culpam</span> <span class='ocrx_word' id='word_1_280' title='bbox 524 2464 672 2501; x_wconf 79' lang='lat' dir='ltr'>vidctis.</span> 
     </span>
    </p>
   </div>
  </div>
 </body>
</html>
