2212 2835
566 200 585 225 2
1006 183 1407 223 ORATIO

510 201 557 241 39

503 298 613 326 terrae
648 288 774 324 virum
807 285 1002 324 inclusum
1036 286 1145 324 domi
1179 286 1393 324 contineres
1411 304 1423 331 ς
1456 299 1547 324 cum
1582 285 1712 325 forum
1746 288 1898 326 armatis

507 355 663 392 catervis
686 353 926 406 perditorum
946 351 1156 391 hominum
1176 353 1401 406 possideres:
1425 353 1633 391 Libertatis
1654 354 1901 392 snnulacrum

505 423 545 459 in
578 436 619 459 ea
650 422 767 459 domo
795 420 1024 465 collocabas,
1054 434 1141 473 quae
1174 421 1313 458 domus
1342 429 1419 458 erat
1445 421 1524 474 ipsa
1553 416 1700 458 indicio
1728 421 1786 458 tui
1812 434 1903 458 cru-

506 488 684 526 deliffimi
717 487 953 531 dominatus,
985 495 1022 524 et
1057 486 1278 524 miserrimae
1310 486 1446 539 populi
1478 486 1649 525 Romani
1680 485 1901 524 servitutis?

507 557 662 594 Eumne
682 554 923 606 potiffimum
945 553 1120 591 Libertas
1142 553 1260 590 domo
1287 553 1351 590 sua
1377 552 1510 590 debuit
1536 553 1678 605 pellere
1695 582 1705 598 ,
1737 553 1806 605 qui
1833 551 1902 590 nifi

504 620 644 665 fuisset,
676 621 716 658 in
736 621 928 658 servorum
948 619 1174 672 potestatem
1194 618 1327 656 civitas
1348 627 1428 656 tota
1447 619 1602 657 veniffet
1620 621 1632 657 ?

560 689 712 726 XLIII.
745 689 799 724 At
820 686 920 723 unde
941 685 1094 722 inventa
1113 684 1166 722 est
1184 684 1250 722 ista
1270 685 1446 723 Libertas
1464 685 1478 722 ?
1508 685 1663 738 quaefivi
1683 685 1789 723 enim
1810 684 1901 722 dili-

507 764 652 809 genter.
690 754 899 804 Tanagraea
932 751 1110 802 quaedam
1147 750 1330 788 meretrix
1364 749 1475 788 fuiffe
1508 751 1651 790 dicitur
1669 767 1678 790 :
1715 752 1795 803 ejus
1826 764 1905 788 non

506 822 620 873 longe
651 833 671 856 a
702 818 890 870 Tanagris
922 816 1170 854 fimulacrum
1201 829 1221 853 e
1248 829 1442 854 marmore
1468 816 1509 853 in
1537 817 1709 869 sepulcro
1735 818 1904 870 pofitum

503 886 593 925 fuit.
624 886 718 924 Hoc
739 884 899 937 quidam
919 882 1042 921 homo
1062 882 1205 921 nobilis
1224 911 1235 927 ,
1265 895 1344 920 non
1375 882 1521 920 alienus
1552 883 1599 920 ab
1625 881 1701 920 hoc
1729 882 1905 935 religioso

507 952 713 992 Libertatis
736 951 924 989 sacerdote
941 979 952 995 ,
983 950 1029 988 ad
1056 958 1235 988 ornatum
1263 949 1454 987 aedilitatis
1475 948 1547 987 suae
1568 949 1783 1002 deportavit
1803 963 1811 986 :
1844 958 1902 986 et-

506 1021 612 1057 enim
644 1020 830 1072 cogitarat
864 1030 1000 1055 ornnes
1035 1016 1242 1070 superiores
1277 1017 1448 1054 muneris
1481 1016 1683 1069 splendore
1717 1015 1902 1069 superare.

506 1088 640 1139 Itaque
659 1086 790 1124 omnia
811 1085 912 1137 signa
929 1113 940 1130 ‚
972 1083 1119 1122 tabulas
1137 1112 1148 1128 ,
1180 1092 1496 1121 ornamentorum
1523 1083 1629 1135 quod
1656 1081 1842 1136 superfuit
1862 1081 1903 1119 in

503 1152 603 1191 fanis
625 1162 662 1190 et
683 1151 961 1190 communibus
983 1150 1093 1195 locis,
1125 1158 1204 1187 tota
1231 1163 1251 1187 e
1278 1149 1442 1194 Graecia,
1473 1158 1590 1202 atque
1617 1149 1749 1187 insulis
1771 1149 1903 1187 omni-

506 1220 592 1264 bus,
620 1218 778 1256 honoris
798 1217 933 1270 populi
954 1217 1126 1254 Romani
1145 1216 1267 1261 causa,
1290 1216 1373 1254 sane
1393 1215 1594 1268 frugaliter
1614 1215 1776 1254 domurn
1797 1214 1902 1253 suam

506 1285 730 1338 deportavit.
765 1285 801 1322 Is
822 1284 1067 1336 posteaquam
1089 1282 1312 1326 intellexit,
1344 1282 1445 1334 posse
1466 1282 1501 1320 se
1518 1311 1528 1327 ‚
1561 1281 1761 1320 interversa
1781 1280 1902 1318 aedili-

502 1361 583 1389 tate
600 1380 610 1395 ,
643 1364 662 1388 a
682 1352 729 1388 L.
754 1349 889 1388 Pisone
909 1348 1064 1386 consule
1085 1357 1286 1400 praetorem
1312 1348 1521 1385 renuntiari
1539 1376 1550 1392 ‚
1582 1347 1608 1384 fi
1630 1347 1748 1384 modo
1767 1347 1902 1384 eadem

502 1419 631 1470 *prima
651 1417 759 1454 litera
783 1416 1079 1467 competitorem
1104 1412 1295 1452 habuiffet
1322 1414 1520 1465 aliquem;
1552 1413 1773 1451 aedilitatem
1802 1413 1901 1450 duo-

507 1485 578 1522 bus
600 1485 638 1522 in
661 1483 755 1521 locis
770 1512 780 1527 ,
812 1482 952 1535 partim
974 1481 1014 1518 in
1034 1494 1118 1518 arca
1132 1510 1142 1525 ,
1174 1481 1314 1532 partim
1336 1480 1376 1518 in
1397 1479 1518 1518 hortis
1541 1480 1614 1518 suis
1629 1510 1639 1525 ,
1671 1479 1900 1518 collocavit:

506 1551 656 1604 lignum
679 1551 724 1588 de
745 1548 854 1587 busto
875 1547 1087 1585 meretricis
1107 1546 1280 1585 ablatum
1300 1546 1361 1584 isti
1379 1546 1499 1592 dedit,
1519 1546 1623 1599 quod
1643 1545 1730 1584 effet
1750 1546 1903 1599 signum

504 1618 626 1669 magis
649 1612 822 1660 istorum,
854 1628 972 1667 quam
994 1613 1161 1667 publicae
1181 1613 1384 1652 libertatis.
1416 1614 1532 1652 Hanc
1553 1614 1678 1652 Deam
1699 1612 1904 1666 quisquam

505 1684 644 1722 violare
664 1683 824 1726 audeat,
855 1681 1067 1733 imaginem
1090 1680 1302 1718 meretricis
1320 1709 1331 1725 ,
1362 1689 1636 1719 ornamentum
1657 1678 1851 1732 sepulcri,
1881 1691 1902 1716 a

505 1750 590 1788 fure
625 1750 840 1792 sublatam,
872 1761 893 1785 a
925 1746 1105 1799 sacrilego
1139 1745 1403 1783 collocatam?
1435 1747 1534 1784 Haec
1569 1759 1633 1783 me
1666 1745 1784 1782 domo
1816 1756 1902 1782 mea

505 1816 650 1869 pellet?
682 1814 764 1852 haec
778 1843 789 1859 ‚
822 1813 941 1851 ultrix
961 1811 1110 1850 afflictae
1129 1811 1296 1849 civitatis
1310 1841 1321 1856 ,
1353 1811 1574 1864 reipublicae
1593 1811 1722 1864 spoliis
1743 1810 1898 1848 ornabi-

501 1883 589 1920 tur?
613 1880 694 1919 haec
715 1880 786 1918 erit
807 1880 846 1918 in
866 1892 910 1917 eo
931 1886 1202 1922 monumento,
1220 1877 1324 1930 quod
1346 1878 1511 1931 pofitum
1534 1877 1601 1922 est,
1623 1886 1666 1916 ut
1686 1875 1775 1915 effet
1793 1876 1899 1914 indi-

503 1949 609 1987 cium
633 1946 794 2000 oppreffi
816 1946 962 1984 senatus
984 1945 1030 1983 ad
1049 1945 1278 1983 memoriam
1300 1943 1567 1998 sempiternam
1591 1943 1870 1997 turpitudinis?

561 2014 598 2051 O
635 2014 702 2065 Q
727 2013 893 2057 Catule,
928 2012 1153 2064 (patremne
1187 2010 1376 2064 appellem
1396 2040 1406 2055 ‚
1437 2023 1483 2048 an
1519 2010 1678 2048 filium?
1712 2008 1900 2048 recentior

504 2080 692 2118 memoria
713 2078 783 2116 filii
804 2078 856 2116 est
873 2107 884 2122 ‚
915 2086 953 2115 et
973 2091 1066 2115 cum
1093 2077 1205 2115 rebus
1226 2077 1323 2114 meis
1341 2075 1451 2128 gestis
1479 2076 1720 2128 conjunctior
1738 2090 1747 2113 :
1765 2076 1778 2127 )
1814 2084 1899 2113 tan·
1948 2121 1951 2123 ,

504 2156 641 2185 tumne
661 2155 698 2184 te
718 2143 872 2188 fefellit,
892 2158 985 2182 cum
1007 2142 1107 2181 mihi
1129 2143 1292 2187 summa,
1311 2151 1348 2180 et
1368 2142 1543 2195 quotidie
1564 2143 1720 2194 majora,
1743 2141 1901 2194 praemia

504 2214 544 2252 in
567 2212 763 2266 republica
782 2210 863 2249 fore
884 2210 1042 2263 putabas
1062 2211 1075 2247 ?
1107 2209 1286 2262 Negabas
1306 2208 1361 2247 fas
1388 2209 1458 2247 effe
1477 2238 1487 2253 ,
1518 2209 1614 2247 duos
1635 2207 1807 2247 consules
1827 2207 1900 2246 effe

505 2281 544 2318 in
566 2278 636 2317 hac
657 2279 812 2317 civitate
835 2278 1014 2316 inimicos
1040 2276 1290 2330 reipublicae:
1323 2276 1401 2314 duo
1427 2275 1513 2314 sunt
1540 2275 1714 2320 inventi,
1746 2275 1813 2327 qui
1841 2274 1899 2312 se-

505 2355 640 2384 natum
661 2345 818 2383 tribuno
837 2343 984 2382 furenti
1005 2343 1250 2382 constrictum
1273 2343 1491 2387 traderent3
1518 2343 1585 2395 qui
1606 2355 1674 2395 pro
1695 2355 1758 2379 me
1777 2349 1898 2394 patres

503 2413 739 2465 conscriptos
762 2412 968 2465 deprecari,
990 2420 1028 2449 et
1048 2410 1195 2464 populo
1216 2409 1406 2463 supplices
1428 2409 1513 2455 effe,
1531 2409 1663 2447 edictis
1685 2418 1798 2461 atque
1818 2408 1896 2445 im-

500 2479 608 2534 perio
630 2487 825 2524 vetarent5
858 2478 1000 2532 quibus
1021 2477 1322 2532 inspestantibus
1343 2477 1482 2515 domus
1506 2489 1591 2516 mea
1611 2475 1895 2517 disturbaretur,
