2212 2835
435 308 759 358 concordiamque
780 315 988 349 revocatos,
1019 303 1226 342 hodiernus
1254 303 1333 341 dies
1361 301 1578 347 vobiscum,
1608 311 1722 356 atque
1741 303 1824 343 haec

434 375 553 418 causa,
585 373 814 425 conjungit:
848 385 965 424 quam
991 371 1308 422 conjunctionem
1333 369 1360 407 fi
1385 370 1426 407 in
1453 368 1651 407 consulatu
1677 369 1820 408 confir-

434 451 577 479 matam
600 454 688 478 meo
708 449 930 492 perpetuam
951 438 991 475 in
1007 437 1203 490 republica
1224 436 1474 480 tenuerimus,
1490 435 1681 474 confirmo
1700 435 1824 480 vobis,

436 507 591 545 nullum
613 505 768 558 posthac
791 505 939 542 malum
959 503 1072 541 civile
1098 517 1139 540 ac
1166 502 1421 540 domesticum
1446 502 1493 540 ad
1519 501 1639 540 ullam
1665 501 1824 554 reipub-

435 573 517 610 licae
547 581 695 625 partem
722 570 793 608 effe
819 579 1040 608 venturum.
1073 569 1158 606 Pari
1185 568 1307 606 studio
1336 567 1584 606 defendendae
1603 567 1824 620 reipublicae

433 637 646 677 conveniffe
667 638 776 676 video
797 637 971 674 tribunos
989 635 1149 679 aerarios,
1180 634 1401 673 fortiffimos
1421 635 1546 680 viros;
1569 633 1706 673 scribas
1727 634 1824 672 item

433 707 653 745 universos:
691 718 786 757 quos
818 717 910 741 cum
942 703 1028 741 casu
1058 702 1124 740 hic
1154 703 1233 740 dies
1264 702 1310 740 ad
1341 703 1514 741 aerarium
1543 701 1824 755 frequentasset,

433 772 545 811 video
565 772 611 809 ab
632 769 894 823 expectatione
914 769 1023 806 sortis
1044 768 1090 805 ad
1109 781 1362 806 communem
1388 769 1546 807 salutem
1570 768 1641 807 effe
1661 781 1822 807 conver-

434 838 505 876 sos.
539 837 682 875 Omnis
704 836 963 890 ingenuorum
983 833 1083 872 adest
1102 833 1329 878 multitudo,
1359 834 1475 872 etiarn
1499 834 1821 873 tenuiffimorum.

432 904 532 954 Qis
563 903 616 941 est
647 903 766 947 enirn,
797 902 861 940 cui
892 914 969 938 non
1000 899 1081 938 haec
1113 899 1272 952 templa,
1303 899 1471 952 aspectus
1502 899 1622 944 urbis,
1653 899 1823 952 poffeffio

431 970 633 1014 libertatis,
664 969 733 1007 lux
753 968 918 1020 denique
937 966 1019 1005 haec
1039 966 1129 1019 ipsa,
1151 975 1190 1004 et
1208 964 1283 1004 hoc
1303 979 1513 1004 commune
1531 965 1660 1019 patriae
1680 965 1821 1010 solum,

432 1049 524 1074 cum
545 1037 590 1074 fit
611 1049 757 1079 carum,
788 1044 874 1072 turn
896 1047 984 1071 vero
1004 1032 1118 1071 dulce
1138 1041 1251 1084 atque
1265 1032 1487 1084 jucundum
1507 1032 1520 1070 ?

487 1102 601 1140 VIII.
635 1102 772 1153 Operae
810 1099 979 1152 pretium
1017 1098 1084 1143 est,
1125 1099 1254 1136 Patres
1289 1098 1512 1151 conscripti,
1550 1097 1823 1136 libertinorum

432 1168 641 1206 hominum
661 1167 782 1204 studia
802 1164 1029 1217 cognoscere
1046 1182 1058 1209 5
1090 1164 1174 1215 qui,
1204 1163 1357 1202 fortuna
1376 1164 1439 1202 sua
1458 1164 1623 1202 civitatis
1640 1164 1706 1216 jus
1726 1177 1822 1202 con—

433 1234 564 1278 secuti,
594 1232 693 1270 hanc
727 1245 810 1270 vere
845 1231 950 1268 suam
984 1230 1147 1283 patriam
1177 1229 1247 1267 effe
1275 1230 1479 1282 judicant:
1512 1243 1630 1282 quam
1661 1229 1822 1283 quidam

432 1299 523 1337 hinc
551 1299 643 1343 nati,
674 1306 712 1335 et
738 1297 891 1335 summo
916 1296 994 1333 nati
1022 1296 1122 1341 loco,
1154 1309 1231 1334 non
1259 1296 1423 1348 patriam
1450 1295 1569 1340 suam,
1600 1295 1662 1333 sed
1684 1295 1821 1333 urbem

432 1365 617 1409 hostium,
647 1363 718 1401 effe
731 1363 1014 1415 judicaverunt.
1047 1362 1117 1400 Sed
1138 1361 1231 1413 quid
1251 1375 1323 1414 ego
1342 1360 1502 1413 hujusce
1525 1361 1667 1399 ordinis
1687 1359 1821 1399 homi-

432 1445 498 1471 nes
520 1442 841 1472 commemorem,
873 1441 969 1480 quos
990 1427 1142 1480 privatae
1162 1426 1341 1472 fortunae,
1372 1440 1468 1479 quos
1497 1427 1718 1465 communis
1745 1426 1821 1464 res-

430 1497 601 1552 publica,
631 1508 728 1548 quos
747 1494 913 1545 denique
933 1492 1087 1530 libertas
1114 1506 1169 1538 ea,
1199 1506 1286 1544 quae
1312 1492 1528 1531 dulciffima
1553 1492 1618 1537 est,
1650 1493 1697 1530 ad
1720 1492 1821 1530 salu—

433 1574 511 1603 tem
532 1562 662 1616 patriae
682 1559 961 1598 defendendam
981 1559 1195 1597 excitavit?
1227 1558 1350 1597 servus
1372 1558 1424 1596 est
1450 1571 1579 1602 nemo,
1610 1558 1678 1610 qui
1705 1558 1823 1596 modo

431 1628 621 1668 tolerabili
654 1626 875 1665 conditione
907 1625 952 1663 fit
983 1624 1186 1669 servitutis,
1226 1625 1295 1677 qui
1329 1638 1406 1663 non
1440 1624 1637 1662 audaciam
1674 1624 1823 1662 civium

432 1694 712 1749 perhorrescat3
745 1692 813 1744 qui
835 1704 911 1729 non
929 1689 1010 1728 haec
1031 1690 1122 1727 stare
1141 1691 1296 1742 cupiat,
1320 1691 1389 1742 qui
1410 1704 1487 1728 non
1508 1699 1674 1735 tanturn,
1696 1703 1820 1741 quan-

433 1772 519 1801 tum
539 1761 664 1805 audet,
696 1768 732 1797 et
753 1767 942 1810 quantum
963 1756 1098 1809 potest,
1128 1755 1299 1794 conferat
1319 1756 1364 1793 ad
1384 1769 1639 1794 communem
1659 1755 1820 1794 salutem

435 1825 656 1865 voluntatis.

488 1893 631 1943 Qare,
664 1890 688 1928 fi
709 1903 826 1942 quem
847 1888 1009 1926 vestrum
1030 1887 1128 1926 forte
1147 1896 1370 1926 commovet
1389 1885 1480 1932 hoc,
1512 1886 1616 1939 quod
1642 1887 1819 1925 auditum

431 1959 498 2003 est,
539 1958 718 1996 lenonem
758 1955 951 2008 quendam
991 1954 1148 1992 Lentuli
1187 1953 1407 1991 concursare
1441 1954 1591 1991 circum
1629 1953 1816 1998 tabernas,

432 2024 554 2078 pretio
581 2023 792 2076 sperantem
821 2021 1015 2059 sollicitari
1044 2020 1142 2073 posse
1167 2021 1316 2058 animos
1339 2020 1537 2073 egentium
1558 2029 1672 2072 atque
1691 2020 1819 2073 impe-

432 2092 594 2129 ritorum
612 2107 624 2134 ;
655 2088 708 2126 est
727 2088 766 2126 id
787 2087 947 2139 quidem
967 2096 1142 2139 coeptum
1163 2096 1276 2138 atque
1297 2095 1501 2130 tentatum,
1532 2085 1592 2123 sed
1613 2086 1712 2123 nulli
1733 2086 1819 2124 sunt
1878 2132 1880 2134 Ι

433 2157 579 2196 inventi
608 2165 687 2194 tam
717 2165 781 2193 aut
809 2153 961 2192 fortuna
987 2153 1127 2198 miseri,
1159 2162 1223 2191 aut
1250 2153 1446 2190 voluntate
1467 2152 1621 2205 perditi,
1652 2153 1720 2205 qui
1740 2165 1818 2190 non

434 2224 559 2276 ipsum
580 2222 693 2260 illum
715 2221 813 2258 sellae
837 2230 950 2272 atque
977 2220 1114 2272 operis,
1145 2229 1181 2257 et
1210 2219 1371 2271 quaestus
1393 2219 1623 2271 quotidiani,
1654 2219 1814 2262 locum;

432 2290 499 2343 qui
533 2302 610 2326 non
641 2287 769 2326 cubile
799 2300 841 2324 ac
873 2286 1057 2324 lectulum
1088 2286 1227 2329 suum;
1261 2286 1327 2337 qui
1359 2285 1524 2337 denique
1553 2298 1630 2322 non
1662 2284 1817 2322 cursum

432 2356 537 2394 hunc
563 2354 729 2393 otiosum
757 2354 842 2390 vitae
869 2351 955 2397 suae,
988 2352 1131 2389 salvum
1159 2351 1228 2389 effe
1254 2351 1387 2389 velint.
1419 2351 1554 2389 Multo
1581 2364 1668 2389 vero
1688 2350 1815 2388 maxi-

430 2436 493 2460 ma
511 2435 594 2474 pars
615 2433 763 2464 eorum,
793 2418 861 2471 qui
882 2418 920 2456 in
943 2418 1106 2456 tabernis
1128 2417 1238 2462 sunt,
1272 2418 1396 2455 immo
1414 2431 1501 2456 vero
1524 2417 1590 2468 (id
1617 2417 1721 2454 enim
1740 2429 1813 2468 po-

430 2489 503 2527 tius
524 2487 574 2524 est
596 2485 823 2537 dicendum)
846 2498 966 2538 genus
987 2483 1061 2523 hoc
1083 2484 1299 2522 universum
1321 2483 1621 2522 amantiffimum
1644 2481 1696 2520 est
1715 2482 1810 2519 otii:
