2212 2835
441 186 516 226 372
933 167 1336 207 ORATIO

438 273 485 310 de
517 285 554 309 re
586 269 784 323 negotium
820 267 922 306 dedi.
956 267 1028 305 Sed
1059 267 1169 319 quid,
1200 266 1227 304 s1
1261 266 1388 304 eidem
1423 263 1626 318 negotium
1660 263 1831 310 dediffes,

439 348 481 376 ut
504 338 541 375 in
563 337 649 375 Asta
670 333 936 388 cistophorum
959 333 1157 387 flagitaret,
1189 333 1277 371 inde
1297 333 1368 370 iret
1388 333 1428 370 in
1450 331 1708 384 Hispaniam3
1739 344 1832 368 curn

438 405 567 442 Roma
587 401 802 446 deceffiffet,
825 400 1068 439 consulatum
1087 400 1123 437 ei
1143 407 1270 452 petere
1291 398 1449 443 liceret;
1473 411 1565 435 cum
1586 396 1707 435 factus
1727 396 1832 441 esset,

438 469 678 523 provinciam
707 468 855 519 Syriam
882 466 1102 505 obtineret?
1134 466 1318 518 quoniam
1347 464 1393 502 de
1414 478 1491 502 uno
1511 463 1671 502 homine
1691 462 1834 501 scribe-

439 549 512 580 res,
545 548 619 573 una
639 547 695 572 res
716 532 804 571 effet
822 533 834 570 ?

495 600 614 653 Qod
645 599 671 637 fi
696 600 779 651 jam
812 599 980 652 populus
1013 599 1214 636 Romanus
1247 597 1294 635 de
1324 596 1390 635 ista
1421 610 1459 634 re
1492 596 1690 635 consultus
1720 594 1835 640 effet,

439 677 478 706 et
510 681 587 706 non
618 666 750 704 omnia
778 679 844 718 per
875 665 996 703 servos
1028 664 1266 716 latronesque
1296 663 1469 715 geffiffeffi
1501 676 1628 701 nonne
1654 662 1735 700 fieri
1763 674 1835 715 po·-

441 744 535 774 terat
552 763 562 779 ,
595 742 637 771 ut
657 732 804 785 populo
824 731 870 768 de
892 731 1039 783 Cyprio
1066 744 1153 783 rege
1179 731 1370 782 placeret,
1402 730 1448 768 de
1476 730 1654 768 exulibus
1682 730 1835 781 Byzan-

441 802 532 841 tinis
553 800 770 852 displiceret
789 799 801 835 ?
834 799 933 849 Qae
953 797 1006 835 est
1026 797 1128 849 quasi
1149 797 1221 834 alia
1241 797 1311 841 vis,
1343 810 1428 848 quae
1448 796 1645 841 sententia,
1672 795 1838 834 Caeciliae

440 868 534 921 legis
567 875 604 904 et
639 865 779 909 Didiae,
812 864 880 902 nifi
912 863 1008 908 haec,
1042 877 1088 901 ne
1123 863 1269 916 populo
1301 861 1443 900 necefl'e
1474 862 1519 900 fit
1549 862 1590 900 in
1620 861 1838 914 conjunctis

442 934 554 972 rebus
575 931 857 985 compluribus,
889 938 953 968 aut
977 929 1030 975 id,
1062 929 1167 981 quod
1189 928 1301 974 nolit,
1332 928 1532 981 accipere3
1564 937 1629 966 aut
1650 927 1704 972 id,
1735 926 1840 980 quod

442 1000 550 1045 velit,
581 998 804 1052 repudiare?
837 997 960 1049 Qid,
983 996 1009 1035 fi
1029 1009 1095 1049 per
1115 996 1195 1034 vim
1218 995 1367 1033 tulisti?
1391 1003 1570 1033 tamenne
1588 994 1652 1033 lex
1672 993 1752 1032 est?
1775 1002 1841 1031 aut

443 1066 659 1120 quidquam
674 1065 761 1117 jure
787 1063 936 1118 gestum
965 1063 1086 1102 videri
1105 1062 1227 1116 potest
1244 1091 1255 1107 ,
1287 1062 1393 1115 quod
1414 1075 1480 1115 per
1499 1061 1580 1100 vim
1599 1060 1751 1114 gestum
1769 1059 1841 1098 effe

442 1133 620 1172 constet?
653 1134 740 1177 An,
771 1131 798 1169 fi
832 1131 873 1169 in
907 1130 985 1183 ipsa
1016 1129 1157 1168 latione
1188 1138 1272 1174 tua,
1304 1137 1414 1182 capta
1436 1129 1519 1181 jam
1550 1128 1664 1174 urbe,
1696 1127 1842 1180 lapides

436 1201 544 1253 jacti,
576 1200 603 1238 fi
623 1211 760 1237 manus
781 1197 920 1236 collata
940 1210 1017 1235 non
1038 1197 1090 1235 est
1106 1215 1118 1242 3
1150 1196 1295 1235 idcirco
1316 1205 1357 1234 tu
1379 1196 1424 1234 ad
1445 1195 1554 1233 illam
1577 1195 1706 1234 labem
1726 1203 1842 1247 atque

444 1267 613 1306 eluviem
634 1265 802 1304 civitatis
822 1264 898 1302 fine
918 1264 1068 1302 summa
1088 1264 1125 1303 vi
1146 1263 1343 1317 pervenire
1362 1262 1520 1315 potuisti
1539 1263 1552 1299 ?

499 1333 614 1371 XXI.
647 1333 753 1370 Cum
794 1331 834 1369 in
872 1330 1057 1369 tribunali
1096 1330 1259 1368 Aurelio
1297 1328 1561 1367 conscribebas
1596 1328 1722 1380 palam
1762 1340 1841 1365 non

446 1400 565 1438 modo
597 1397 753 1442 liberos,
785 1397 846 1434 sed
877 1396 993 1434 etiam
1026 1395 1163 1440 servos,
1194 1409 1242 1433 ex
1272 1395 1456 1433 omnibus
1487 1395 1581 1434 vicis
1613 1395 1839 1438 concitatos,

446 1468 526 1504 vim
548 1475 633 1503 tum
654 1463 832 1502 videlicet
855 1476 931 1500 non
952 1462 1121 1514 parabas.
1145 1463 1249 1499 Cum
1271 1461 1404 1499 edictis
1426 1461 1502 1499 tuis
1523 1461 1692 1499 tabernas
1714 1460 1841 1498 claudi

440 1532 603 1586 jubebas
619 1560 628 1575 ,
662 1543 737 1568 non
759 1529 840 1567 vim
861 1528 1048 1581 imperitae
1070 1527 1334 1566 multitudinis
1349 1556 1360 1572 ‚
1392 1526 1451 1564 sed
1472 1526 1679 1565 hominum
1701 1525 1842 1564 hones-

446 1611 576 1640 torum
599 1598 823 1637 modestiam
845 1597 1181 1651 prudentiamque,
1199 1595 1404 1649 quaerebas.
1423 1595 1528 1633 Cum
1546 1609 1651 1633 arma
1666 1596 1705 1633 in
1723 1595 1844 1633 aedern

448 1667 613 1706 Castoris
639 1665 904 1718 comportabas
920 1692 930 1709 ,
963 1662 1062 1702 nihil
1082 1663 1185 1701 aliud
1201 1693 1211 1707 ,
1243 1663 1311 1700 nifi
1335 1662 1391 1700 uti
1412 1675 1460 1699 ne
1480 1662 1576 1714 quid
1595 1675 1662 1714 per
1682 1663 1761 1700 vim
1783 1663 1842 1714 agi

448 1734 579 1788 poffet,
613 1731 896 1771 machinabare.
929 1731 1034 1768 Cum
1066 1743 1154 1767 vero
1184 1729 1322 1781 gradus
1359 1729 1523 1766 Castoris
1555 1728 1766 1766 convellisti
1800 1741 1842 1765 ac

448 1799 641 1839 removisti
658 1817 670 1844 3
702 1808 803 1842 tum,
836 1806 879 1835 ut
899 1795 1068 1834 modeste
1088 1795 1160 1833 tibi
1180 1808 1288 1847 agere
1308 1794 1453 1838 liceret,
1484 1793 1662 1831 homines
1683 1794 1843 1831 audaces

449 1868 494 1905 ab
516 1868 596 1920 ejus
618 1860 755 1917 templi
780 1864 886 1901 aditu
914 1872 1029 1914 atque
1055 1860 1206 1900 ascensu
1233 1860 1419 1914 repulisti.
1453 1861 1558 1898 Cum
1584 1873 1647 1898 eos
1665 1889 1676 1905 ‚
1707 1860 1775 1912 qui
1802 1861 1843 1898 in

450 1940 643 1971 conventu
665 1930 834 1968 virorum
856 1929 1048 1967 bonorum
1071 1928 1184 1966 verba
1203 1927 1248 1965 de
1268 1926 1385 1965 salute
1408 1939 1493 1964 mea
1512 1925 1694 1971 fecerant,
1725 1925 1846 1964 adesse

445 1998 580 2053 juffisti
598 2027 608 2042 ‚
644 2009 857 2048 eorumque
892 1995 1181 2034 advocationem
1216 1994 1394 2032 manibus
1412 2023 1423 2038 ,
1459 1992 1559 2032 ferro
1576 2023 1586 2038 ‚
1622 1993 1814 2046 lapidibus
1833 2023 1844 2039 ,

450 2063 645 2103 discuffisti
664 2082 674 2107 ;
708 2072 793 2100 tum
814 2061 986 2114 profecto
1005 2061 1210 2105 ostendisti,
1243 2061 1324 2098 vim
1350 2060 1421 2098 tibi
1442 2060 1612 2098 maxime
1632 2059 1844 2112 displicere.

451 2133 597 2170 Verum
619 2129 701 2168 haec
722 2127 862 2166 furiosa
882 2129 936 2166 vis
958 2128 1080 2166 vesani
1102 2128 1249 2166 tribuni
1269 2127 1392 2180 plebis
1412 2125 1526 2165 facile
1548 2126 1711 2179 superari
1738 2124 1844 2164 fran-

451 2199 568 2252 gique
589 2195 730 2250 potuit,
762 2196 932 2233 virorum
955 2195 1146 2233 bonorum
1167 2194 1227 2231 vel
1247 2194 1403 2238 virtute,
1434 2193 1493 2232 vel
1516 2193 1784 2231 multitudine.

508 2263 646 2315 Qid?
678 2275 769 2300 cum
792 2261 963 2299 Gabinio
985 2261 1088 2312 Syria
1109 2260 1283 2305 dabatur,
1314 2259 1545 2297 Macedonia
1572 2259 1715 2303 Pisoni,
1746 2259 1844 2297 utri-

454 2344 527 2383 que
549 2328 748 2367 infinitum
770 2327 994 2380 imperium,
1022 2328 1156 2380 ingens
1177 2326 1350 2379 pecunia,
1373 2334 1416 2363 ut
1437 2325 1509 2363 tibi
1529 2326 1660 2363 omnia
1679 2325 1844 2378 permit-

455 2405 599 2439 terent,
632 2404 669 2432 te
694 2394 939 2446 adjuvarent,
972 2393 1044 2431 tibi
1072 2406 1232 2430 manum
1251 2421 1261 2436 ‚
1293 2392 1446 2444 copias,
1478 2392 1550 2429 tibi
1581 2391 1666 2429 suos
1697 2399 1844 2444 paratos

454 2461 714 2505 centuriones,
745 2459 817 2498 tibi
839 2459 1017 2512 pecunias
1033 2489 1043 2505 ,
1075 2459 1148 2498 tibi
1168 2457 1333 2497 familias
1348 2488 1359 2503 ,
1390 2466 1655 2511 compararent
1671 2475 1684 2502 ς
1717 2466 1752 2494 te
1772 2456 1845 2493 suis
