2212 2835
715 164 900 205 POST
958 159 1331 201 REDITUM.
1651 170 1721 210 341

332 269 412 313 suo,
444 266 506 306 sed
538 265 654 304 etiam
688 262 821 307 vestro,
853 268 1157 311 caeterorumque
1184 257 1388 302 ordinum,
1420 255 1625 309 spoliatum
1657 254 1728 294 effe

333 335 560 374 voluerunt:
593 343 760 385 quorum
791 329 885 367 alter
917 335 1047 365 tamen
1074 338 1200 376 neque
1220 337 1297 369 me,
1329 336 1454 375 neque
1474 336 1726 376 quemquam,

335 400 489 440 fefellit.

389 467 441 505 V.
474 464 575 516 Qis
595 463 701 500 enim
730 460 851 498 ullam
879 458 997 496 ullius
1029 455 1122 493 boni
1155 454 1262 507 spem
1290 453 1447 492 haberet
1469 454 1509 492 in
1530 468 1589 500 eo,
1620 456 1730 507 cujus

333 534 506 587 primum
528 540 682 582 tempus
702 527 820 565 aetatis
841 524 967 577 palam
988 521 1115 560 fuiffet
1129 520 1176 558 ad
1195 520 1376 558 omnium
1397 520 1578 558 libidines
1599 521 1729 558 divul-

333 608 468 652 gatum
485 597 497 634 ?
525 595 594 648 qui
614 608 661 632 ne
679 607 700 630 a
720 590 946 630 sanctiffima
965 587 1125 641 quidem
1143 596 1249 640 parte
1267 586 1437 639 corporis
1459 586 1638 639 potuisset
1659 585 1732 624 ho-

334 667 489 705 minum
521 664 718 716 impuram
749 657 1087 712 intemperantiam
1118 654 1363 708 propulsare?
1395 655 1476 707 qui,
1508 668 1600 692 cum
1627 655 1733 692 suam

336 746 417 772 rem
439 744 518 770 non
538 729 668 768 minus
690 727 850 770 strenue,
868 737 986 777 quam
1003 722 1128 775 postea
1143 721 1358 774 publicam,
1377 720 1611 766 confecisset,
1629 721 1733 774 eges-

337 808 453 838 tatem
476 805 514 834 et
533 795 729 834 luxuriam
751 791 961 830 domestico
981 788 1176 827 lenocinio
1197 787 1417 825 sustentavit
1437 788 1449 824 ?
1481 787 1574 840 qui,
1606 787 1675 825 nifi
1696 788 1737 826 in

338 878 442 904 aram
462 862 681 901 tribunatus
701 857 932 911 confugisset
947 885 958 900 ,
989 868 1115 908 neque
1135 854 1215 892 vim
1237 854 1428 907 praetoris,
1460 867 1530 892 nec
1551 854 1736 892 multitu-

339 932 470 970 dinem
491 927 727 966 creditorum
746 953 756 969 ,
789 937 859 961 nec
881 923 1074 960 bonorum
1096 919 1416 974 proscriptionem
1433 949 1443 964 ‚
1476 919 1643 972 effugere
1662 933 1736 972 po-

339 995 497 1036 tuiffet?
529 995 622 1045 Qo
643 993 683 1030 in
705 990 926 1043 magistratu
948 988 1017 1026 nifi
1038 987 1277 1040 rogationem
1300 986 1345 1023 de
1366 986 1527 1039 piratico
1548 986 1651 1024 bello
1671 996 1737 1024 tu-

340 1062 452 1107 liffet‚
483 1059 655 1114 profesto
688 1057 849 1111 egestate
882 1065 920 1093 et
953 1054 1203 1106 improbitate
1238 1054 1390 1090 coaetus
1424 1052 1626 1105 piraticam
1661 1051 1739 1104 ipse

341 1127 488 1168 feciffet
502 1145 515 1172 ς
546 1139 589 1164 ac
610 1124 760 1162 minore
780 1121 940 1174 quidem
961 1133 1054 1158 curn
1075 1118 1299 1171 reipublicae
1328 1118 1561 1156 detrimento
1578 1147 1589 1163 ,
1621 1131 1740 1170 quam

342 1195 448 1249 quod
476 1194 576 1231 intra
606 1190 751 1229 moenia
778 1187 944 1226 nefarius
974 1185 1093 1224 hostis
1125 1185 1330 1238 praedoque
1356 1184 1520 1222 versatus
1548 1185 1628 1222 est:
1662 1198 1740 1237 quo

341 1262 575 1315 inspectante
595 1271 637 1296 ac
658 1256 820 1300 sedente,
852 1255 979 1307 legem
1000 1252 1180 1291 tribunus
1201 1252 1324 1304 plebis
1352 1252 1456 1296 tulit,
1488 1265 1536 1288 ne
1563 1251 1740 1304 auspiciis

343 1329 670 1380 obtemperaretur
685 1342 698 1369 5
730 1336 778 1361 ne
799 1321 1028 1359 obnuntiare
1047 1318 1215 1356 concilio
1232 1347 1244 1362 ,
1275 1327 1339 1355 aut
1366 1318 1537 1356 comitiis
1556 1347 1566 1362 ‚
1598 1331 1645 1355 ne
1665 1317 1743 1369 legi

344 1392 592 1437 intercedere,
613 1391 747 1429 liceret
762 1407 774 1434 3
798 1397 841 1426 ut
860 1388 922 1425 lex
941 1386 1046 1424 AElia
1065 1394 1104 1423 et
1123 1384 1235 1422 Fufia
1253 1397 1302 1421 ne
1322 1383 1489 1423 valerent
1507 1399 1516 1422 ι
1549 1398 1634 1436 quae
1655 1384 1743 1421 nos-

345 1462 397 1500 tri
423 1460 584 1511 majores
611 1455 817 1495 certiffima
842 1452 1002 1492 subfidia
1026 1450 1249 1504 reipublicae
1275 1459 1407 1488 contra
1433 1451 1657 1489 tribunitios
1677 1449 1743 1488 fu-

346 1539 448 1565 rores
468 1524 540 1563 effe
560 1523 778 1561 voluerunt.
813 1520 1000 1570 Idemque
1021 1516 1146 1570 postea
1164 1544 1175 1560 ,
1206 1529 1300 1553 cum
1321 1517 1614 1555 innumerabilis
1636 1516 1743 1555 mul-

347 1592 475 1631 titudo
494 1591 688 1628 bonorum
709 1588 755 1625 de
776 1584 972 1639 Capitolio
992 1582 1151 1636 supplex
1171 1582 1217 1620 ad
1235 1595 1327 1620 eum
1347 1582 1533 1620 sordidata
1558 1582 1715 1621 venisset
1733 1611 1743 1627 ‚

347 1670 518 1710 cumque
538 1654 790 1694 adolescentes
812 1650 1063 1694 nobilissimi,
1094 1649 1300 1701 cunctique
1319 1649 1467 1701 equites
1489 1649 1679 1693 Romani,
1712 1649 1747 1686 se

349 1726 395 1763 ad
415 1723 565 1762 lenonis
586 1720 834 1774 impuriflimi
854 1718 967 1771 pedes
988 1716 1205 1769 abjeciffent
1220 1734 1232 1760 ς
1265 1729 1343 1768 quo
1370 1715 1481 1753 vultu
1503 1716 1746 1753 cincinnatus

350 1803 471 1844 ganeo
492 1802 569 1827 non
590 1787 715 1826 solum
736 1785 883 1824 civium
906 1784 1090 1835 lacrymas
1106 1811 1117 1827 ,
1149 1794 1283 1819 verum
1301 1780 1417 1819 etiam
1439 1781 1567 1833 patriae
1588 1794 1716 1833 preces
1735 1810 1746 1825 ,

326 1889 333 1895 .
352 1855 565 1910 repudiavit
583 1854 595 1891 ?
629 1853 769 1905 Neque
789 1865 834 1889 eo
854 1859 1059 1889 contentus
1079 1847 1156 1887 fuit
1174 1878 1184 1894 ‚
1218 1847 1279 1885 sed
1305 1848 1420 1885 etiam
1451 1848 1491 1885 in
1518 1848 1748 1885 concionem

352 1922 533 1966 ascendit,
563 1933 682 1972 eaque
703 1919 818 1963 dixit,
850 1931 950 1970 quae,
982 1916 1008 1954 fi
1029 1917 1109 1968 ejus
1131 1915 1188 1953 vir
1209 1915 1378 1953 Catilina
1398 1914 1601 1958 revixisset,
1624 1915 1749 1951 dicere

354 2002 432 2027 non
452 1987 541 2025 effet
561 1986 669 2024 aufus
687 2000 696 2023 z
729 1985 764 2023 se
785 1985 989 2023 Nonarum
1012 1981 1259 2026 Decembris,
1291 1995 1375 2033 quae
1396 1994 1459 2018 me
1480 1980 1633 2018 consule
1655 1979 1748 2017 fuis-

356 2056 457 2099 sent,
489 2054 656 2105 clivique
679 2051 918 2104 Capitolini,
950 2063 1080 2102 poenas
1102 2049 1148 2086 ab
1171 2048 1367 2101 equitibus
1389 2048 1578 2085 Romanis
1600 2047 1669 2084 effe
1691 2060 1749 2083 re-

356 2121 568 2174 petiturum
589 2133 596 2156 :
630 2131 755 2170 neque
774 2116 899 2154 solum
921 2116 960 2153 id
980 2116 1092 2160 dixit,
1123 2115 1185 2152 sed
1206 2127 1302 2166 quos
1323 2114 1357 2151 ei
1377 2113 1631 2151 commodum
1659 2111 1748 2154 fuit,

358 2184 632 2238 compellavit:
665 2185 714 2222 L.
738 2196 825 2221 vero
847 2182 1026 2221 Lamiam
1041 2210 1052 2226 ‚
1084 2181 1257 2232 equitem
1281 2181 1504 2217 Romanum
1520 2208 1529 2223 ,
1562 2177 1751 2230 praestanti

360 2252 545 2305 dignitate
566 2249 767 2288 hominem
782 2277 792 2293 ‚
824 2259 861 2286 et
883 2248 992 2286 saluti
1013 2260 1106 2285 meae
1126 2260 1196 2298 pro
1216 2245 1475 2284 familiaritate
1490 2273 1499 2288 ‚
1532 2242 1752 2294 reipublicae

361 2333 430 2373 pro
459 2317 625 2355 fortunis
655 2316 742 2360 suis,
773 2315 1062 2358 amiciffimum,
1092 2313 1225 2350 consul
1260 2311 1485 2364 imperiosus
1522 2310 1623 2346 exire
1659 2309 1752 2346 urbe

357 2385 476 2437 juffit.
510 2384 574 2427 Et,
607 2395 698 2420 cum
730 2394 795 2418 vos
831 2381 971 2418 vestem
1007 2379 1233 2417 mutandam
1268 2375 1513 2418 censuissetis,
1546 2375 1753 2426 cunctique

363 2448 597 2493 mutassetis,
629 2456 742 2499 atque
773 2446 875 2483 idem
911 2458 1045 2483 omnes
1082 2444 1175 2481 boni
1203 2445 1284 2495 jam
1319 2451 1405 2479 ante
1440 2439 1639 2485 feciss'ent3
1673 2441 1752 2484 illc,
