2212 2835
736 227 916 269 POST
975 234 1343 279 REDITUM.
1656 263 1730 302 343

342 325 410 364 pro
433 331 515 356 mea
535 319 652 360 salute
671 352 681 367 ,
712 339 783 377 pro
804 328 918 366 vestra
938 333 1159 372 auetoritate
1173 364 1182 379 ,
1215 351 1283 388 pro
1304 339 1398 378 statu
1421 342 1583 383 civitatis
1599 374 1609 389 ,
1641 345 1731 382 nul-

340 379 391 418 las
420 383 488 421 fibi
515 386 754 435 iuimicitias,
787 394 933 433 nullam
964 397 1058 442 vim,
1092 400 1218 438 nullos
1252 403 1435 456 impetu&
1468 410 1620 450 nullum
1644 413 1729 450 vitae

339 446 559 495 discrimen,
607 455 806 496 vitandum
847 473 1018 512 unquam
1054 466 1227 516 putavit:
1269 471 1335 520 qui
1375 473 1524 513 causam
1565 477 1726 523 senatus,

335 515 566 565 exagitatam
587 521 842 562 concionibus
869 525 1138 578 improborum
1156 560 1167 575 ,
1199 532 1248 570 fic
1275 534 1338 573 sua
1364 537 1562 589 diligentia
1588 545 1725 583 multi-

334 578 458 617 tudini
479 586 780 633 commendavit,
812 599 854 628 ut
875 590 974 630 nihil
996 602 1074 633 tam
1094 598 1292 651 populare,
1325 616 1443 654 quam
1465 607 1628 647 vestrum
1653 624 1724 649 no-

329 656 443 689 men,
474 646 574 686 nihil
599 659 678 690 tam
698 655 881 695 omnibus
902 672 1035 698 carum
1056 662 1284 715 aliquando,
1316 683 1433 721 quam
1455 674 1572 712 vestra
1591 678 1722 715 aufto-

328 709 415 748 ritas
431 739 441 755 ,
472 712 662 754 videretur
681 733 689 755 ε
722 722 792 772 qui
810 735 875 760 me
895 737 987 763 cum
1007 728 1190 768 omnibus
1212 732 1323 771 rebus
1337 763 1349 779 ,
1379 737 1521 788 quibus
1544 741 1721 782 tribunus

326 774 452 826 plebis
473 781 615 831 potuit,
647 784 833 832 defendit,
866 798 952 828 tum
974 793 1130 846 reliquis
1152 797 1304 845 officiis,
1329 801 1456 853 juxta,
1488 818 1530 843 ac
1557 807 1582 844 fi
1612 821 1720 848 meus

325 838 442 880 frater
464 844 566 890 esset,
599 847 844 892 sustentavit:
878 857 987 908 cujus
1012 872 1083 912 ego
1110 861 1334 911 clientibus,
1366 867 1527 916 libertis,
1557 871 1718 921 familia,

324 908 462 960 copiis,
494 910 628 958 literis,
660 915 713 953 ita
732 917 817 957 sum
837 920 1076 971 sustentatus,
1109 936 1152 965 ut
1177 942 1272 969 meae
1298 933 1525 975 calamitatis
1552 951 1629 978 non
1650 942 1718 980 ad-

318 972 428 1024 jutor
447 975 588 1023 solum,
627 994 760 1021 verum
779 985 896 1025 etiam
918 988 1054 1036 socius,
1086 993 1292 1036 videretur.

379 1040 467 1091 Jam
488 1053 714 1086 caeterorum
734 1050 862 1089 officia
881 1053 1079 1109 studiaque
1098 1059 1241 1099 vidistis
1260 1077 1269 1100 ε
1302 1078 1419 1117 quam
1446 1069 1610 1122 cupidus
1637 1075 1716 1113 mei

321 1105 371 1144 C.
396 1107 574 1148 Cestilius
590 1141 603 1156 ,
634 1127 751 1165 quam
772 1116 958 1159 studiosus
979 1123 1118 1170 vestri,
1150 1139 1267 1178 quam
1295 1144 1372 1169 non
1394 1134 1516 1174 varius
1536 1136 1655 1178 fuerit
1674 1142 1715 1179 in

319 1171 439 1211 causa.
473 1175 582 1226 Qid
608 1177 672 1216 M.
697 1181 881 1235 Cispius?
912 1187 976 1224 cui
1002 1202 1073 1241 ego
1100 1190 1182 1244 ipfi‚
1211 1197 1374 1246 parenti,
1406 1198 1591 1254 fratrique
1616 1206 1712 1257 ejus,

318 1236 440 1277 sentio
460 1251 650 1293 quantum
671 1245 830 1288 debeam
844 1269 856 1295 3
879 1254 962 1304 qui,
984 1267 1077 1294 cum
1097 1270 1118 1294 a
1138 1271 1201 1296 me
1222 1261 1396 1302 voluntas
1417 1278 1550 1306 eorum
1570 1270 1611 1308 in
1631 1274 1712 1324 pri-

317 1313 404 1343 vato
431 1307 584 1359 judicio
612 1311 701 1351 effet
730 1315 883 1362 offensa,
913 1320 1064 1372 publici
1095 1325 1174 1362 mei
1207 1325 1384 1368 beneficii
1413 1336 1602 1374 memoria
1629 1341 1711 1391 pri—

314 1379 441 1411 vatam
475 1374 727 1418 offenfionem
762 1383 1072 1427 obliteraverunt.
1105 1391 1194 1440 Jam
1228 1394 1280 1432 T.
1304 1396 1475 1445 Fadius,
1507 1403 1576 1454 qui
1609 1404 1711 1444 mihi

314 1439 476 1489 quaestor
495 1441 596 1488 fuit,
628 1445 692 1483 M.
716 1448 875 1488 Curtius
889 1478 899 1494 ,
931 1453 1041 1504 cujus
1061 1467 1134 1507 ego
1153 1459 1251 1509 patri
1271 1463 1434 1512 quaestor
1451 1465 1531 1512 fui,
1561 1469 1706 1518 studio,

312 1516 457 1551 amore,
488 1509 632 1555 animo,
663 1510 757 1551 huic
778 1516 1042 1557 neceffitudini
1062 1535 1142 1560 non
1163 1523 1382 1568 defuerunt.
1414 1532 1547 1573 Multa
1569 1537 1617 1575 de
1645 1553 1708 1579 me

312 1570 360 1608 C.
383 1570 560 1620 Meffius,
591 1585 628 1615 et
648 1579 827 1619 amicitiae
846 1591 884 1620 et
903 1584 1124 1637 reipublicae
1142 1591 1263 1637 causa,
1295 1593 1418 1634 dixit:
1450 1598 1577 1653 legem
1599 1604 1706 1658 sepa-

308 1637 422 1675 ratim
454 1639 567 1679 initio
598 1643 645 1681 de
674 1644 791 1684 salute
820 1662 906 1687 mea
935 1654 1210 1706 promulgavit.
1243 1659 1518 1711 QFabriCIus
1546 1668 1587 1714 fi,
1619 1684 1705 1723 quae

306 1702 355 1740 de
389 1718 453 1743 me
487 1720 595 1760 agere
627 1721 786 1752 conatus
820 1715 886 1761 est,
918 1730 961 1755 ea
991 1729 1125 1759 contra
1157 1723 1238 1762 vim
1270 1736 1308 1764 et
1342 1727 1488 1770 ferrum
1522 1736 1702 1786 perficere

305 1770 486 1820 potuisset
493 1791 506 1818 3
524 1775 654 1814 mense
674 1778 855 1828 Januario
876 1783 1049 1824 nostrum
1066 1787 1205 1828 statum
1223 1795 1562 1846 recuperaffemus:
1582 1816 1700 1854 quem

299 1835 351 1873 ad
387 1836 548 1879 salutem
583 1856 711 1883 meam
746 1847 923 1888 voluntas
957 1851 1130 1906 impulit,
1163 1857 1218 1896 vis
1250 1861 1465 1910 retardavit,
1495 1869 1697 1910 auctoritas

303 1901 422 1941 vestra
442 1908 645 1947 revocavit.

358 1968 432 2007 IX.
464 1971 553 2021 Jam
574 1987 661 2014 vero
680 1987 856 2029 praetores
878 1996 957 2035 quo
977 1985 1108 2025 animo
1128 1988 1168 2026 in
1188 2003 1251 2028 me
1273 1991 1417 2034 fuerint
1433 2025 1445 2041 ,
1477 2011 1542 2037 vos
1563 2001 1695 2040 existi-

300 2047 405 2073 mare
424 2039 614 2089 potuistis,
631 2056 723 2083 cum
745 2047 793 2085 L.
807 2049 986 2090 Caecilius
1002 2054 1183 2105 privatim
1202 2071 1265 2097 me
1281 2060 1355 2100 suis
1371 2065 1554 2106 omnibus
1571 2070 1692 2121 copiis

298 2100 483 2142 studuerit
502 2105 703 2148 sustentare
710 2129 722 2156 ,-
741 2113 897 2164 publice
914 2120 1171 2173 promulgarit
1191 2124 1236 2162 de
1255 2139 1340 2165 mea
1358 2128 1474 2169 salute
1495 2146 1587 2171 cum
1607 2136 1692 2173 col-

299 2167 394 2220 legis
414 2182 511 2221 pene
535 2175 717 2215 omnibus
733 2196 745 2223 3
778 2179 1035 2234 direptoribus
1063 2196 1193 2226 autem
1223 2204 1400 2234 meorum
1429 2196 1620 2237 bonorum
1647 2201 1687 2239 in

292 2233 356 2283 jus
377 2234 540 2274 adeundi
560 2241 784 2290 potestatem
803 2259 881 2285 non
902 2247 1048 2289 fecerit.
1081 2252 1145 2292 M.
1168 2264 1296 2295 autem
1326 2260 1498 2300 Calidius
1515 2292 1527 2308 ,
1558 2263 1684 2305 statim

296 2298 510 2351 designatus
529 2332 539 2348 ,
571 2304 753 2347 sententia
772 2311 862 2357 sua,
893 2328 1011 2366 quam
1032 2317 1120 2357 effet
1146 2333 1229 2359 cara
1255 2323 1323 2361 fibi
1350 2339 1435 2364 mea
1460 2327 1554 2366 salus
1571 2358 1583 2374 ,
1614 2331 1681 2370 de-

293 2365 464 2405 claravit.
498 2368 645 2409 Omnia
662 2374 787 2413 officia
808 2378 855 2416 C.
883 2380 1074 2432 Septimii,
1106 2386 1338 2437 QValerii,
1371 2392 1415 2429 P.
1439 2392 1570 2438 Crasti,
1593 2397 1679 2436 Sex.

294 2432 495 2482 Qintilii‚
531 2436 579 2474 C.
613 2438 793 2486 Cornuti,
829 2442 977 2483 summa
1009 2457 1046 2485 et
1080 2449 1122 2487 in
1155 2464 1219 2488 me
1252 2462 1290 2490 et
1322 2455 1362 2492 in
1397 2459 1678 2511 rempublicam

290 2497 554 2539 constiterunt.
589 2504 686 2557 Qae
704 2519 797 2546 curn
817 2507 981 2550 libenter
1000 2526 1267 2556 commemoro
1285 2548 1294 2562 ‚
1327 2529 1409 2560 tum
1432 2537 1507 2563 non
1533 2525 1675 2568 invitus

370 2565 442 2604 To
459 2578 509 2606 M.
543 2567 593 2608 V.
1281 2586 1317 2624 X
1350 2601 1372 2624 x
