2212 2835
618 202 696 243 IN
754 203 804 242 L.
865 202 1323 243 CATILINAM.
1610 206 1682 257 165

288 303 511 358 reipublicae
531 303 674 357 pestem
695 302 808 342 toties
823 303 905 356 jam
935 301 1160 356 effugimus.
1192 303 1289 342 Non
1318 302 1369 340 est
1390 302 1524 356 saepius
1545 302 1584 340 in
1607 316 1686 340 uno

287 370 450 409 homine
479 371 575 409 salus
607 370 759 409 summa
788 369 1039 423 periclitanda
1069 369 1302 422 reipublicae.
1339 370 1540 420 Qamdiu
1570 368 1684 413 mihi,

287 437 437 476 consuli
466 437 671 489 defignato,
704 435 887 480 Catilina,
918 435 1114 473 infidiatus
1142 448 1195 480 es,
1227 449 1305 473 non
1326 436 1485 487 publico
1505 450 1567 474 me
1588 450 1685 489 prae-

290 503 398 548 sidio,
429 502 489 541 sed
521 503 667 555 privata
697 501 912 554 diligentia,
949 499 1119 539 defendi.
1158 502 1264 539 Cum
1294 502 1482 554 proximis
1513 503 1685 540 comitiis

287 569 548 608 consularibus
570 582 634 607 me
653 567 851 606 consulem
873 568 913 605 in
930 581 1082 621 campo,
1104 576 1141 605 et
1162 567 1450 620 competitores,
1472 567 1687 606 interficere

287 635 454 681 voluisti,
485 633 687 688 compreffi
715 643 801 673 tuos
829 633 993 672 nefarios
1021 643 1181 672 conatus
1209 634 1424 673 amicorum
1452 634 1623 687 praesidio
1650 644 1688 672 et

287 702 424 755 copiis,
446 701 556 740 nullo
571 700 751 747 ,tumultu
772 701 930 754 publice
950 701 1159 739 concitato.
1182 701 1367 753 Denique
1383 701 1689 754 quotiescunque

224 808 227 811 ,
289 781 354 806 me
373 768 513 821 petisti,
544 781 611 821 per
632 781 695 806 me
716 767 788 806 tibi
808 767 966 806 obstiti:
999 780 1222 820 quanquam
1245 767 1438 813 videbam,
1474 768 1688 820 perniciem

290 847 420 872 meam
441 847 534 872 cum
556 847 695 887 magna
715 833 931 872 calamitate
952 833 1173 886 reipublicae
1193 832 1265 871 ess‘e
1280 834 1543 885 conjunctam.
1567 834 1688 872 Nunc

284 901 366 954 jam
387 910 514 954 aperte
540 900 824 954 rempublicam
851 899 1063 947 universam
1087 901 1185 953 petis
1204 915 1213 939 ε
1247 900 1393 953 templa
1412 901 1587 939 Deorum
1609 900 1698 938 im-v

291 967 533 1013 mortalium,
564 968 662 1006 testa
692 967 812 1012 urbis,
843 967 962 1006 vitam
996 967 1178 1005 omnium
1204 967 1366 1012 civium,
1398 967 1689 1005 Italiamrdeni-

292 1047 369 1086 que
389 1042 525 1079 totam,
555 1033 602 1072 ad
621 1034 787 1072 exitium
808 1043 846 1072 et
865 1033 1078 1071 vastitatem
1100 1046 1227 1072 vocas.
1260 1034 1403 1085 Qare,
1427 1033 1612 1085 quoniam
1634 1033 1688 1077 id,

292 1100 397 1153 quod
416 1101 605 1154 primum,
633 1109 747 1153 atque
766 1099 883 1152 hujus
904 1100 1057 1152 imperii
1077 1099 1367 1152 disciplinaeque
1386 1101 1576 1151 majorum
1599 1114 1690 1153 pro-

292 1168 422 1220 prium
442 1167 508 1212 est,
538 1166 660 1204 facere
680 1165 856 1204 nondum
878 1164 998 1203 audeo
1011 1183 1023 1210 3
1054 1164 1195 1203 faciam
1216 1166 1395 1218 id,rquod
1415 1166 1466 1203 est
1487 1167 1531 1204 ad
1553 1166 1691 1204 severi-

294 1241 414 1271 tatem
434 1233 574 1277 lenius,
605 1232 650 1270 ad
671 1244 926 1270 communem
947 1231 1107 1269 salutem
1130 1230 1279 1270 utilius,
1312 1231 1432 1276 Nam,
1464 1233 1490 1270 fi
1511 1241 1548 1269 te
1569 1232 1691 1270 inter-

294 1298 358 1337 fici
373 1298 527 1352 juffeto,
558 1298 734 1337 residebit
760 1298 800 1336 in
822 1297 1021 1351 republica
1046 1297 1192 1351 reliqua
1211 1298 1504 1351 conjuratorum
1524 1312 1660 1337 manus
1680 1313 1690 1337 :

292 1365 348 1404 fin
370 1374 424 1411 tu,
457 1366 562 1419 quod
583 1374 619 1404 te
633 1365 869 1418 jamdudum
890 1364 1037 1410 hortor,
1065 1365 1201 1403 exieris
1218 1383 1230 1410 3
1263 1364 1511 1403 exhaurietur
1530 1379 1576 1403 ex
1598 1365 1693 1403 urbe

293 1441 451 1472 tuorum
471 1433 665 1472 comitum
686 1446 825 1485 magna
850 1441 887 1470 et
914 1431 1124 1485 perniciosa
1143 1431 1288 1470 sentina
1315 1433 1550 1485 reipublicae.
1584 1431 1693 1484 Qid

290 1498 358 1544 est,
399 1499 568 1537 Catilina
586 1500 598 1536 ?
640 1512 737 1537 num
773 1498 926 1537 dubitas
961 1497 1015 1542 id,
1052 1511 1116 1536 me
1150 1498 1378 1550 imperante,
1413 1498 1550 1544 facere,
1587 1498 1693 1551 quod

286 1565 370 1617 jam
399 1574 465 1602 tua
489 1565 623 1617 sponte
650 1563 848 1602 faciebas?
891 1563 1010 1602 Exire
1035 1577 1083 1602 ex
1110 1564 1205 1602 urbe
1231 1564 1363 1603 consul
1392 1563 1541 1603 hostem
1563 1566 1690 1618 jubet.

293 1631 507 1685 Interrogas
528 1644 606 1677 me,
628 1644 725 1670 num
745 1631 786 1669 in
807 1630 999 1670 exilium?
1022 1644 1099 1670 non
1113 1631 1258 1684 jubeo:
1285 1631 1359 1677 sed,
1381 1631 1407 1670 fi
1429 1645 1491 1670 me
1511 1632 1693 1679 consulis,

294 1697 443 1736 suadeo.

347 1764 421 1803 VI.
453 1765 562 1817 Qid
581 1765 702 1811 enim,
725 1765 907 1811 Catilina,
929 1765 996 1811 est,
1017 1765 1121 1819 quod
1144 1775 1180 1805 te
1194 1767 1278 1819 jam
1299 1766 1339 1804 in
1360 1765 1431 1805 hac
1454 1767 1547 1805 urbe
1564 1767 1692 1805 delec-

295 1839 371 1869 tare
390 1831 502 1884 poffit
521 1831 533 1868 ?
565 1832 605 1870 in
632 1846 709 1885 qua
734 1846 850 1871 nemo
875 1832 942 1878 est,
973 1842 1079 1871 extra
1102 1832 1212 1872 istam
1233 1834 1541 1885 conjurationem
1563 1834 1693 1887 perdi-

294 1907 425 1936 torum
453 1897 679 1945 hominum,
710 1900 778 1952 qui
807 1908 843 1937 te
871 1913 949 1938 non
977 1909 1125 1938 metuat
1141 1919 1153 1945 3
1186 1914 1317 1945 nemo,
1349 1901 1418 1952 qui
1445 1914 1524 1939 non
1555 1901 1693 1939 oderit.

295 1965 394 2016 Qae
414 1974 504 2005 nota
523 1966 741 2005 domesticae
762 1967 1014 2021 turpitudinis
1036 1981 1113 2006 non
1134 1967 1257 2006 inusta
1276 1968 1362 2006 vitae
1383 1977 1457 2007 tuae
1477 1968 1529 2006 est
1548 1969 1559 2006 ?
1591 1968 1697 2021 quod

294 2031 528 2083 privatarum
556 2046 685 2071 rerum
712 2032 876 2071 dedecus
906 2047 984 2071 non
1010 2032 1128 2071 haeret
1155 2032 1359 2072 infamiae?
1391 2048 1476 2086 quae
1505 2034 1629 2072 libido
1649 2035 1697 2072 ab

296 2096 434 2143 oculis,
465 2099 569 2151 quod
596 2097 745 2137 facinus
773 2112 792 2136 a
820 2099 998 2137 manibus
1019 2113 1193 2152 unquam
1215 2100 1306 2145 tuis,
1338 2100 1443 2152 quod
1465 2100 1656 2153 flagitium
1679 2113 1698 2137 a

300 2172 383 2200 toto
403 2177 574 2216 corpore,
596 2164 750 2203 abfuit?
782 2166 845 2203 cui
868 2174 908 2203 tu
929 2165 1227 2211 adolescentulo,
1250 2179 1368 2218 quem
1389 2167 1696 2219 corruptelarum

298 2228 490 2266 illecebris
510 2230 699 2276 irretisses,
730 2244 809 2269 non
830 2240 894 2269 aut
915 2232 960 2269 ad
980 2232 1178 2270 audaciam
1206 2231 1369 2277 ferrum,
1399 2242 1464 2275 aut
1489 2232 1534 2270 ad
1561 2231 1695 2269 libidi-

299 2309 390 2333 nem
411 2294 551 2341 facem,
572 2297 798 2349 praetulisti?
832 2298 942 2349 Qid
964 2299 1079 2336 vero?
1112 2312 1247 2351 nuper,
1269 2312 1362 2336 cum
1383 2308 1506 2336 morte
1526 2297 1695 2349 superio-

300 2362 350 2400 ris
382 2361 512 2399 uxoris
544 2363 653 2400 novis
680 2363 827 2415 nuptiis
854 2364 1019 2402 domum
1049 2378 1208 2402 vacuam
1235 2364 1394 2408 feciffes,
1428 2376 1554 2400 nonne
1580 2362 1697 2400 etiam

300 2429 374 2466 alio
395 2427 612 2465 incredibili
634 2428 770 2466 scelere
797 2428 871 2467 hoc
902 2430 1021 2468 scelus
1042 2430 1245 2468 cumulasti
1266 2431 1278 2467 ?
1312 2429 1430 2480 Qod
1450 2442 1521 2481 ego
1542 2438 1696 2480 praeter-

301 2496 430 2539 mitto,
461 2503 497 2532 et
528 2493 641 2533 facile
673 2494 795 2547 patior
826 2495 937 2541 fileri‚
970 2510 1015 2533 ne
1047 2497 1085 2534 in
1118 2495 1189 2533 hac
1217 2496 1369 2533 civitate
1397 2496 1492 2533 tanti
1517 2493 1696 2533 facinoris
