2212 2835
509 117 597 156 DE
656 109 1131 155 HARUSPICUM
1190 107 1584 148 RESPONSIS.
1668 119 1745 159 423

354 220 559 260 desciverat
575 248 586 264 ,
618 215 837 256 deflexisset.
876 215 1036 252 Secutus
1057 213 1108 251 est
1129 213 1177 250 C.
1202 208 1418 249 Gracchus.
1451 210 1544 261 Qo
1564 208 1721 262 ingenio
1739 238 1751 252 ,

355 296 498 339 quanta
517 286 582 330 vi,
614 292 756 337 quanta
782 281 966 335 gravitate
991 277 1168 317 dicendil
1202 286 1246 315 ut
1272 276 1444 314 dolerent
1471 275 1565 314 boni
1585 287 1720 313 omnes
1739 303 1750 319 ,

356 367 434 391 non
465 352 530 390 illa
561 359 664 390 tanta
691 356 915 387 ornamenta
942 346 988 383 ad
1016 345 1218 383 meliorem
1240 352 1412 380 mentem
1434 341 1753 392 voluntatemque

356 418 427 456 effe
461 416 652 456 conversa.
685 413 767 467 Ipse
801 414 849 452 L.
879 411 1103 451 Saturninus
1139 410 1191 447 ita
1224 407 1302 445 fuit
1335 407 1555 452 effrenatus,
1586 416 1624 444 et
1657 419 1754 459 pene

358 486 531 529 demens,
562 492 605 520 ut
638 482 769 520 auCtor
802 478 892 516 effet
925 477 1114 530 egregius,
1145 484 1183 512 et
1217 474 1263 511 ad
1298 473 1447 511 animos
1482 474 1754 526 imperitorum

356 549 577 588 excitandos
611 543 980 595 inflammandosque
1013 539 1220 594 perfectus.
1252 538 1360 576 Nam
1395 538 1490 590 quid
1525 552 1596 590 ego
1632 538 1677 575 de
1708 539 1753 576 P.

358 615 529 668 Sulpicio
549 614 684 665 loquar
703 611 716 648 ?
747 611 858 662 cujus
879 618 984 647 tanta
1009 608 1049 645 in
1076 605 1241 645 dicendo
1268 604 1430 658 gravitas
1449 634 1460 649 ‚
1492 613 1595 642 tanta
1610 605 1757 657 jucun-

357 682 452 720 ditas
467 710 478 726 ,
510 688 614 718 tanta
634 676 799 716 brevitas
819 675 921 720 fuit,
953 684 995 713 ut
1016 673 1134 728 poffet
1148 702 1159 718 ‚
1190 672 1249 710 vel
1270 681 1313 709 ut
1333 671 1538 724 prudentes
1560 680 1725 708 errarent
1743 700 1754 715 ,

357 748 418 786 vel
441 756 482 785 ut
503 746 597 784 boni
619 744 750 783 minus
777 743 872 781 bene
900 742 1110 785 sentirent,
1142 738 1324 792 perficere
1351 738 1529 776 dicendo.
1563 738 1667 775 Cum
1694 736 1758 775 his

358 812 584 856 conflietari,
615 819 654 849 et
683 823 752 863 pro
779 808 897 847 salute
923 807 1054 860 patriae
1074 805 1250 858 quotidie
1269 804 1467 848 dimicare,
1498 813 1575 842 erat
1595 804 1759 841 omnino

360 880 453 924 illis,
485 879 553 931 qui
573 886 659 915 tum
681 874 963 928 rempublicam
984 871 1264 926 gubernabant,
1286 870 1491 908 molestum
1510 888 1520 915 3
1555 869 1616 908 sed
1635 868 1758 907 habe-

361 947 427 985 bat
445 960 487 984 ea
507 943 681 983 molestia
700 942 892 995 quandam
916 949 1045 979 tamen
1065 939 1316 992 dignitatem,

418 1013 511 1051 XX.
544 1012 624 1050 Hic
646 1023 734 1048 vero
751 1039 768 1055 ‚.
794 1009 840 1046 de
859 1021 938 1060 quo
965 1020 1036 1059 ego
1057 1006 1134 1059 ipse
1165 1015 1245 1043 tam
1267 1004 1390 1042 multa
1422 1017 1524 1042 nunc
1545 1002 1632 1041 dico
1649 1032 1659 1048 ,
1692 1016 1760 1055 pro

362 1079 432 1119 Dii
453 1077 690 1117 immortales
710 1075 716 1113 ἔ
751 1075 846 1128 quid
865 1073 917 1112 est
935 1075 948 1111 ?
980 1072 1075 1126 quid
1095 1072 1194 1110 valet
1212 1072 1224 1108 ?
1257 1071 1352 1123 quid
1372 1070 1492 1115 affert,
1516 1080 1559 1108 ut
1580 1080 1683 1108 tanta
1703 1069 1761 1107 ci-

362 1146 472 1191 vitas,
493 1145 521 1184 fi
543 1143 664 1189 cadet,
689 1142 813 1195 (quod
834 1141 904 1179 Dii
923 1153 1040 1179 omen
1060 1139 1225 1176 obruant
1241 1136 1274 1189 !)
1297 1150 1318 1174 a
1338 1137 1418 1175 viro
1439 1146 1567 1175 tamen
1589 1135 1763 1175 confecta

363 1211 566 1251 videatur?
597 1210 700 1263 qui»,
728 1208 811 1262 post
845 1207 961 1261 patris
995 1214 1192 1251 mortem,
1224 1204 1393 1258 primam
1426 1203 1534 1241 illam
1570 1203 1763 1241 aetatulam

365 1278 471 1317 suam
501 1277 548 1315 ad
578 1276 794 1314 scurrarum
826 1272 1086 1326 locupletium
1106 1270 1289 1309 libidines
1311 1269 1450 1307 detulit
1465 1287 1477 1314 ;
1510 1282 1680 1321 quorum
1700 1268 1763 1306 in-

365 1342 620 1397 temperantia
647 1341 824 1394 expleta,
855 1339 895 1377 in
926 1337 1144 1376 domesticis
1175 1335 1227 1374 est
1246 1335 1508 1388 germanitatis
1529 1335 1667 1388 stupris
1695 1348 1764 1372 vo-

365 1411 509 1450 lutatus
528 1425 538 1449 :
570 1409 708 1448 deinde
721 1437 733 1453 ‚
758 1408 842 1459 jam
859 1404 1035 1444 robustus
1053 1433 1064 1449 ‚
1095 1403 1302 1456 provinciae
1322 1402 1358 1440 se
1378 1416 1420 1440 ac
1442 1402 1496 1440 rei
1516 1401 1676 1439 militari
1697 1400 1765 1438 de-

367 1478 439 1522 dit,
469 1486 585 1529 atque
605 1475 676 1520 ibi,
707 1474 915 1526 piratarum
941 1469 1197 1508 contumelias
1217 1467 1423 1521 perpeffUS,
1453 1468 1570 1506 etiam
1592 1468 1769 1505 Cilicum

367 1542 548 1581 libidines
566 1571 577 1586 ‚
609 1540 940 1590 Barbarorumque
958 1565 970 1582 ,
1002 1535 1147 1574 satiavit
1165 1549 1174 1572 z
1206 1533 1289 1588 post
1305 1563 1316 1579 ‚
1346 1534 1517 1572 exercitu
1537 1534 1592 1572 L..
1609 1533 1768 1572 Luculli

370 1609 575 1648 sollicitato
593 1620 660 1660 per
680 1604 892 1644 nefandum
912 1602 1048 1647 scelus,
1079 1600 1183 1655 fugit
1202 1601 1330 1646 illinc,
1358 1600 1589 1653 Romaeque,
1625 1600 1768 1638 recenti

370 1676 534 1714 adventu
568 1673 658 1717 suo,
693 1685 786 1710 cum
821 1669 1050 1723 propinquis
1084 1667 1156 1706 suis
1192 1666 1361 1711 decidit,
1396 1679 1444 1704 ne
1479 1679 1559 1704 reos
1596 1665 1735 1704 faceret
1752 1683 1773 1711 ς.

370 1756 392 1781 a
413 1741 582 1780 Catilina
601 1738 807 1793 pecuniam
828 1737 976 1789 accepit
992 1765 1002 1780 ‚
1035 1743 1079 1773 ut
1099 1733 1312 1787 turpiffime
1331 1733 1651 1786 praevaricaretur.
1699 1733 1772 1770 In-

372 1810 419 1849 de
439 1823 531 1848 cum
553 1809 721 1847 Murena
741 1805 777 1844 se
798 1806 838 1843 in
860 1805 1031 1843 Galliam
1052 1802 1221 1842 contulit
1240 1817 1248 1840 :
1281 1802 1322 1839 in
1342 1814 1418 1853 qua
1438 1801 1634 1854 provincia
1661 1813 1768 1838 mor-

379 1887 536 1916 tuorum
558 1874 781 1912 testamenta
806 1871 1028 1925 conscripsit
1046 1900 1057 1916 ,
1088 1870 1257 1923 pupillos
1288 1869 1437 1907 necavit
1454 1898 1465 1913 ,
1497 1867 1656 1906 nefarias
1677 1881 1769 1905 cum

373 1941 509 1980 multis
540 1939 726 1978 scelerum
756 1938 948 1991 pastiones
978 1935 1247 1987 societatesque
1276 1933 1469 1972 conflavit.
1501 1933 1617 1971 Unde
1647 1941 1691 1971 ut
1710 1946 1773 1971 re·

374 2008 460 2051 diit,
492 2005 677 2059 quaestum
708 2004 822 2042 illum
854 2004 1024 2042 maxime
1054 2001 1285 2040 foecundum
1318 2000 1568 2052 uberemque,
1599 1999 1770 2051 campes-

376 2083 488 2117 trem,
522 2082 649 2110 totum
670 2072 716 2109 ad
736 2071 770 2108 se
790 2072 842 2109 ita
862 2071 1021 2123 redegit,
1053 2079 1098 2107 ut
1117 2068 1239 2107 homo
1260 2067 1453 2120 popularis
1474 2066 1664 2104 fraudaret
1691 2066 1769 2102 irn-

376 2139 599 2193 probiffime
629 2138 820 2191 populum
841 2166 860 2182 ,
883 2138 1064 2188 idemque
1093 2136 1150 2174 vir
1180 2135 1350 2172 clemens
1381 2133 1559 2171 divisores
1591 2131 1776 2169 omnium.

379 2206 552 2244 tribuum
575 2204 682 2242 domi
702 2203 778 2256 ipse
796 2203 867 2241 suae
888 2202 1143 2241 crudeliffima
1164 2209 1287 2239 morte
1308 2200 1502 2237 mactaret.

435 2274 580 2310 Exorta
613 2270 666 2308 est
701 2270 766 2307 illa
798 2269 1047 2322 reipublicae,
1079 2267 1215 2311 sacris,
1247 2265 1523 2319 religionibus,
1556 2262 1772 2301 auctoritati

380 2338 504 2377 vestrae
524 2366 533 2381 ,
560 2337 718 2388 judiciis
750 2336 940 2387 publicis,
976 2334 1121 2372 funesta
1153 2332 1364 2385 quaestura:
1397 2331 1435 2367 in
1469 2342 1543 2381 qua
1575 2329 1677 2366 idem
1705 2329 1772 2366 iste

384 2406 487 2444 Deos
509 2402 775 2454 hominesque,
810 2402 1010 2453 pudorem,
1044 2399 1286 2453 pudicitiam,
1319 2398 1464 2436 senatus
1492 2395 1778 2440 austoritatem,
