2212 2835
462 175 540 215 330
902 153 1305 193 ORATIO
1378 152 1414 191 Ι.

460 257 659 301 statuerat,
692 253 889 306 Qirites,
921 252 947 290 s1
979 265 1045 290 vos
1076 263 1140 290 me
1173 250 1242 289 fibi
1273 263 1351 288 non
1387 247 1665 295 reddidiffetis,
1695 248 1855 287 eandem

462 323 586 360 subire
607 321 832 365 fortunam;
864 328 903 356 et
929 327 1036 356 tanto
1062 317 1103 355 in
1134 331 1197 355 me
1225 329 1354 355 amore
1381 316 1525 360 extitit,
1557 325 1601 353 ut
1628 323 1782 368 negaret
1799 313 1856 352 fas

462 388 532 426 effe
553 401 629 426 non
651 386 769 425 modo
789 385 992 423 domicilio
1006 414 1018 429 ,
1048 383 1109 422 sed
1130 397 1177 422 ne
1197 383 1372 436 sepulcro
1392 383 1552 435 quidem
1567 410 1579 427 ‚
1610 381 1646 420 se
1665 395 1686 419 a
1705 394 1768 419 me
1787 379 1862 418 effe

462 456 692 506 sejunctum.
727 455 802 492 Pro
837 466 902 491 me
935 451 1117 505 praesente
1152 450 1327 495 senatus,
1358 449 1648 501 hominumque
1682 456 1862 502 praeterea

462 522 603 575 viginti
623 520 760 565 millia,
783 519 923 557 vestem
945 528 1191 556 mutaverunt
1211 532 1219 556 :
1243 531 1314 570 pro
1332 517 1468 556 eodem
1490 529 1553 554 me
1573 515 1726 553 absente
1747 513 1867 552 unius-

464 588 680 639 squalorem
704 585 904 638 sordesque
930 585 1089 623 vidistis.
1121 585 1235 622 Unus
1256 582 1322 621 hic
1336 612 1347 628 ,
1378 582 1448 636 qui
1468 582 1596 627 domi,
1628 581 1697 634 qui
1718 581 1759 618 in
1778 578 1865 618 foro

464 654 585 709 poffet
615 653 700 698 effe,
736 651 836 690 mihi
866 652 1008 704 pietate
1038 650 1141 688 filius
1176 651 1355 688 inventus
1389 649 1457 694 est,
1492 647 1680 687 beneficio
1713 658 1865 700 parenS,

467 735 595 760 amore
630 721 760 764 idem,
793 719 861 771 qui
896 718 1042 770 semper
1076 716 1177 762 fuit,
1208 716 1336 755 frater.
1371 716 1479 754 Nam
1511 715 1686 768 conjugis
1719 713 1864 752 miserae

467 787 616 841 squalor
635 796 672 824 et
692 786 845 830 Ιιιξῒυε,
875 793 991 836 atque
1017 783 1176 835 optimae
1206 782 1294 820 filiae
1320 795 1465 820 moeror
1491 782 1654 820 affiduus
1672 810 1682 826 ,
1713 780 1865 832 filiique

468 854 572 908 parvi
599 852 828 891 desiderium
855 850 957 894 mei,
989 849 1245 901 lacrymaeque
1265 847 1429 902 pueriles
1445 876 1456 892 ,
1487 856 1554 885 aut
1572 846 1774 885 itineribus
1795 859 1866 883 ne-

469 919 644 965 ceffariis,
675 928 741 957 aut
762 930 944 970 magnam
963 925 1113 969 partem
1135 916 1244 954 tectis
1265 928 1308 953 ac
1330 914 1512 960 tenebris,
1543 913 1856 954 continebantur.

524 988 597 1026 IV.
630 987 760 1037 Qare
779 983 854 1022 hoc
875 984 1000 1036 majus
1019 983 1073 1021 est
1092 982 1260 1021 vestrum
1280 982 1322 1020 in
1349 995 1419 1020 nos
1443 981 1700 1035 promeritum
1719 1008 1730 1024 ,
1762 978 1869 1031 quod

470 1069 548 1094 non
569 1052 816 1092 multitudini
837 1052 1164 1105 propinquorum,
1193 1049 1254 1088 sed
1275 1048 1572 1102 nobismetipfis,
1594 1061 1663 1086 nos
1685 1045 1872 1085 reddidis-

470 1122 534 1160 tis.
566 1121 655 1165 Sed,
687 1118 1020 1172 quemadmodum
1041 1117 1267 1170 propinqui,
1288 1129 1385 1169 quos
1406 1129 1478 1169 ego
1498 1128 1626 1168 parare
1646 1127 1725 1152 non
1745 1112 1878 1166 potui,

473 1187 575 1226 mihi
605 1187 652 1224 ad
682 1184 963 1237 deprecandam
997 1183 1257 1222 calamitatem
1289 1195 1417 1220 meam
1445 1195 1526 1220 non—
1552 1180 1745 1219 affuerunt
1761 1198 1773 1225 ς
1806 1179 1877 1223 fic,

473 1254 572 1293 illud
592 1252 698 1306 quod
718 1265 803 1290 mea
824 1251 942 1289 virtus
963 1250 1132 1303 praestare
1151 1250 1299 1294 debuit,
1331 1249 1537 1302 adjutores,
1568 1249 1752 1291 auctores,
1777 1245 1872 1284 hor-

474 1320 687 1373 tatoresque
707 1320 753 1357 ad
773 1332 836 1357 me
857 1317 1134 1355 restituendum
1156 1317 1208 1354 ita
1228 1315 1345 1354 multi
1365 1314 1536 1359 fuerunt,
1562 1323 1605 1352 ut
1626 1314 1739 1366 longe
1760 1313 1872 1365 supe-

475 1389 590 1427 riores
622 1399 757 1425 omnes
789 1384 861 1423 hac
889 1384 1076 1437 dignitate
1102 1383 1290 1436 copiaque
1318 1382 1547 1435 superarem.
1580 1381 1801 1432 Nunquam
1828 1378 1879 1417 de

477 1457 521 1494 P.
546 1453 727 1506 Popillio,
758 1451 963 1490 clariffimo
993 1460 1107 1502 atque
1139 1448 1345 1487 fortiffimo
1371 1449 1479 1494 viro3
1512 1460 1713 1499 nunquam
1741 1446 1788 1484 de
1819 1448 1888 1498 Q

478 1521 658 1565 Metello,
691 1518 927 1558 nobiliffimo
961 1526 999 1555 et
1034 1516 1336 1555 constantiffimo
1370 1515 1479 1560 cive;
1512 1528 1713 1566 nunquam
1746 1514 1792 1552 de
1825 1514 1877 1552 C.

479 1590 635 1634 Mario,
666 1586 820 1626 custode
847 1585 1014 1624 civitatis
1041 1594 1155 1637 atque
1176 1584 1331 1637 imperii
1352 1583 1490 1628 vestri,
1519 1583 1559 1620 in
1580 1582 1710 1620 senatu
1730 1580 1880 1620 mentio

480 1655 577 1695 faeta
596 1654 662 1693 est.

535 1720 773 1761 Tribunitiis
795 1719 1004 1773 superiores
1025 1717 1084 1756 illi
1105 1716 1384 1769 rogationibus,
1406 1715 1511 1755 nulla
1529 1715 1753 1753 auctoritate
1772 1713 1880 1752 sena-

480 1798 542 1826 tus
559 1817 569 1833 ,
601 1787 688 1825 sunt
708 1785 898 1823 restituti:
932 1783 1084 1822 Marius
1112 1795 1200 1819 vero
1228 1795 1306 1818 non
1334 1780 1452 1818 modo
1481 1794 1558 1818 non
1587 1793 1607 1817 a
1633 1778 1787 1824 senatu,
1818 1777 1882 1817 sed

485 1855 602 1893 etiam
621 1850 795 1905 oppresso
822 1850 950 1888 senatu
965 1879 977 1894 ‚
1008 1849 1060 1886 est
1087 1848 1282 1886 restitutus
1300 1865 1311 1892 ς
1344 1859 1413 1885 nec
1435 1860 1561 1884 rerum
1583 1845 1774 1899 gestarum
1796 1858 1883 1882 me-

484 1921 607 1960 moria
627 1920 668 1957 in
689 1919 812 1957 reditu
836 1919 884 1956 C.
907 1917 1041 1962 Marii,
1074 1916 1134 1954 sed
1155 1915 1360 1960 exercitus,
1384 1924 1498 1967 atque
1518 1928 1635 1958 arma,
1666 1914 1884 1952 valuerunt.

485 1990 540 2027 At
571 1987 617 2025 de
650 1998 712 2023 me
744 1995 787 2023 ut
821 1984 976 2028 valeret,
1009 1983 1154 2036 semper
1184 1982 1333 2020 senatus
1365 1981 1575 2034 flagitavit:
1610 1989 1652 2018 ut
1678 1979 1886 2032 aliquando

486 2053 741 2109 perficeretur,
772 2065 866 2089 cum
899 2051 1071 2104 primum
1106 2050 1233 2094 licuit,
1263 2048 1481 2102 frequentia
1514 2057 1628 2100 atque
1662 2047 1888 2085 auctoritate

488 2120 667 2175 perfecit.
701 2119 847 2157 Nullus
869 2118 909 2156 in
930 2131 1064 2155 eorum
1086 2117 1211 2155 reditu
1234 2125 1363 2155 motus
1385 2115 1694 2168 municipiorum
1714 2123 1752 2151 et
1778 2113 1887 2152 colo-

488 2188 638 2226 niarum
659 2184 781 2223 faetus
802 2184 873 2222 est:
894 2193 930 2222 at
949 2197 1011 2222 me
1027 2184 1066 2221 in
1087 2183 1250 2236 patriam
1267 2192 1322 2221 ter
1344 2182 1418 2221 suis
1439 2181 1599 2220 decretis
1621 2181 1730 2219 Italia
1749 2181 1888 2218 cuneta

490 2253 693 2292 revocavit.
728 2251 817 2296 Illi,
849 2251 1019 2288 inimicis
1042 2249 1251 2288 interfectis
1269 2279 1280 2294 ‚
1312 2262 1452 2301 magna
1471 2248 1618 2286 civium
1640 2247 1742 2285 caede
1762 2245 1887 2290 faeta,

490 2319 635 2358 redueti
657 2317 741 2355 sunt
761 2332 770 2355 :
802 2330 898 2370 ego,
930 2316 975 2354 iis
991 2346 1000 2361 ‚
1033 2329 1052 2353 a
1081 2316 1222 2368 quibus
1243 2315 1382 2367 ejectus
1404 2314 1488 2352 sum
1503 2343 1513 2359 ,
1545 2313 1759 2367 provincias
1780 2312 1887 2350 obti-

491 2385 687 2429 nentibus,
721 2384 883 2422 inimico
903 2392 1047 2426 autem,
1073 2382 1225 2434 optimo
1244 2382 1326 2419 viro
1346 2390 1382 2419 et
1403 2380 1620 2425 mitiffimo,
1651 2379 1770 2418 altero
1790 2391 1886 2416 con-

494 2451 571 2489 sule
603 2449 802 2495 referente,
834 2449 1013 2487 reduetus
1035 2447 1148 2494 sum3
1180 2462 1273 2487 cum
1305 2448 1336 2486 is
1365 2447 1566 2491 inimicus,
1598 2447 1666 2499 qui
1693 2446 1740 2483 ad
1760 2455 1889 2483 meam
