2212 2835
641 161 781 200 PRo
842 161 949 200 cN.
1009 160 1363 202 PLANCIO.
1608 162 1706 216 465

305 260 510 300 consularis
532 259 652 307 furor,
671 262 822 301 movit?
840 263 1045 301 Decertare
1064 261 1165 300 mihi
1186 261 1286 301 ferro
1306 276 1494 316 magnum
1516 262 1592 301 fuit
1612 276 1706 302 cum

305 328 480 380 reliquiis
512 342 644 367 eorum
664 357 675 373 ,
707 342 803 380 quos
835 342 907 381 ego
938 328 1116 367 florentes
1148 338 1264 381 atque
1295 329 1463 382 integros
1496 330 1573 368 fine
1604 328 1706 368 ferro

305 393 503 432 viceram?
537 394 721 432 Consules
753 394 837 447 post
866 394 1078 433 hominum
1110 395 1342 433 memoriam
1374 396 1560 434 teterrimi
1591 404 1707 448 atque

305 461 540 513 turpissimi,
571 461 666 500 ficut
697 470 735 499 et
764 461 830 499 illa
859 460 1050 514 principia
1079 469 1118 499 et
1148 459 1192 498 hi
1223 469 1392 499 recentes
1424 475 1550 499 rerum
1577 462 1704 500 exitus

305 527 559 572 declararunt,
590 541 759 580 quorum
790 527 883 565 alter
915 527 1130 565 exercitum
1161 527 1343 580 perdidit,
1376 527 1470 565 alter
1501 528 1704 574 vendidit5

305 594 446 646 emptis
467 593 690 646 provinciis,
721 607 742 630 a
761 592 903 638 senatu,
934 606 955 630 a
980 593 1191 645 republica,
1223 606 1243 630 a
1271 593 1381 632 bonis
1407 594 1606 640 omnibus,
1637 595 1706 632 de-

303 657 485 697 fecerant.
519 659 600 711 Qi
620 659 866 704 exercitibus,
896 659 966 711 qui
985 659 1114 704 armis,
1146 660 1215 711 qui
1235 660 1375 712 opibus
1395 660 1612 713 plurimum
1632 674 1708 713 po-

304 733 441 770 terant,
472 738 580 770 cum,
611 725 706 778 quid
726 725 922 771 sentirent,
953 725 1187 770 nesciretur3
1219 725 1367 765 furialis
1388 726 1454 764 illa
1474 741 1564 772 vox,
1595 726 1705 766 nefa-

250 813 253 817 ·
305 791 369 829 riis
401 791 554 844 stupriS,
587 791 769 844 religiosis
802 791 998 836 altaribus,
1029 791 1280 838 effoeminata‚
1311 793 1441 832 secum
1471 802 1510 832 et
1546 793 1633 832 illos
1668 804 1708 832 et

305 856 479 895 consules
500 856 624 894 facere
640 886 652 902 ,
683 857 919 895 acerbiffime
939 857 1160 910 personabat
1179 872 1188 896 :
1221 867 1373 910 egentes
1395 859 1435 897 in
1462 858 1675 912 locupletes
1693 888 1705 904 ,

305 923 449 976 perditi
467 924 508 961 in
529 923 665 968 bonos,
697 923 791 961 servi
812 924 852 962 in
873 924 1067 969 dominos,
1090 924 1350 964 armabantur.
1384 925 1528 964 Aderat
1547 940 1707 964 mecum

306 989 456 1028 senatus
472 1019 484 1035 ,
514 999 552 1028 et
573 990 733 1042 quidem
754 990 852 1028 veste
872 999 1020 1028 mutata
1038 1005 1047 1029 ε
1080 990 1185 1043 quod
1211 1005 1280 1044 pro
1308 1005 1371 1030 me
1391 1006 1469 1030 uno
1486 1021 1497 1037 ,
1528 992 1612 1045 post
1631 991 1706 1030 ho-

306 1056 463 1094 minum
483 1056 713 1094 memoriam
731 1086 742 1102 ,
773 1056 933 1110 publico
959 1056 1117 1095 confilio
1143 1057 1360 1110 susceptum
1386 1058 1452 1096 est.
1485 1058 1557 1096 Sed
1577 1072 1706 1097 recor-

306 1123 418 1167 dare,
449 1123 518 1175 qui
539 1132 625 1161 tum
644 1121 789 1161 fuerint
809 1122 1014 1161 consulum
1034 1123 1195 1161 nomine
1216 1122 1340 1162 hostes
1354 1154 1366 1169 ,
1397 1124 1466 1177 qui
1487 1124 1557 1163 soli
1576 1124 1617 1163 in
1636 1124 1709 1163 hac

308 1188 404 1227 urbe
434 1189 607 1228 senatum
638 1189 783 1227 senatui
814 1203 943 1242 parere
974 1203 1052 1229 non
1083 1189 1263 1235 fiverint;
1300 1190 1503 1243 edictoque
1534 1191 1600 1229 suo
1629 1205 1708 1231 non

306 1255 459 1293 luc‘tum
480 1255 652 1308 patribus
673 1255 914 1308 conscriptis,
946 1255 1008 1293 sed
1028 1255 1154 1293 luctus
1175 1255 1331 1301 indicia,
1362 1256 1589 1295 ademerint.
1621 1257 1708 1295 Ad-

306 1329 387 1358 erat
407 1333 566 1359 mecum
585 1323 748 1359 cunctus
769 1320 942 1373 equester
961 1320 1055 1358 ordo
1073 1335 1082 1358 ε
1114 1334 1234 1373 quem
1256 1321 1417 1374 quidem
1438 1322 1477 1360 in
1505 1322 1709 1361 concioni·

308 1387 380 1426 bus
420 1387 571 1426 saltator
609 1387 676 1425 ille
709 1387 888 1426 Catilinae
923 1387 1057 1425 consul
1090 1387 1381 1440 proscriptionis
1418 1388 1712 1428 denuntiatione

308 1454 485 1493 terrebat.
517 1456 621 1493 Tota
641 1454 751 1493 Italia
770 1462 1025 1492 convenerat:
1057 1453 1121 1491 cui
1150 1453 1309 1506 quidem
1339 1454 1434 1492 belli
1459 1455 1644 1501 intestini,
1671 1465 1711 1495 et

309 1520 505 1565 vastitatis,
537 1530 663 1559 metus
687 1519 934 1558 inferebatur.

364 1586 560 1625 XXXVI.
593 1586 713 1624 Hisce
732 1600 803 1639 ego
830 1586 982 1625 auxiliis
1010 1586 1266 1632 studentibus,
1297 1595 1412 1640 atque
1438 1588 1622 1634 incitatis,
1653 1589 1712 1627 uti

309 1666 388 1698 me,
404 1653 630 1697 Laterensis,
647 1652 808 1706 potuisse
828 1652 1033 1698 confiteor;
1053 1653 1114 1691 sed
1134 1662 1211 1691 erat
1233 1667 1310 1692 non
1326 1655 1427 1706 jure,
1445 1669 1523 1693 non
1543 1655 1710 1708 legibus,

310 1733 388 1758 non
409 1719 656 1772 disceptando
672 1747 683 1764 ,
715 1719 990 1758 decertandum
1011 1735 1019 1758 :
1053 1733 1143 1758 nam
1164 1719 1337 1772 profecto
1354 1749 1364 1764 ,
1397 1721 1601 1773 praesertiin
1628 1730 1710 1760 tam

310 1787 412 1825 bona
432 1786 472 1824 in
493 1786 624 1830 causa,
656 1799 857 1838 nunquam
872 1816 881 1832 ,
916 1801 994 1838 quo
1014 1788 1139 1824 caeteri
1161 1787 1404 1825 abundarunt
1419 1817 1430 1832 ‚
1461 1788 1499 1826 id
1521 1788 1621 1826 mihi
1641 1788 1711 1841 ipsi

310 1853 502 1892 auxilium
523 1866 657 1891 meum
678 1851 865 1892 defuisset.
898 1853 1031 1891 Armis
1052 1852 1142 1898 fuit,
1173 1854 1303 1898 armis,
1335 1854 1521 1906 inquam,
1553 1854 1629 1893 fuit
1649 1856 1711 1894 di-

310 1920 539 1958 micandum
559 1934 567 1956 :
599 1919 742 1971 quibus
763 1933 784 1956 a
804 1919 931 1964 servis,
962 1929 1077 1972 atque
1097 1933 1117 1957 a
1142 1920 1335 1958 servorum
1356 1920 1536 1966 ducibus,
1567 1922 1713 1960 caedem

312 1985 395 2023 fieri
414 1985 576 2030 senatus,
599 1994 636 2022 et
657 1985 865 2030 bonorum,
888 1986 1109 2038 reipublicae
1125 1986 1331 2024 exitiosum
1348 1985 1488 2025 fuiffet.
1504 1986 1623 2025 Vinci
1642 2001 1712 2026 au·-

311 2061 393 2090 tem
423 2051 621 2104 improbos
649 2064 670 2088 a
699 2051 826 2096 bonis,
858 2051 978 2090 fateor
1009 2050 1118 2089 fuiffe
1150 2051 1389 2104 praeclarum,
1421 2053 1447 2090 fi
1474 2052 1594 2091 finem
1620 2066 1713 2092 eum

312 2117 494 2155 vincendi
532 2117 730 2161 viderem;
772 2130 890 2169 quem
929 2117 1099 2170 profecto
1133 2132 1211 2156 non
1245 2119 1437 2156 videbam.
1485 2119 1568 2156 Ubi
1605 2119 1712 2156 enim

314 2183 447 2237 praesto
479 2182 606 2221 fuiffet
637 2182 738 2220 mihi
767 2193 833 2221 aut
865 2193 944 2222 tam
975 2183 1085 2222 fortis
1113 2184 1260 2229 consul,
1292 2198 1410 2236 quam
1438 2186 1486 2223 L.
1510 2185 1711 2237 Opimius,

314 2263 434 2302 quam
463 2250 511 2287 C.
535 2249 698 2294 Marius,
730 2263 847 2302 quam
874 2251 921 2288 L.
946 2250 1124 2296 Flaccus,
1153 2250 1295 2302 quibus
1323 2250 1488 2288 ducibus
1510 2250 1711 2301 improbos

315 2316 416 2353 cives
450 2314 664 2367 respublica
697 2316 790 2353 vicit
824 2317 1010 2354 armatis?
1042 2325 1121 2360 aut,
1153 2316 1179 2353 fi
1214 2316 1343 2354 minus
1379 2314 1510 2359 fortes,
1542 2324 1711 2353 attamen

318 2381 520 2434 tamjusti,
552 2394 669 2433 quam
690 2382 734 2419 P.
757 2382 935 2426 Mucius,
967 2382 1036 2434 qui
1056 2395 1174 2426 arma,
1207 2395 1291 2434 quae
1318 2382 1485 2433 privatus
1516 2382 1558 2418 P.
1583 2381 1714 2434 Scipio

315 2448 548 2501 sumpserat,
580 2461 621 2485 ea
638 2477 648 2494 ,
680 2448 776 2488 Tib.
800 2447 980 2487 Graccho
1000 2449 1258 2501 interempto,
1285 2449 1370 2499 jure
1390 2448 1542 2501 optimo
1563 2447 1715 2502 sumpta

401 2517 468 2554 To
482 2528 532 2554 M.
557 2515 607 2554 V.
1260 2514 1299 2553 N
1331 2527 1355 2552 n
1386 2528 1411 2555 n
