2212 2835
369 165 415 194 12
860 155 1260 193 ORATIO

364 251 508 290 secures
530 252 568 290 in
589 253 812 304 praedonum
834 253 1056 305 potestatem
1073 254 1340 306 pervenerint?
1373 253 1561 299 Cnidum,
1583 263 1646 292 aut
1667 255 1748 292 Co=

364 317 589 369 lophoncm,
621 327 684 355 aut
707 319 892 363 Samum,
925 320 1172 358 nobiliffimas
1204 321 1314 358 urbes
1333 349 1343 365 ,
1375 320 1747 371 innumerabilesque

364 382 468 426 alias,
499 392 624 434 captas
645 383 714 421 effe
734 398 1054 430 commemorem,
1076 400 1167 424 cum
1202 386 1338 423 vestros
1370 395 1517 438 portus,
1552 395 1665 437 atque
1684 397 1746 422 eos

361 457 509 498 portus,
539 449 682 500 quibus
714 450 833 487 vitam
864 459 902 487 et
936 451 1110 503 spiritum
1138 451 1292 495 ducitis,
1324 452 1364 488 in
1394 451 1619 503 praedonum
1640 449 1748 487 fuiffe

360 513 585 563 potestatem
606 513 729 552 sciatis
750 515 762 551 ?
794 518 858 553 An
880 529 965 553 vero
986 517 1182 568 ignoratis,
1205 526 1361 569 portum
1382 518 1521 555 Caietae
1541 515 1745 554 celeberri-

361 592 487 624 mum,
509 589 623 632 atque
642 580 906 633 pleniffimum
926 583 1096 627 navium,
1118 583 1348 636 inspectante
1365 585 1540 628 praetore,
1559 597 1579 620 a
1597 582 1744 635 praedo-

362 645 475 682 nibus
495 645 565 683 effe
585 645 807 698 direptum?
839 648 901 685 Ex
922 647 1078 686 Miseno
1097 658 1225 686 autem
1245 650 1325 701 ejus
1357 650 1470 701 ipsius
1491 649 1645 693 liberos,
1676 648 1745 700 qui

361 724 454 748 cum
485 712 729 763 praedonibus
755 722 862 750 antea
892 714 947 751 ibi
979 714 1125 752 bellurn
1153 714 1322 768 gesserat,
1355 729 1375 752 a
1405 715 1646 768 praedonibus
1673 713 1745 751 effe

359 775 557 815 sublatos?
589 778 694 816 Nam
726 779 821 830 quid
854 793 925 831 ego
946 780 1118 818 Ostiense
1147 781 1459 826 incommodum,
1492 791 1605 833 atque
1636 780 1744 818 illam

358 841 484 880 labem
506 852 618 895 atque
638 844 894 896 ignominiam
915 845 1149 898 reipublicae,
1167 860 1314 898 querar,
1331 860 1438 891 cum,
1460 860 1577 900 prope
1593 846 1742 898 inspec-

358 910 527 948 tantibus
548 911 671 956 vobis,
694 911 813 948 claffis
834 925 888 956 ea,
921 913 984 950 cui
1005 912 1149 950 Consul
1170 913 1305 965 populi
1326 914 1496 951 Romani
1523 913 1741 965 praepofitus

357 973 460 1020 effer,
491 989 511 1012 a
529 975 773 1027 praedonibus
794 986 901 1028 capta
921 986 1034 1028 atque
1054 977 1222 1028 oppreffa
1240 978 1292 1014 est
1310 978 1322 1013 ?
1355 979 1429 1015 Pro
1450 979 1519 1015 Dii
1538 979 1742 1015 immorta-

355 1043 409 1081 les
429 1044 437 1081 i
469 1053 664 1082 tantamne
685 1045 797 1083 unius
817 1044 988 1084 hominis
1010 1046 1246 1084 incredibilis
1267 1059 1309 1084 ac
1341 1047 1469 1084 divina
1494 1047 1629 1092 virtus,
1662 1056 1742 1085 tam

355 1110 460 1149 brevi
480 1119 666 1163 tempore,
684 1110 812 1149 lucem
831 1111 961 1149 afferre
977 1112 1199 1164 reipublicae
1213 1113 1356 1165 potuit,
1376 1122 1419 1150 ut
1439 1127 1519 1158 vos,
1537 1116 1610 1166 qui*
1624 1114 1741 1152 modo

354 1186 441 1215 ante
460 1177 601 1215 ostium
621 1177 854 1217 Tiberinum
876 1177 1027 1216 claffem
1048 1177 1217 1217 hostium
1238 1179 1436 1224 videbatis,
1468 1180 1496 1218 ii
1523 1194 1626 1218 nunc
1648 1181 1738 1218 nul-

355 1243 432 1280 lam
453 1244 550 1280 intra
567 1243 713 1280 Oceani
733 1243 872 1281 ostium
895 1244 1118 1297 praedonum
1138 1258 1275 1283 navem
1296 1244 1365 1283 effe
1381 1246 1540 1284 audiatis
1557 1247 1569 1283 ?
1592 1247 1738 1299 Atque,

355 1308 435 1346 haec
456 1322 530 1361 qua
549 1309 740 1346 celeritate
760 1309 860 1361 gesta
879 1310 964 1354 sint,
996 1324 1215 1363 quanquam
1238 1311 1388 1357 videtis,
1417 1320 1546 1350 tamen
1566 1326 1586 1350 a
1615 1326 1677 1350 me
1696 1313 1738 1351 in

355 1375 517 1412 dicendo
537 1375 794 1427 praetereunda
814 1389 889 1413 non
911 1376 1010 1415 sunt.
1030 1377 1129 1427 Qis
1150 1378 1254 1416 enim
1276 1392 1462 1430 unquam,
1484 1387 1549 1417 aut
1568 1379 1738 1417 obeundi

353 1441 497 1492 negotii
528 1449 592 1478 aut
612 1440 868 1492 consequendi
899 1441 1060 1494 quaestus
1081 1442 1218 1488 studio,
1252 1453 1331 1481 tam
1363 1444 1467 1482 brevi
1489 1454 1659 1497 tempore
1680 1454 1738 1482 tot

354 1506 436 1544 loca
456 1507 570 1551 adire,
600 1516 722 1545 tantos
747 1507 876 1546 cursus
895 1508 1096 1554 conficere,
1129 1511 1269 1561 potuit,
1298 1524 1414 1563 quain
1441 1512 1624 1556 celeriter,
1657 1512 1733 1550 Cn.

351 1572 539 1624 Pompeio
558 1573 668 1616 duce,
691 1573 782 1610 belli
803 1573 969 1625 impetus
990 1574 1209 1626 navigavit?
1245 1576 1341 1627 Qi,
1373 1577 1546 1614 nondum
1568 1577 1734 1629 tempes-

351 1638 430 1675 tivo
460 1638 505 1675 ad
528 1638 783 1690 navigandum
815 1638 924 1683 mari,
958 1639 1128 1676 Siciliam
1160 1640 1267 1685 adiit,
1300 1640 1474 1679 Africam
1507 1642 1733 1693 exploravit,

350 1703 437 1740 inde
469 1703 677 1741 Sardiniam
709 1717 799 1741 cum
830 1703 939 1741 claffe
970 1706 1100 1742 venit:
1132 1714 1245 1756 atque
1272 1705 1353 1743 haec
1386 1707 1455 1744 tria
1484 1706 1735 1746 frumentaria

348 1768 506 1806 subfidia
536 1769 754 1820 reipublicae
785 1768 1007 1807 firmiffimis
1028 1770 1219 1821 praesidiis,
1251 1771 1514 1824 claflibusque,
1548 1774 1730 1811 munivit.

349 1835 442 1872 lude
475 1835 509 1871 se
530 1848 621 1872 eum
642 1834 682 1871 in
703 1834 853 1872 Italiam
887 1835 1094 1887 recepisset,
1127 1837 1272 1874 duabus
1294 1837 1506 1890 Hispaniis,
1539 1847 1576 1875 et
1604 1838 1732 1876 Gallia

348 1899 539 1951 Cisalpina
568 1900 745 1952 praesidiis
774 1914 816 1938 ac
846 1901 1004 1939 navibus
1027 1901 1264 1946 confirmata,
1296 1903 1413 1941 miffis
1440 1905 1533 1941 item
1564 1905 1603 1942 in
1625 1918 1730 1943 oram

349 1965 493 2015 Illyrici
525 1965 652 2010 maris,
683 1974 720 2004 et
751 1966 791 2003 in
823 1965 1026 2011 Achaiam,
1059 1981 1296 2020 omnemque
1317 1970 1522 2015 Graeciam,
1554 1971 1729 2016 navibus,

347 2032 464 2068 Italiae
485 2032 561 2069 duo
581 2032 697 2069 maria
715 2033 894 2070 maximis
916 2033 1090 2071 clastibus
1111 2033 1408 2087 firmissimisque
1423 2036 1601 2088 praesidiis
1618 2037 1728 2075 ador-

345 2098 447 2134 navit
466 2112 474 2134 :
498 2097 572 2149 ipse
592 2107 734 2142 autem,
757 2107 799 2136 ut
819 2112 838 2135 a
855 2099 1067 2136 Brundusio
1083 2099 1273 2152 profe&us
1295 2101 1360 2145 est,
1383 2103 1728 2155 undequinquage-

344 2163 439 2200 simo
459 2163 519 2200 die
540 2173 657 2201 totam
680 2164 725 2201 ad
753 2164 960 2217 imperium
982 2166 1115 2217 populi
1136 2166 1305 2204 Romani
1327 2167 1506 2205 Ciliciam
1528 2169 1725 2220 adjunxit:

344 2224 492 2273 omnes,
515 2229 582 2280 qui
605 2229 748 2281 ubique
768 2229 961 2281 praedones
983 2229 1152 2275 fuerunt,
1176 2233 1317 2283 partim
1339 2234 1439 2286 capti
1459 2233 1728 2287 interfec‘tique

342 2294 454 2337 sunt,
488 2293 627 2345 partim
659 2294 770 2331 unius
800 2292 916 2346 hujus
946 2295 1108 2347 imperio
1138 2309 1180 2334 ac
1212 2297 1385 2349 potestati
1414 2298 1449 2336 se
1483 2299 1725 2341 dediderunt.

341 2359 448 2396 Idem
464 2359 722 2404 Cretensibus,
737 2373 828 2397 cum
849 2360 895 2397 ad
913 2373 1002 2397 eum
1021 2361 1137 2413 usque
1154 2362 1193 2399 in
1208 2361 1477 2415 Pamphyliam
1496 2364 1638 2417 legatos
1657 2364 1725 2401 de·

340 2425 623 2477 precatoresque
645 2425 838 2471 misiss‘ent,
871 2425 975 2478 spem
997 2426 1203 2466 deditionis
1225 2442 1301 2467 non
1328 2430 1485 2475 ademit,
1507 2429 1726 2482 obsidesque
