2212 2835
420 194 495 222 212
925 172 1326 213 ORATIO

417 281 545 331 fithoc
573 280 675 317 idem
703 275 1002 328 QHortenfiQ
1034 276 1097 313 M.
1124 273 1266 319 Craffo,
1297 271 1511 312 clarisfimis
1530 271 1634 318 viris,
1664 272 1690 311 fi
1710 272 1806 312 item

416 347 574 389 caeteris,
606 357 625 381 a
653 343 794 395 quibus
823 341 999 394 intelligo
1020 350 1126 379 tuam
1146 340 1307 393 gratiam
1327 339 1460 392 magni
1483 337 1672 383 aestimari‚
1702 339 1807 377 acci-

416 411 522 450 difi'et
541 429 553 456 5
586 411 624 447 in
646 423 687 447 ea
707 409 861 448 civitate
881 407 1015 445 consul
1036 407 1249 459 designatus
1276 404 1512 444 defensorem
1536 417 1613 442 non
1634 403 1806 449 haberet,

415 479 456 517 in
484 491 560 530 qua
587 476 735 514 nemini
761 487 934 527 unquam
961 472 1099 511 infimo
1125 473 1285 525 majores
1312 471 1429 510 nostri
1454 479 1661 524 patronum
1688 469 1808 509 deeffe

416 544 634 583 voluerunt.
667 543 753 594 Ego
779 554 881 585 vero,
912 540 1084 592 Judices,
1114 538 1192 591 ipse
1218 552 1282 577 me
1312 538 1571 576 existimarem
1600 535 1808 582 nefarium,

417 611 442 648 fi
463 610 588 648 amico
601 628 612 654 5
644 608 853 653 crudelem,
876 607 901 644 fi
922 605 1057 644 misero
1074 624 1086 651 ;
1117 605 1339 659 superbum,
1361 605 1386 643 fi
1407 604 1570 650 consuli,
1591 602 1807 642 defuissem.

416 679 559 729 Qare,
583 675 686 728 quod
707 674 879 713 dandum
897 672 950 710 est
969 672 1164 717 amicitiae,
1184 672 1286 724 large
1306 671 1457 709 dabitur
1476 684 1497 709 a
1516 684 1593 716 me,
1614 679 1658 708 ut
1677 679 1810 708 tecum

416 758 542 796 agam,
574 742 690 786 Servi,
721 754 798 778 non
831 739 953 783 secus,
982 752 1024 775 ac
1056 738 1082 775 fi
1112 751 1221 776 meus
1252 737 1341 776 effet
1370 736 1498 782 frater,
1529 738 1598 790 qui
1628 735 1730 775 mihi
1756 735 1810 773 est

416 808 640 852 cariffimus,
671 806 741 844 isto
761 806 802 843 in
821 805 932 843 loco:
955 803 1060 856 quod
1081 803 1332 840 tribuendum
1352 803 1406 840 est
1423 803 1568 848 officio,
1591 802 1697 848 fidei,
1718 801 1810 840 reli-

415 875 538 929 gioni,
569 873 609 911 id
628 873 682 911 ita
701 871 942 916 moderabor,
975 878 1018 908 ut
1037 868 1285 907 meminerim
1305 882 1369 907 me
1394 876 1527 907 contra
1551 868 1668 906 amici
1686 867 1810 906 studi-

416 955 485 980 um
506 953 576 994 pro
595 939 713 978 amici
732 937 904 991 periculo
927 936 1065 974 dicere.

470 1008 522 1046 V.
554 1006 752 1058 Intelligo,
783 1004 954 1056 Judices,
982 1012 1056 1041 tres
1080 1001 1196 1040 totius
1215 999 1464 1038 accusationis
1485 1007 1607 1054 partes
1627 998 1750 1044 fuisse,
1770 1006 1812 1037 et

415 1087 545 1113 earum
566 1086 682 1111 unam
704 1072 746 1109 in
765 1069 1053 1124 reprehenfione
1073 1068 1174 1113 vitae,
1203 1067 1360 1106 alteram
1385 1067 1427 1105 in
1453 1067 1700 1105 contentione
1721 1065 1812 1118 dig-

415 1140 560 1185 nitatis,
593 1138 747 1178 tertiam
779 1137 820 1175 in
853 1135 1084 1175 criminibus
1122 1133 1307 1177 ambitus,
1342 1132 1414 1170 effe
1447 1133 1644 1171 versatam.
1675 1132 1811 1184 Atque

415 1206 555 1245 harum
582 1204 702 1244 trium
729 1203 897 1257 partium
925 1201 1050 1255 prima
1077 1199 1158 1245 illa,
1189 1213 1274 1252 quae
1299 1198 1515 1252 graviffima
1539 1198 1611 1236 effe
1630 1197 1810 1242 debebat,

415 1274 469 1312 ita
487 1271 565 1310 fuit
583 1270 738 1309 infirma
756 1277 794 1307 et
812 1268 920 1313 levis,
951 1276 995 1305 ut
1020 1266 1108 1304 illos
1134 1265 1196 1303 lex
1222 1265 1345 1318 magis
1371 1264 1546 1317 quaedam
1567 1262 1809 1307 accusatoria,

413 1351 533 1392 quam
558 1350 644 1375 vera
670 1333 925 1374 maledicendi
950 1332 1125 1377 facultas,
1156 1332 1203 1370 de
1223 1332 1300 1369 vita
1319 1332 1368 1369 L.
1392 1330 1569 1368 Murenae
1589 1329 1714 1368 dicere
1735 1327 1808 1365 ali-

415 1404 514 1458 quid
531 1403 713 1456 coegerit.
737 1402 904 1454 Objeeta
921 1399 973 1438 est
992 1400 1099 1437 enim
1119 1398 1220 1443 Afia,
1240 1412 1325 1450 quae
1340 1397 1387 1435 ab
1407 1396 1482 1435 hoc
1504 1410 1581 1434 non
1601 1395 1648 1434 ad
1668 1394 1809 1447 volup-

415 1479 536 1510 tatem
555 1478 594 1509 et
613 1469 808 1508 luxuriam
827 1467 995 1520 expetita
1014 1466 1081 1511 est,
1111 1465 1174 1503 sed
1193 1466 1235 1503 in
1260 1464 1420 1503 militari
1445 1463 1575 1502 labore
1600 1469 1808 1515 peragrata.

416 1538 500 1590 Qi
521 1537 547 1576 s1
567 1535 796 1579 adolescens,
827 1542 933 1587 patre
952 1532 1018 1570 suo
1037 1532 1280 1585 imperatore,
1305 1543 1384 1568 non
1405 1528 1612 1573 meruisset,
1634 1536 1700 1566 aut
1719 1526 1811 1564 hos-

415 1612 497 1642 tem
517 1609 583 1641 aut
601 1600 716 1655 patris
737 1599 948 1653 imperium
970 1596 1150 1643 timuisse,
1181 1604 1246 1635 aut
1271 1609 1292 1634 a
1311 1604 1466 1649 parente
1485 1594 1720 1647 repudiatus,
1749 1591 1810 1631 vi-

415 1670 581 1708 deretur.
619 1669 698 1712 An,
732 1680 826 1705 cum
857 1665 983 1704 sedere
1016 1665 1057 1702 in
1090 1664 1200 1716 equis
1235 1661 1564 1715 triumphantium
1596 1658 1812 1713 praetextati

416 1734 658 1789 potiffimum
690 1733 760 1771 filii
791 1731 949 1776 soleant,
979 1729 1073 1768 huic
1104 1728 1216 1766 donis
1249 1727 1482 1765 militaribus
1515 1726 1632 1778 patris
1666 1725 1809 1762 trium-

416 1800 541 1854 phum
571 1799 749 1837 decorare
782 1796 1014 1850 fugiendum
1044 1793 1134 1839 fuit,
1175 1802 1219 1831 ut
1248 1792 1362 1831 rebus
1396 1791 1661 1830 communiter
1695 1789 1808 1842 gestis

414 1880 511 1920 pene
532 1864 645 1904 finiul
665 1877 756 1902 cum
776 1872 881 1916 patre
905 1860 1163 1913 triumpharet
1180 1860 1193 1896 ?

472 1932 553 1971 Hic
574 1943 676 1975 vero,
707 1929 878 1980 Judices,
909 1937 946 1966 et
966 1926 1042 1965 fuit
1062 1928 1101 1965 in
1124 1926 1225 1971 Afia,
1255 1934 1292 1963 et
1312 1925 1394 1964 viro
1413 1922 1632 1968 forfiffimo,
1662 1921 1810 1976 parenti

415 1999 496 2044 suo,
526 2011 670 2050 magno
687 1996 909 2049 adjumento
929 1995 969 2032 In
990 1994 1186 2047 periculis,
1218 1991 1350 2031 solatio
1370 1992 1409 2030 in
1436 1990 1646 2035 laboribus,
1676 1996 1810 2042 gratu-

415 2065 550 2104 lationi
576 2064 617 2102 in
645 2062 801 2101 vietoria
827 2061 918 2101 fuit.
950 2062 1015 2106 Et,
1047 2061 1073 2099 fi
1099 2059 1215 2098 habet
1245 2059 1333 2098 Afia
1362 2057 1616 2111 suspicionem
1648 2054 1812 2094 luxuriae

416 2131 625 2185 quandam,
656 2143 735 2168 non
756 2128 886 2167 Afiam
906 2141 1108 2181 nunquam
1129 2126 1273 2172 vidiffe,
1305 2126 1366 2164 sed
1391 2126 1432 2163 in
1459 2124 1546 2162 Afia
1565 2123 1809 2162 continenter

414 2198 559 2243 vixiffe,
589 2196 824 2235 laudandum
845 2195 910 2235 est.
944 2195 1213 2247 Qamobrem
1235 2208 1312 2232 non
1336 2191 1432 2231 Afiae
1453 2204 1595 2229 nomen
1615 2189 1807 2242 objicien-

416 2265 509 2303 dum
532 2264 707 2302 Murenae
727 2261 816 2308 fuit,
847 2275 894 2300 ex
915 2275 990 2314 qua
1009 2262 1090 2299 laus
1110 2259 1282 2305 familiae,
1314 2258 1501 2297 memoria
1520 2256 1664 2310 generi,
1683 2254 1807 2293 honos

416 2340 452 2368 et
472 2329 593 2382 gloria
613 2327 779 2373 nomini,
809 2326 1014 2365 constituta
1033 2326 1112 2371 est3
1145 2325 1205 2363 sed
1226 2325 1383 2377 aliquod
1404 2332 1469 2362 aut
1488 2323 1529 2360 in
1549 2321 1636 2360 Asia
1656 2320 1808 2372 suscep-

416 2405 514 2440 tum,
547 2404 611 2433 aut
638 2409 684 2433 ex
711 2394 800 2432 Afia
824 2393 1085 2446 deportatum,
1116 2391 1308 2445 flagitium
1337 2404 1380 2429 ac
1410 2389 1589 2428 dedecus.
1621 2384 1807 2426 Meruisse

413 2476 502 2501 vero
532 2461 717 2515 stipendia
745 2461 786 2501 in
814 2473 861 2501 eo
889 2459 1008 2508 bello,
1046 2458 1153 2514 quod
1181 2468 1268 2499 tum
1299 2457 1465 2512 populus
1496 2456 1697 2494 Romanus
1727 2463 1804 2490 non
