2212 2835
778 173 917 211 PRO
976 173 1025 211 L.
1086 173 1396 212 FLACCO.
1722 188 1800 228 247

405 271 562 325 repulit,
589 270 858 325 pertimescat?
881 271 1086 324 Repetitur
1106 272 1152 310 ad
1172 286 1343 325 poenam,
1366 273 1434 326 qui
1454 273 1597 312 indicia
1616 287 1799 313 commu-

404 339 464 376 nis
486 338 595 377 exitii
614 338 766 391 excepit
785 353 794 376 ε
827 352 896 376 cur
921 339 990 376 fibi
1014 338 1182 376 confidat
1204 340 1249 384 is,
1281 340 1349 391 qui
1369 353 1410 377 ea
1429 339 1653 393 proferenda
1673 352 1710 380 et
1730 356 1799 395 pa-

405 404 619 443 tefacienda
656 404 833 442 curavit?
868 404 961 443 socii
994 404 1269 449 consiliorum,
1307 406 1496 451 ministri,
1537 408 1798 461 comitesque,

403 481 616 510 vexantur:
649 470 745 522 quid
774 472 958 516 auctores,
990 471 1085 522 quid
1112 470 1242 515 duces,
1274 471 1370 523 quid
1395 472 1603 524 principes,
1635 474 1702 512 fibi
1730 489 1798 513 ex-

401 537 586 591 pectent?
618 538 752 589 Atque
783 537 933 574 utinam
965 537 1119 574 inimici
1150 537 1280 583 nostri,
1311 551 1354 575 ac
1381 538 1575 576 bonorum
1601 542 1797 586 omnium,

401 616 558 642 mecum
578 603 708 656 potius
729 603 977 648 contendant,
1000 613 1133 641 utrum
1154 613 1240 642 tum
1260 617 1394 642 omnes
1417 605 1509 643 boni
1531 606 1645 644 duces
1667 607 1797 653 nostri,

400 684 447 708 an
468 671 646 716 comites,
677 670 822 709 fuerint
842 670 888 708 ad
909 684 1163 709 communem
1185 671 1479 710 conservandam
1501 673 1662 712 salutem
1683 678 1707 700 *-
1728 676 1752 699 ²³·
1775 677 1797 700 ’ἵζ’

456 738 531 776 III.
564 739 688 776 Hunc
707 738 828 790 igitur
848 737 990 782 virum,
1023 738 1133 782 Laeli,
1166 738 1308 790 quibus
1332 739 1486 777 tandem
1508 741 1619 778 rebus
1641 755 1797 794 oppug-

400 816 465 842 nas
485 804 498 841 ?
529 804 637 848 Fuit,
661 805 705 842 P.
726 803 886 842 Servilio
905 804 1150 856 imperatore,
1181 804 1220 841 in
1243 805 1382 842 Cilicia
1401 806 1579 844 tribunus
1599 807 1795 845 militum:

400 883 442 908 ea
462 884 518 908 res
536 870 678 908 siletur.
703 870 796 908 Fuit
816 870 880 908 M.
898 870 1024 908 Pisoni
1046 870 1207 922 quaestor
1226 871 1267 908 in
1289 871 1492 925 Hispania:
1516 886 1591 911 vox
1612 874 1657 911 de
1673 874 1795 926 quaes-

400 944 485 974 tura
514 935 623 974 nulla
654 936 762 974 miffa
792 935 858 974 est.
890 936 1046 974 Bellum
1080 937 1259 975 Cretense
1289 951 1335 976 ex
1366 952 1505 992 magna
1539 949 1644 992 parte
1673 940 1797 993 geffit,

401 1012 515 1055 atque
545 1016 622 1041 una
651 1017 744 1041 cum
777 1002 931 1041 summo
961 1003 1192 1057 imperatore
1224 1004 1427 1044 sustinuit:
1460 1016 1569 1045 muta
1597 1006 1649 1044 est
1678 1006 1796 1060 hujus

399 1070 586 1123 temporis
617 1069 820 1109 accusatio.
852 1070 1030 1108 Praeturae
1051 1071 1283 1122 jurisdictio,
1313 1085 1370 1110 res
1402 1073 1502 1111 varia
1527 1082 1564 1111 et
1590 1073 1798 1126 multiplex

398 1136 444 1174 ad
464 1136 697 1189 suspiciones
718 1145 756 1174 et
775 1136 1001 1181 fimultates,
1032 1151 1111 1175 non
1131 1138 1362 1190 attingitur:
1395 1153 1436 1177 ea
1464 1153 1551 1178 vero
1577 1140 1616 1178 in
1644 1139 1798 1179 summo

399 1212 438 1242 et
456 1203 772 1257 periculofiffimo
789 1203 1011 1256 reipublicae
1027 1212 1201 1258 tempore
1217 1205 1333 1243 etiam
1350 1206 1397 1243 ab
1413 1207 1585 1245 inimicis
1606 1208 1794 1246 laudatur.

398 1271 456 1309 At
483 1283 505 1308 a
529 1269 688 1309 testibus
709 1270 873 1309 laeditur.
906 1272 1132 1324 Antequam
1153 1271 1256 1318 dico,
1286 1286 1306 1310 a
1331 1273 1489 1325 quibus,
1519 1287 1594 1326 qua
1614 1275 1689 1327 spe,
1721 1288 1797 1326 qua

396 1336 450 1382 vi,
481 1349 558 1389 qua
581 1349 622 1374 re
647 1336 864 1382 concitatis,
895 1350 971 1390 qua
1001 1338 1168 1384 levitate,
1205 1352 1281 1392 qua
1310 1338 1485 1392 egestate,
1516 1353 1593 1392 qua
1621 1339 1795 1393 perfidia,

398 1416 475 1456 qua
499 1403 657 1442 audacia
680 1404 877 1457 praediti55
909 1405 1036 1444 dicam
1063 1405 1109 1444 de
1135 1419 1272 1460 genere
1301 1407 1489 1453 universo,
1521 1416 1559 1446 et
1586 1407 1632 1446 de
1658 1407 1795 1446 condi-

396 1470 502 1509 tione
522 1471 704 1509 omnium
725 1471 913 1510 nostrum.

452 1536 525 1574 Per
548 1537 654 1574 Deos
681 1536 947 1575 immortales!
979 1537 1152 1587 Judices,
1183 1551 1265 1583 vos,
1297 1539 1497 1590 quomodo
1523 1539 1570 1584 is,
1601 1540 1670 1592 qui
1696 1553 1797 1579 anno

397 1609 484 1639 ante
503 1602 642 1640 Romae
657 1603 720 1654 jus
742 1603 903 1648 dixerat,
934 1616 1034 1641 anno
1054 1603 1136 1656 post
1164 1604 1204 1641 in
1226 1604 1313 1642 Afia
1327 1605 1392 1657 jus
1413 1605 1565 1651 dixerit,
1597 1619 1617 1644 a
1637 1606 1794 1645 testibus

398 1668 575 1720 quaeretis
596 1668 754 1720 ignotis,
785 1669 854 1722 ipsi
875 1670 1093 1722 conjectura
1112 1669 1212 1708 nihil
1228 1670 1453 1722 judicabitis
1474 1672 1486 1709 ?
1518 1673 1564 1710 In
1593 1681 1672 1710 tam
1695 1673 1795 1711 varia

390 1733 658 1786 jurisdictione
678 1744 758 1773 tam
778 1736 904 1774 multa
922 1736 1085 1782 decreta,
1116 1744 1175 1775 tot
1194 1735 1404 1776 hominum
1430 1738 1681 1791 gratiosorum
1701 1739 1795 1777 laesae

395 1801 643 1840 voluntates:
679 1816 765 1855 quae
799 1803 852 1841 est
885 1817 1058 1856 unquam
1087 1805 1189 1856 jafta
1222 1818 1300 1842 non
1335 1805 1512 1858 suspicio,
1546 1820 1631 1858 quae
1663 1816 1794 1844 tamen

397 1867 491 1906 solet
517 1868 589 1907 effe
613 1867 716 1914 falsa,
748 1869 811 1907 sed
840 1870 1044 1909 iracundiae
1069 1884 1158 1916 vox,
1191 1880 1255 1909 aut
1281 1871 1456 1910 doloris?
1489 1873 1540 1910 Et
1568 1873 1600 1910 is
1629 1873 1681 1910 est
1709 1887 1792 1910 reus

397 1935 574 1981 avaritiae,
605 1936 674 1988 qui
694 1937 735 1974 in
754 1937 949 1975 uberrima
976 1951 1014 1975 re
1035 1947 1145 1990 turpe
1165 1939 1460 1991 compendium,
1492 1940 1532 1977 in
1555 1940 1792 1978 maledicen-

396 2000 537 2039 tiffima
566 2003 734 2048 civitate,
765 2003 806 2041 in
838 2003 1143 2057 suspiciosifiimo
1174 2006 1344 2058 negotio,
1376 2006 1627 2044 maledictum
1659 2020 1790 2051 omne,

397 2079 475 2104 non
496 2068 613 2106 modo
636 2069 799 2114 crimen,
829 2069 981 2122 effugit.
1015 2072 1200 2109 Praetereo
1221 2071 1300 2116 illa,
1331 2086 1416 2124 quae
1436 2073 1694 2125 praetereunda
1715 2086 1791 2109 non

398 2132 511 2179 sunt5
541 2136 696 2174 nullum
717 2135 831 2188 hujus
854 2137 894 2174 in
915 2138 1070 2189 privatis
1092 2139 1203 2176 rebus
1224 2138 1370 2176 fanum
1391 2152 1560 2183 avarum,
1583 2140 1729 2176 nullam
1750 2140 1789 2176 in

398 2213 437 2238 re
456 2203 674 2253 pecuniaria
693 2204 998 2250 contentionem,
1022 2205 1167 2243 nullam
1187 2207 1224 2243 in
1245 2219 1282 2243 re
1302 2205 1483 2243 familiari
1505 2206 1667 2249 sordem,
1690 2205 1791 2257 poffe

397 2267 573 2320 proferri.
606 2270 762 2321 Qibus
783 2271 902 2323 igitur
924 2272 1079 2310 testibus
1101 2286 1172 2325 ego
1193 2271 1307 2310 hosce
1333 2272 1483 2324 poffum
1511 2271 1689 2315 refutare,
1721 2271 1789 2308 nili

397 2333 506 2372 vobis
525 2350 538 2386 έ-

452 2396 661 2433 Timolites
682 2395 748 2433 ille
774 2397 945 2444 vicanus,
977 2398 1098 2438 homo
1125 2413 1202 2439 non
1230 2399 1347 2438 modo
1374 2398 1499 2443 nobis,
1531 2397 1592 2435 sed
1619 2410 1666 2435 ne
1692 2397 1790 2435 inter

397 2471 422 2497 ἦ
443 2472 467 2497 ⁷*
489 2472 513 2497 ’κ
544 2472 734 2510 Permulta
753 2471 888 2525 destmt.
