2212 2835
855 183 1261 221 ORATIO

367 280 466 324 sunt,
497 279 669 331 exponit,
692 277 948 330 Asiniumque
979 278 1025 315 ab
1057 277 1105 322 se,
1138 278 1296 317 consilio
1319 280 1541 331 Oppianici,
1574 281 1754 320 interfec-

369 356 453 383 tum
477 344 630 382 fatetur.

429 409 656 448 Extrahitur
674 410 792 447 domo
811 408 963 447 latitans
994 410 1234 462 Oppianicus
1255 423 1275 447 a
1296 410 1464 448 Manilio
1483 426 1491 448 ;
1524 412 1639 449 index
1659 413 1757 450 Avi-

367 477 441 514 lius
474 490 521 514 ex
541 476 656 514 altera
686 484 790 528 parte
811 489 940 513 coram
974 485 1137 515 tenetur.
1171 477 1252 514 Hic
1267 478 1349 529 jam
1370 477 1465 529 quid
1485 478 1631 530 reliqua
1651 493 1755 530 quae—

368 544 450 581 ritis
469 544 482 580 ?
515 543 727 582 Manilium
747 542 921 595 plerique
942 544 1096 581 noratis.
1135 543 1230 582 Non
1250 544 1315 582 ille
1334 543 1522 583 honorem
1543 559 1562 582 a
1583 546 1756 598 pueritia,

366 623 446 648 non
466 609 586 647 studia
604 609 771 653 virtutis,
795 622 871 647 non
890 609 1018 647 ullum
1037 609 1328 649 existimationis
1349 611 1458 649 bonae
1474 610 1660 656 fructum,
1683 625 1757 649 un-

367 690 487 728 quam
507 677 690 729 cogitarat
702 694 714 720 ;
746 675 822 720 sed,
853 689 900 713 ex
919 675 1106 728 petulanti
1128 686 1242 729 atque
1261 678 1440 731 improbo
1460 679 1596 723 scurra,
1620 679 1659 716 in
1680 678 1756 716 dis-

368 743 508 781 cordiis
542 742 706 780 civitatis
738 742 784 779 ad
818 755 903 780 eam
923 742 1163 788 columnam,
1195 743 1241 781 ad
1272 758 1388 795 quam
1417 745 1634 783 multorum
1665 745 1759 797 saepe

367 809 552 847 conviciis
574 808 777 861 perductus
797 817 889 853 erat,
920 822 1013 847 cum
1033 808 1220 862 suffragiis
1251 811 1387 863 populi
1407 821 1639 864 pervenerat.
1680 812 1757 850 Ita-

369 889 444 928 que
476 889 555 914 rem
589 889 681 913 cum
715 875 934 928 Oppianico
970 876 1164 929 transigit:
1197 877 1402 929 pecuniam
1435 878 1480 915 ab
1515 891 1560 916 eo
1589 879 1755 930 accipit:

368 942 519 980 causam
539 951 578 980 et
597 941 822 994 susceptam,
844 951 882 979 et
903 941 1157 986 manifestam,
1180 942 1379 994 relinquit.
1412 945 1471 981 Ac
1493 952 1578 981 tum
1607 945 1648 982 in
1671 945 1758 996 Op-

368 1009 510 1061 pianici
530 1008 637 1045 causa
656 1008 805 1045 crimen
836 1007 912 1044 hoc
940 1008 1168 1045 Asinianum
1189 1021 1282 1045 cum
1309 1007 1465 1046 testibus
1493 1009 1643 1054 multis,
1675 1021 1759 1048 tum

367 1086 455 1110 vero
475 1072 621 1110 indicio
641 1072 776 1116 Avilii,
807 1072 1039 1124 probabatur
1059 1087 1068 1110 :
1101 1073 1140 1110 in
1161 1086 1253 1124 quo,
1287 1073 1385 1110 inter
1404 1073 1599 1126 allegatos,
1629 1076 1759 1128 Oppi-

367 1140 468 1176 anici
489 1152 631 1176 nornen
666 1138 840 1190 primum
860 1137 933 1175 effe
963 1138 1171 1182 constabat,
1203 1139 1298 1190 ejus,
1332 1152 1450 1190 quem
1482 1154 1547 1178 vos
1576 1141 1759 1179 miserum

367 1214 482 1257 atque
502 1206 750 1242 innocentem
771 1202 864 1242 falso
877 1204 1028 1255 judicio
1047 1205 1359 1243 circumventum
1377 1205 1448 1243 effe
1469 1206 1610 1244 dicitis.

430 1271 541 1308 XIV.
575 1269 711 1321 Qid?
756 1270 879 1308 aviam
911 1279 1032 1315 tuam,
1067 1271 1297 1323 Oppianice,
1329 1272 1512 1317 Dineam,
1549 1273 1613 1311 cui
1648 1282 1690 1311 tu
1722 1287 1758 1312 es

367 1336 492 1382 heres,
515 1345 618 1390 pater
639 1345 726 1373 tuus
747 1350 825 1374 non
846 1335 1046 1375 manifesto
1061 1337 1208 1375 necavit
1227 1338 1238 1373 ἒ
1261 1338 1306 1375 ad
1328 1351 1446 1390 quam
1467 1352 1559 1376 cum
1580 1339 1759 1377 adduxis—

369 1404 422 1442 set
444 1403 641 1441 medicum
662 1403 776 1441 illum
799 1403 924 1448 suum,
952 1404 1034 1455 jam
1055 1404 1274 1456 cognitum,
1301 1414 1338 1443 et
1360 1405 1453 1458 saepe
1474 1406 1672 1451 viestorern,
1694 1420 1761 1459 per

369 1483 488 1523 quem
520 1468 761 1508 interfecerat
795 1470 999 1523 plurimos,
1030 1470 1171 1508 mulier
1201 1471 1406 1516 exclamat,
1442 1471 1477 1509 se
1508 1473 1554 1510 ab
1586 1486 1630 1511 eo
1650 1472 1761 1511 nullo

369 1537 488 1576 modo
508 1537 606 1575 velle
639 1537 775 1581 curari,
807 1551 886 1589 quo
917 1546 1072 1575 curante
1099 1537 1182 1575 suos
1217 1552 1352 1577 omnes
1386 1539 1617 1591 perdidisset.
1650 1540 1761 1578 Tum

369 1614 525 1657 repente
550 1604 842 1642 Anconitanum
875 1605 1083 1656 quendam,
1115 1606 1164 1643 L.
1189 1605 1390 1651 Clodium,
1420 1604 1762 1659 pharmacopolam

369 1670 736 1715 circumforaneum,
758 1671 826 1722 qui
846 1670 932 1708 casu
953 1680 1038 1708 tum
1060 1671 1247 1709 Larinum
1268 1672 1436 1715 veniffet‚
1464 1672 1697 1723 aggreditur,
1725 1681 1762 1709 et

370 1752 462 1776 cum
483 1752 526 1775 eo
558 1739 649 1775 H—S
671 1737 975 1790 quadringentis,
1009 1738 1048 1775 id
1069 1737 1174 1789 quod
1204 1737 1320 1789 ipsius
1352 1738 1491 1776 tabulis
1514 1747 1599 1776 tum
1620 1738 1672 1776 est
1692 1738 1760 1776 de-

372 1803 645 1847 monstratum,
663 1803 847 1855 tranfigit.
876 1804 924 1841 L.
941 1803 1118 1848 Clodius,
1135 1804 1202 1855 qui
1218 1813 1447 1856 properaret,
1465 1804 1529 1842 cui
1542 1803 1623 1842 fora
1639 1805 1763 1842 multa

371 1867 562 1914 restarent,
586 1869 698 1907 fimul
720 1878 833 1922 atque
851 1870 1093 1908 introductus
1115 1869 1180 1914 est,
1203 1883 1282 1907 rem
1307 1869 1503 1908 confecit:
1536 1871 1659 1923 prima
1689 1885 1761 1923 po—

371 1937 475 1974 tione
497 1935 700 1973 mulierem
722 1934 897 1981 sustulit;
931 1949 1054 1988 neque
1074 1935 1199 1989 postea
1219 1937 1350 1974 Larini
1370 1939 1558 1989 punctum
1580 1938 1632 1975 est
1659 1946 1761 1976 tem-

372 2003 473 2055 poris
494 2011 770 2040 commoratus.

428 2069 575 2106 Eadem
606 2067 677 2106 hac
706 2069 832 2107 Dinea
860 2069 1132 2107 testamentum
1163 2068 1341 2114 faciente,
1373 2084 1463 2108 cum
1498 2071 1645 2108 tabulas
1675 2085 1762 2123 pre-

371 2134 560 2174 hendiffet
590 2134 845 2187 Oppianicus,
878 2136 944 2188 qui
974 2149 1089 2187 gener
1118 2137 1198 2187 ejus
1219 2135 1360 2180 fuiffet,
1393 2136 1517 2189 digito
1545 2137 1667 2189 legata
1695 2138 1763 2175 de-

372 2201 465 2239 levit
483 2219 494 2245 ;
526 2210 577 2245 et,
599 2214 690 2238 cum
711 2201 750 2239 id
771 2201 906 2239 multis
929 2201 1023 2239 locis
1044 2201 1202 2245 feciffet,
1234 2201 1316 2254 post
1337 2212 1503 2240 mortem
1524 2204 1619 2255 ejus,
1645 2216 1692 2241 ne
1713 2203 1762 2241 li-

374 2269 468 2307 turis
490 2269 643 2321 coargui
667 2269 798 2321 posset,
830 2269 1101 2308 testamentum
1133 2271 1172 2308 in
1197 2270 1284 2308 alias
1318 2270 1464 2310 tabulas
1494 2271 1763 2324 transcriptum

375 2335 488 2387 signis
520 2335 742 2373 adulterinis
764 2335 989 2388 obsignavit.
1023 2335 1155 2374 Multa
1174 2345 1354 2388 praetereo
1385 2337 1586 2375 consulto:
1619 2338 1762 2374 etenim

374 2414 516 2445 vereor,
549 2415 595 2438 ne
626 2400 707 2439 haec
739 2401 816 2454 ipsa
838 2403 1006 2440 nimium
1040 2403 1162 2440 multa
1182 2401 1252 2440 effe
1282 2403 1505 2442 videantur:
1538 2417 1602 2442 vos
1635 2412 1762 2440 tamen

374 2481 464 2508 eum
479 2467 642 2508 similem
660 2469 715 2507 sui
733 2468 841 2509 fuifl‘e
863 2470 900 2507 in
923 2470 1066 2508 caeteris
1083 2483 1238 2523 quoque
1256 2471 1341 2510 vita:
1356 2471 1528 2524 partibus
1549 2470 1763 2508 existimare
