2212 2835
410 148 483 188 160
824 141 1242 185 ORATIO,
1301 142 1377 179 &a

459 243 703 294 Qapropter
721 239 902 291 equidem
923 247 959 275 et
981 238 1028 276 C.
1052 236 1186 281 Marii,
1217 246 1256 275 et
1275 246 1502 276 caeterorum
1522 238 1708 283 virorum,
1739 237 1796 276 sa-

402 308 725 362 pientiffimorum
747 318 788 342 ac
809 303 1103 342 fortisfimorum
1125 303 1285 348 civium,
1317 313 1480 349 mentes,
1510 318 1597 356 quae
1615 303 1716 342 mihi
1736 305 1796 342 vi·-

404 375 543 411 dentur
559 386 605 410 ex
621 371 832 410 hominum
846 371 924 408 vita
943 371 989 408 ad
1010 371 1186 408 Deorum
1206 370 1436 422 religionem
1453 380 1490 408 et
1506 370 1798 409 sanctimoniam

402 439 637 493 demigrasse,
670 438 794 483 testor,
827 451 890 476 me
909 451 979 490 pro
999 437 1159 475 illorum
1178 436 1294 481 fama,
1325 438 1461 489 gloria,
1493 438 1692 482 memoria,
1717 450 1797 475 non

402 506 521 550 secus,
542 518 585 542 ac
605 518 675 557 pro
694 503 826 556 patriis
844 502 941 541 fanis
963 513 1076 555 atque
1093 503 1276 548 delubris,
1299 503 1625 556 propugnandum
1640 511 1794 556 putare:

401 586 458 618 ac,
490 572 516 610 fi
537 586 606 626 pro
626 571 783 609 illorum
804 571 914 608 laude
942 569 1043 609 mihi
1069 584 1173 609 arma
1198 570 1380 624 capienda
1408 571 1538 616 effent,
1568 584 1647 609 non
1666 570 1796 609 minus

400 639 550 677 strenue
569 651 758 691 caperem,
789 651 909 690 quam
929 636 989 675 illi
1014 651 1084 691 pro
1111 637 1317 675 communi
1343 637 1460 676 salute
1487 646 1684 690 ceperunt.
1721 637 1797 674 Et-

401 706 520 749 enim,
553 704 742 757 Qirites,
764 705 952 756 exiguum
973 704 1084 742 nobis
1105 704 1192 742 vitae
1212 703 1450 742 curriculum
1471 713 1605 742 natura
1623 704 1795 742 circum-

402 773 560 825 scripsit,
592 771 828 810 immensum
848 771 991 824 gloriae.

457 841 530 877 XI.
564 840 707 891 Qare,
737 839 764 877 fi
784 851 861 883 eos,
894 839 962 890 qui
982 839 1065 890 jam
1092 837 1138 875 de
1163 837 1243 875 vita
1265 837 1510 883 decesserunt,
1541 837 1766 876 ornabimus
1780 855 1794 883 3

396 905 597 958 justiorem
618 905 728 943 nobis
750 904 885 942 mortis
913 904 1181 941 conditionem
1209 903 1489 955 relinquemus,
1521 904 1605 947 Sed,
1636 902 1663 940 si
1692 903 1795 948 illos,

402 972 585 1016 Labiene,
617 985 712 1023 quos
728 972 811 1023 jam
832 970 957 1008 videre
979 983 1054 1007 non
1079 969 1291 1022 poffumus,
1322 969 1511 1022 negligis;
1544 982 1592 1007 ne
1617 968 1678 1007 his
1705 969 1796 1022 qui-

402 1039 506 1082 dem,
529 1050 625 1090 quos
647 1037 766 1082 vides,
788 1036 936 1074 consuli
957 1045 1066 1089 putas
1087 1037 1289 1089 oportere?
1316 1036 1532 1074 Neminem
1551 1035 1622 1075 effe
1641 1035 1730 1074 dico
1749 1049 1797 1075 ex

402 1104 448 1142 iis
469 1104 667 1148 omnibus,
699 1103 767 1155 qui
787 1103 856 1141 illo
875 1102 937 1140 die
958 1103 1096 1140 Romae
1115 1101 1273 1147 fuerint,
1305 1115 1422 1154 quem
1443 1111 1486 1140 tu
1506 1102 1611 1140 diem
1631 1102 1672 1140 in
1686 1102 1797 1155 judi-

401 1171 508 1208 cium
529 1184 653 1214 vocas,
675 1168 872 1221 pubesque
892 1177 978 1206 tum
998 1167 1129 1212 fuerit,
1152 1169 1247 1220 quin
1269 1181 1373 1206 arma
1387 1169 1546 1221 ceperit,
1568 1169 1664 1221 quin
1685 1170 1796 1207 Cor-1-

402 1237 498 1276 sules
530 1237 678 1275 secutus
710 1236 767 1275 fit.
801 1237 950 1274 Omnes
984 1235 1025 1280 ii,
1057 1249 1224 1288 quorum
1253 1244 1296 1274 tu
1326 1249 1374 1274 ex
1401 1237 1796 1287 aetateconjefturam

402 1303 525 1341 facere
554 1313 676 1356 potes,
707 1303 803 1356 quid
830 1312 917 1340 tum
942 1301 1118 1347 fecerint,
1150 1303 1214 1340 abs
1243 1311 1279 1340 te
1305 1303 1358 1340 rei
1384 1302 1534 1355 capitis,
1567 1303 1616 1340 C.
1646 1302 1798 1340 Rabirii

402 1370 577 1414 nomine,
617 1369 798 1407 citantur.
840 1369 896 1406 At
929 1368 1073 1406 occidit
1108 1368 1358 1406 Saturninum
1392 1368 1589 1408 Rabirius.
1630 1368 1796 1406 Utinam

402 1434 568 1473 feciffet!
601 1449 677 1473 non
700 1434 934 1487 supplicium
961 1434 1192 1487 deprecarer,
1223 1433 1285 1471 sed
1313 1435 1520 1487 praemium
1547 1433 1795 1486 postularem.

404 1502 579 1546 Etenim,
620 1500 646 1538 fi
687 1503 825 1545 Scevae,
865 1500 975 1538 servo
1015 1501 1084 1550 Q
1111 1501 1308 1544 Crotonis,
1349 1501 1418 1552 qui
1457 1500 1601 1538 occidit
1638 1500 1687 1538 L.
1728 1502 1794 1538 Sa-

403 1568 620 1611 turninum,
655 1566 809 1604 libertas
844 1565 929 1603 data
961 1565 1038 1610 est3
1080 1566 1184 1618 quod
1219 1566 1342 1618 equiti
1378 1566 1557 1604 Romano
1591 1565 1798 1619 praemium

404 1634 483 1671 dari
512 1647 578 1685 par
609 1631 765 1670 fuiffet?
797 1640 848 1676 et,
880 1631 905 1669 fi
932 1632 981 1670 C.
1012 1632 1178 1676 Marius,
1210 1632 1316 1684 quod
1342 1631 1498 1676 fistulas,
1530 1631 1672 1684 quibus
1699 1643 1797 1683 aqua

402 1699 712 1752 suppeditabatur
756 1698 863 1749 Jovis
911 1699 1068 1750 Optimi
1117 1699 1288 1737 Maximi
1332 1699 1490 1751 templis
1536 1712 1578 1736 ac
1627 1697 1794 1742 sedibus,

404 1766 559 1818 praecidi
605 1766 822 1817 imperarat,
873 1764 978 1816 quod
1024 1765 1065 1802 in
1109 1765 1210 1803 clivo
1253 1765 1476 1818 Capitolino
1524 1764 1794 1817 improborum

403 1832 564 1869 civium.
589 1861 598 1870 .
625 1860 634 1869 .
659 1859 669 1870 .
725 1831 870 1884 Dqsunt
889 1844 956 1869 non
968 1840 1103 1885 pauca.
