2212 2835
671 168 749 207 IN
806 169 1378 211 L..CAT1L1NAM.
1665 176 1743 229 163

341 268 526 320 oportuit,
549 277 651 306 certa
671 269 717 306 de
736 269 844 307 causa
864 269 1040 308 nondum
1060 271 1230 309 adducor
1247 281 1289 310 ut
1309 270 1463 310 faciam.
1495 272 1606 311 Tum
1626 272 1738 311 deni-

340 349 415 388 que
436 337 663 376 interficiam
685 346 736 382 te,
764 328 855 375 cum
870 338 954 390 jam
973 352 1090 376 nemo
1111 348 1190 377 tam
1211 340 1429 392 improbus,
1450 349 1530 378 tam
1552 340 1738 394 perdituS,

340 411 420 440 tam
450 403 508 441 tui
538 403 688 447 similis,
718 403 884 441 inveniri
916 404 1072 456 poterit,
1103 404 1173 456 qui
1203 405 1244 442 id
1273 419 1352 443 non
1376 408 1463 458 jure
1492 406 1638 445 fastum
1668 407 1739 446 ess‘e

338 467 514 507 fateatur.
547 469 750 521 Qamdiu
779 468 985 522 quisquam
1009 470 1095 515 erit,
1127 470 1197 522 qui
1219 479 1256 508 te
1275 471 1478 510 defendere
1498 473 1646 518 audeat,
1678 474 1739 512 vi-

339 548 401 573 ves
421 549 430 573 :
462 544 500 573 et
520 536 622 573 vives
643 536 709 581 ita,
740 544 784 573 ut
804 549 909 574 nunc
928 536 1039 581 vivis,
1072 536 1209 574 multis
1229 538 1326 576 meis
1353 547 1391 576 et
1413 537 1536 576 firmis
1557 539 1738 592 praefidiis

337 600 515 647 obsessus,
547 615 595 640 ne
615 615 862 640 commovere
888 611 925 640 te
945 611 1080 641 contra
1107 603 1393 656 rempublicam
1418 604 1546 658 poffis.
1579 605 1738 644 Multo-

337 681 425 706 rum
443 677 479 706 te
495 669 611 707 etiam
628 669 734 707 oculi
749 678 787 707 et
803 683 909 708 aures
926 683 1004 708 non
1020 669 1264 716 sentientem,
1285 671 1381 710 ficut
1401 670 1528 710 adhuc
1548 669 1738 718 fecerunt,

336 725 651 787 speculabunsur,
683 745 798 789 atque
817 736 1047 776 custodient.

392 802 467 841 ΙΙΙ.
500 803 663 841 Etenim
684 803 780 856 quid
799 803 865 848 est,
889 804 1071 848 Catilina,
1095 803 1200 856 quod
1214 804 1298 856 jam
1314 804 1481 858 amplius
1497 806 1688 858 expectes,
1710 804 1736 843 fi

335 881 460 921 neque
480 883 557 908 nox
577 870 746 908 tenebris
766 870 966 908 obscurare
987 879 1111 909 coetus
1133 870 1312 917 nefarios,
1340 885 1411 910 nec
1430 872 1577 925 privata
1596 872 1736 910 domus

334 936 545 988 parietibus
572 937 770 974 continere
796 950 932 974 vocem
958 937 1234 988 conjurationis
1265 946 1355 982 tuae,
1386 938 1540 991 potest?
1572 938 1599 977 fi
1625 938 1737 976 illus-

335 1010 497 1047 trantur,
529 1003 555 1040 fi
575 1012 802 1056 erumpunt,
832 1003 996 1041 omnia?
1028 1003 1146 1041 Muta
1164 1004 1248 1055 jam
1274 1003 1384 1042 istam
1404 1013 1601 1043 mentem:
1634 1004 1736 1043 mihi

334 1070 474 1108 crede:
507 1069 730 1109 obliviscere
749 1070 878 1115 caedis,
909 1079 1023 1122 atque
1040 1070 1325 1108 incendiorum.
1357 1071 1521 1110 Teneris
1542 1071 1734 1125 undique:

333 1135 422 1174 luce
442 1137 528 1175 sunt
549 1137 707 1175 clariora
727 1137 839 1175 nobis
861 1145 926 1174 tua
952 1136 1108 1175 consilia
1135 1137 1293 1175 omnia:
1326 1151 1413 1190 quae
1431 1138 1550 1177 etiam
1576 1152 1736 1177 mecum

332 1203 425 1241 licet
455 1203 714 1256 recognoscas.
757 1203 1042 1248 Meministine,
1079 1217 1144 1241 me
1176 1212 1265 1242 ante
1295 1204 1402 1243 diem
1438 1218 1505 1244 ΧΠ
1543 1205 1734 1244 Kalendas

330 1269 569 1308 Novembris
599 1270 726 1308 dicere
755 1270 795 1308 in
822 1270 966 1315 senatu,
997 1269 1079 1309 fore
1105 1270 1146 1308 in
1175 1270 1292 1308 armis
1319 1279 1424 1309 certo
1449 1271 1525 1317 die,
1557 1273 1626 1324 qui
1653 1272 1734 1310 dies

330 1333 484 1374 futurus
511 1336 600 1375 effet
625 1346 712 1375 ante
738 1337 843 1375 diem
871 1351 914 1375 VI
946 1336 1136 1375 Kalendas
1164 1336 1420 1383 Novembris,
1452 1338 1501 1376 C.
1528 1337 1733 1384 Mallium,

330 1403 497 1442 audaciae
529 1403 731 1442 satellitem
763 1413 878 1457 atque
908 1403 1178 1442 administrum
1206 1404 1312 1443 tuae?
1344 1403 1459 1442 Num
1485 1418 1550 1443 me
1575 1403 1731 1450 fefellit,

331 1470 514 1516 Catilina,
545 1485 624 1509 non
644 1471 762 1509 modo
783 1485 838 1509 res
861 1480 976 1516 tanta,
1009 1480 1089 1508 tam
1115 1480 1238 1516 atrox,
1269 1480 1350 1509 tam
1378 1471 1634 1517 incredibilis,
1665 1485 1733 1510 ve-

332 1549 434 1581 rum,
466 1537 506 1574 id
538 1537 643 1588 quod
674 1538 801 1575 multo
833 1538 956 1589 magis
983 1536 1036 1574 est
1067 1537 1353 1581 admirandum,
1385 1537 1497 1576 dies?
1532 1539 1630 1578 Dixi
1660 1551 1733 1592 ego

330 1601 435 1639 idem
465 1602 507 1640 in
538 1602 683 1648 senatu,
714 1603 859 1641 caedem
887 1612 925 1641 te
951 1603 1188 1656 optimatum
1215 1602 1418 1641 contuliffe
1445 1604 1487 1642 in
1513 1614 1600 1643 ante
1625 1605 1731 1644 diem

332 1681 356 1705 v
378 1668 568 1706 Kalendas
590 1669 842 1714 Novembris,
867 1679 966 1714 tum,
989 1683 1082 1707 cum
1104 1669 1221 1707 multi
1242 1670 1435 1722 principes
1456 1671 1623 1710 civitatis
1644 1672 1729 1710 Ro-

329 1748 394 1772 ma
420 1748 499 1772 non
526 1744 605 1773 tam
634 1736 691 1774 sui
718 1736 979 1782 conservandi,
1010 1750 1129 1789 quam
1157 1745 1315 1774 tuorum
1336 1736 1586 1776 consiliorum
1607 1738 1730 1792 repri-

328 1801 578 1847 mendorum,
608 1801 718 1840 causa
738 1801 1010 1856 profugerunt.
1042 1803 1158 1842 Num
1178 1802 1336 1841 infitiari
1356 1812 1479 1856 potes,
1501 1812 1539 1843 te
1558 1804 1628 1842 illo
1648 1804 1731 1858 ipso

327 1867 403 1914 die,
434 1868 529 1906 meis
549 1869 743 1921 praefidiis,
775 1883 861 1907 mea
886 1870 1101 1923 diligentia,
1132 1870 1453 1916 circumclusum,
1485 1884 1731 1910 commovere

329 1944 367 1973 te
391 1944 525 1974 contra
551 1936 836 1990 rempublicam
863 1951 942 1976 non
967 1937 1144 1991 potuiffe,
1176 1951 1269 1976 cum
1299 1947 1355 1984 tu,
1387 1937 1546 1977 disceffu
1567 1947 1729 1978 caetero-

328 2014 432 2047 rum,
462 2002 587 2041 nostra
605 2011 749 2049 tamen,
781 2003 850 2057 qui
870 2003 1187 2050 remanfiffemus,
1217 2005 1319 2043 caede
1345 2013 1577 2045 contentum
1602 2014 1640 2045 te
1659 2005 1730 2044 effe

357 2068 365 2074 '
498 2068 511 2097 Ρ

328 2067 494 2181 ὼςέἓῑίῗὶ
511 2131 524 2168 ?
555 2144 648 2170 cum
669 2140 706 2170 te
727 2131 912 2170 Praeneste
931 2132 1114 2171 Kalendis
1135 2132 1224 2186 ipsis
1245 2133 1486 2172 Novembris
1511 2141 1726 2187 occupatu-

327 2208 416 2233 rum
436 2197 624 2236 nocturno
644 2198 795 2251 impetu
815 2197 887 2236 effe
907 2198 1116 2238 confideres
1133 2218 1145 2244 ς
1178 2199 1380 2245 sensistine,
1401 2200 1512 2238 illam
1531 2200 1727 2238 coloniam

327 2274 417 2300 meo
430 2262 547 2313 jussu,
578 2265 675 2302 meis
695 2264 890 2318 praefidiis,
922 2265 1118 2311 custodiis,
1149 2265 1383 2319 vigiliisque,
1413 2265 1485 2304 effe
1504 2265 1725 2305 munitam?

327 2327 443 2367 Nihil
464 2329 557 2380 agiS,
579 2329 679 2368 nihil
700 2331 863 2377 moliris,
884 2330 984 2369 nihil
1005 2334 1165 2385 cogitas,
1193 2333 1298 2385 quod
1319 2346 1391 2385 ego
1411 2346 1488 2370 non
1509 2331 1627 2370 modo
1646 2344 1726 2370 non

326 2395 496 2440 audiam,
529 2396 591 2434 sed
610 2397 728 2435 etiam
748 2411 826 2436 non
847 2399 1011 2445 videam,
1033 2401 1222 2452 planeque
1242 2400 1418 2437 sentiam.

381 2464 454 2503 IV.
487 2464 736 2518 Recognosce
767 2466 921 2504 tandem
951 2481 1108 2507 mecum
1136 2468 1246 2506 illam
1277 2467 1509 2519 superiorem
1539 2468 1722 2506 noctem:

1327 2533 1420 2574 X2
