2212 2835
485 160 562 212 298
996 151 1404 192 ORATIO

484 253 725 309 expostulasti
746 253 759 291 ?
790 253 872 297 Tu,
903 263 996 290 cum
1018 259 1083 288 tua
1101 263 1178 289 vox
1197 254 1401 302 nunquam
1421 248 1466 288 fit
1493 247 1649 295 audita3
1680 264 1788 296 cum,
1819 250 1882 289 in-

485 323 589 362 dicio
623 321 742 365 lecto,
779 318 990 372 descripto,
1021 316 1241 370 divulgato,
1273 316 1485 369 quieveris,
1517 316 1701 362 tacueris,
1732 325 1885 370 repente

487 398 634 428 tantam
655 401 738 426 rem
758 386 956 424 enuntiare
976 384 1112 423 audeas
1131 383 1143 421 ?
1175 392 1213 422 et
1233 384 1274 422 in
1294 396 1385 422 eum
1406 383 1541 422 locum
1561 393 1599 422 te
1620 382 1786 422 deducas
1799 412 1811 428 ,
1841 391 1886 422 ut

487 463 588 500 ante,
619 467 737 507 quam
757 466 821 492 me
839 451 1075 491 commutati
1094 450 1232 488 indicii
1257 450 1488 503 coargueris,
1519 459 1556 488 te
1576 449 1738 489 summae
1757 448 1883 502 negli-

486 521 640 575 gentiae,
673 529 740 558 tuo
755 519 921 572 judicio,
952 518 1177 556 convietum
1196 516 1268 555 effe
1287 516 1427 555 fateare
1445 517 1459 554 ?

543 588 656 627 XVI.
689 585 799 626 Mihi
819 584 1047 638 cujusquam
1067 583 1164 622 salus
1188 583 1285 622 tanti
1304 582 1433 628 fuiffet
1447 612 1457 629 ,
1490 592 1534 622 ut
1553 596 1684 622 meam
1710 581 1886 636 neglige-

487 655 602 694 rem?
639 667 707 709 per
737 667 800 692 me
830 666 902 706 ego
933 652 1131 690 veritatem
1162 649 1392 703 patefaetam
1422 651 1726 689 contaminarem
1756 649 1890 701 aliquo

488 721 692 760 mendacio
712 721 724 757 ?
756 732 996 773 quemquam
1018 718 1185 769 denique
1206 731 1287 770 egov
1292 718 1484 770 juvarem,
1515 731 1536 755 a
1556 731 1634 769 quo
1654 726 1693 755 et
1713 715 1886 755 crudeles

488 788 639 827 infidias
659 787 699 825 in
720 785 1004 838 rempublicam
1024 783 1165 829 saetas,
1197 793 1235 821 et
1260 784 1301 821 in
1330 797 1394 821 me
1419 783 1661 836 potiffimum
1689 782 1888 822 consulem

489 854 727 898 constitutas,
761 850 967 905 putarem?
1000 850 1118 901 Qod
1145 849 1172 887 fi
1192 851 1276 902 jam
1302 848 1419 888 essem
1444 849 1590 887 oblitus
1618 849 1823 887 severitatis
1849 856 1889 886 et

488 920 708 959 constantiae
728 932 839 963 meae,
869 927 999 956 tamne
1020 930 1151 955 amens
1173 930 1291 961 eram,
1320 924 1377 961 ut,
1408 929 1502 953 cum
1521 915 1640 953 literae
1660 914 1889 968 posteritatis

489 987 597 1027 causa
616 996 770 1040 repertae
792 986 888 1030 sint,
919 998 1004 1036 quae
1024 983 1189 1022 subfidio
1216 983 1406 1021 oblivioni
1431 981 1501 1021 effe
1528 981 1699 1035 poffent,
1729 995 1803 1034 ego
1829 994 1888 1019 re-

489 1063 642 1093 centem
674 1061 851 1106 putarem
882 1051 1114 1090 memoriam
1145 1050 1277 1089 cuncti
1307 1049 1455 1088 senatus
1487 1049 1771 1088 commentario
1800 1060 1893 1088 meo

487 1121 588 1175 posse
608 1120 772 1174 superari
792 1120 804 1156 ?

545 1191 644 1228 Fero
664 1201 736 1240 ego
757 1197 819 1232 te,
850 1188 1050 1238 Torquate
1066 1215 1077 1230 ‚
1103 1184 1337 1236 jamdudum
1355 1214 1365 1229 ,
1396 1183 1506 1228 fero3
1538 1191 1577 1221 et
1606 1196 1890 1236 nonnunquam

489 1256 667 1294 animum
687 1254 893 1291 incitatum
915 1252 960 1290 ad
982 1251 1240 1300 ulciscendam
1267 1251 1481 1290 orationem
1509 1259 1617 1288 tuam
1638 1263 1774 1288 revoco
1794 1249 1888 1301 ipse,

489 1331 528 1360 et
561 1320 725 1360 reflecto.
759 1319 949 1358 Permitto
983 1318 1133 1370 aliquid
1166 1304 1370 1355 iracundiae
1405 1326 1493 1361 tuae,
1526 1316 1575 1353 do
1609 1314 1887 1359 adolescentiae,

490 1388 585 1428 cedo
613 1386 808 1431 amicitiae,
840 1385 969 1424 tribuo
1000 1385 1176 1438 parenti:
1213 1384 1289 1429 sed,
1320 1384 1388 1422 nifi
1421 1384 1494 1422 tibi
1522 1382 1693 1435 aliquem
1724 1380 1889 1420 modum

490 1465 573 1495 tute
592 1453 848 1498 constitueris,
879 1464 993 1504 coges
1014 1451 1183 1489 oblitum
1204 1464 1268 1489 me
1294 1450 1428 1488 nostrae
1455 1450 1636 1488 amicitIae
1662 1447 1802 1486 habere
1828 1461 1890 1486 ra-

490 1523 639 1563 tionem
659 1534 751 1560 meae
771 1519 985 1572 dignitatis.
1014 1518 1148 1558 Nemo
1168 1531 1343 1570 unquam
1358 1531 1422 1555 me
1442 1516 1660 1555 tenuiffima
1679 1515 1892 1568 suspicione

491 1587 725 1643 perstrinxit,
748 1599 867 1639 quem
887 1598 967 1623 non
986 1583 1260 1637 praeverterim.
1293 1583 1365 1622 Sed
1385 1581 1487 1621 mihi
1506 1580 1583 1621 hoc
1603 1581 1731 1620 credas
1751 1581 1891 1620 velim:

491 1669 570 1695 non
590 1655 636 1693 iis
657 1652 907 1693 libentiffime
927 1651 1029 1701 soleo
1048 1650 1287 1703 respondere,
1313 1663 1410 1703 quos
1431 1648 1532 1688 mihi
1552 1649 1683 1688 videor
1701 1647 1890 1687 facillime

492 1722 594 1776 poffe
628 1722 813 1775 superare.
851 1721 933 1764 Tu,
965 1718 1151 1772 quoniam
1185 1717 1352 1755 minime
1385 1717 1536 1770 ignoras
1570 1714 1891 1754 consuetudinem

492 1789 648 1828 dicendi
678 1800 822 1831 meam,
853 1786 935 1824 noli
954 1784 1026 1823 hac
1047 1797 1145 1822 nova
1163 1783 1319 1821 lenitate
1348 1782 1457 1820 abuti
1484 1795 1596 1826 mea;
1628 1781 1710 1819 noli
1737 1780 1889 1818 aculeos

493 1854 675 1893 orationis
708 1866 818 1897 meae,
848 1851 917 1904 qui
948 1849 1137 1888 reconditi
1171 1849 1273 1894 sunt,
1303 1847 1473 1887 excuffos
1504 1847 1676 1886 arbitrari
1694 1865 1707 1892 3
1738 1846 1820 1885 noli
1849 1845 1890 1884 id

494 1930 626 1975 putare
659 1919 822 1958 omnino
856 1931 876 1955 a
905 1930 968 1956 me
999 1915 1071 1954 effe
1100 1915 1294 1961 amissum,
1325 1915 1351 1954 fi
1382 1914 1476 1967 quid
1506 1914 1558 1952 est
1588 1914 1662 1952 tibi
1692 1912 1891 1952 remiffum

493 1997 606 2040 atque
628 1984 862 2024 concessum.
887 1985 992 2022 Cum
1014 1983 1089 2021 illae
1109 1983 1235 2020 valent
1256 1982 1357 2035 apud
1378 1995 1440 2020 me
1460 1980 1722 2019 excusationes
1742 1979 1892 2032 injuriae

492 2064 567 2094 tuae
583 2083 593 2098 ‚
625 2053 741 2090 iratus
762 2052 914 2089 animus
935 2059 1023 2088 tuus
1039 2079 1049 2094 ,
1081 2058 1167 2087 aetas
1181 2078 1192 2094 ,
1224 2048 1394 2087 amicitia
1423 2048 1573 2093 nostra;
1606 2056 1691 2085 tum
1712 2046 1891 2085 nondum

495 2122 639 2166 statu0‚
672 2129 708 2158 te
727 2119 870 2157 virium
891 2117 975 2156 satis
997 2116 1156 2162 habere,
1188 2125 1231 2155 ut
1251 2130 1323 2169 ego
1343 2125 1473 2154 tecum
1494 2115 1629 2153 luetati
1649 2123 1687 2152 et
1706 2112 1891 2166 congredi

495 2189 671 2227 debeam.
705 2186 823 2237 Qod
853 2185 878 2223 fi
907 2184 996 2223 effes
1023 2184 1092 2222 usu
1118 2193 1232 2236 atque
1259 2192 1365 2222 aetate
1392 2182 1593 2227 robustior,
1625 2181 1740 2220 effem
1767 2181 1888 2224 idem,

495 2256 564 2309 qui
585 2255 700 2300 soleo,
731 2267 824 2292 cum
845 2253 929 2291 sum
949 2252 1136 2290 lacessitus
1155 2267 1163 2290 :
1197 2264 1300 2289 nunc
1322 2260 1452 2289 tecum
1473 2250 1522 2288 fic
1543 2263 1669 2303 agam,
1700 2247 1825 2286 tuliffe
1846 2255 1890 2286 ut

496 2324 623 2377 pot1us
645 2322 842 2375 injuriam,
872 2334 990 2373 quam
1012 2319 1177 2357 retulisse
1195 2319 1371 2371 gratiam,
1404 2318 1543 2356 videar.

550 2389 684 2428 XVII.
717 2388 859 2440 Neque
890 2400 992 2431 vero,
1023 2386 1118 2439 quid
1149 2384 1248 2423 mihi
1278 2385 1445 2429 irascare,
1478 2383 1694 2436 intelligere
1720 2380 1886 2434 possum.

495 2457 553 2502 Si,
584 2456 689 2509 quod
708 2469 799 2494 eum
819 2453 1003 2500 defendo,
1035 2467 1153 2506 quem
1176 2462 1218 2492 tu
1238 2452 1388 2492 accusas
1406 2471 1417 2498 3
1450 2465 1519 2490 cur
1541 2451 1613 2490 tibi
1634 2462 1790 2502 quoque
1811 2445 1887 2499 ipse
