2212 2835
998 105 1229 158 [208]

542 500 630 576 L.
798 495 1700 573 MURENA

779 719 1185 758 ORATIO
1271 718 1454 757 XXIII.

429 931 459 969 Ι.
601 927 707 966 UAE
744 926 964 979 deprecatus
1002 923 1089 963 sum
1127 936 1148 961 a
1182 922 1271 961 Diis
1305 922 1607 968 immortalibus,
1646 922 1817 975 Judices,

477 929 719 1056 Qmore
756 993 1011 1045 institutoque
1048 991 1256 1043 majorum,
1295 988 1364 1028 illo
1399 989 1473 1035 die,
1513 1003 1592 1042 quo
1628 989 1820 1043 auspicato

424 1061 599 1099 comitiis
630 1059 852 1098 centuriatis
884 1059 933 1097 L.
967 1058 1179 1096 Murenam
1208 1055 1406 1094 consulem
1434 1056 1649 1094 renuntiavi
1665 1074 1678 1102 5
1710 1064 1754 1093 ut
1778 1067 1821 1092 ea

430 1141 485 1166 res
506 1125 619 1171 mihi,
642 1125 954 1179 magistratuique
972 1137 1075 1168 meo,
1097 1121 1259 1176 populo,
1290 1122 1472 1174 plebique
1492 1123 1693 1168 Romanae,
1724 1121 1824 1160 bene

429 1208 472 1232 ac
493 1193 655 1231 feliciter
675 1192 840 1230 eveniret
858 1206 867 1230 ε
899 1190 1030 1228 eadem
1051 1202 1184 1242 precor
1203 1188 1250 1226 ab
1271 1187 1405 1226 iisdem
1427 1189 1514 1227 Diis
1535 1188 1821 1227 immortalibus

430 1262 481 1299 ob
501 1259 669 1312 ejusdem
690 1258 861 1297 hominis
882 1257 1123 1296 consulatum
1145 1269 1219 1294 una
1238 1269 1331 1293 cum
1352 1255 1469 1294 salute
1487 1256 1760 1300 obtinendum,
1784 1263 1824 1293 et

431 1335 475 1364 ut
495 1325 620 1363 vestrae
641 1334 788 1362 mentes
808 1333 922 1376 atque
942 1323 1134 1361 sententiae
1152 1335 1244 1360 cum
1264 1322 1400 1375 populi
1421 1322 1591 1360 Romani
1611 1320 1822 1360 voluntati-

431 1393 502 1430 bus
524 1391 784 1445 suffragiisque
804 1390 1055 1435 consentiant,
1085 1401 1203 1441 eaque
1223 1401 1280 1426 res
1300 1388 1408 1427 vobis
1429 1388 1650 1441 populoque
1670 1388 1821 1425 Roma-

433 1472 484 1497 no
522 1471 670 1510 pacem,
721 1456 1055 1508 tranquillitatem,
1102 1455 1245 1499 otium,
1293 1454 1633 1506 concordiamque,
1675 1452 1820 1491 afferat.

433 1525 553 1577 Qod
580 1524 605 1562 fi
633 1524 698 1561 illa
724 1523 903 1561 solemnis
929 1521 1182 1560 comitiorum
1202 1521 1383 1574 precatio,
1414 1520 1674 1560 consularibus
1695 1519 1822 1572 auspi-

431 1593 504 1630 ciis
527 1590 754 1634 consecrata,
786 1598 931 1628 tantam
951 1588 1067 1627 habet
1086 1588 1127 1626 in
1147 1588 1183 1626 se
1203 1588 1283 1626 vim
1303 1597 1340 1626 et
1367 1588 1609 1640 religionem,
1639 1595 1824 1639 quantam

434 1657 654 1710 reipublicae
683 1657 847 1709 dignitas
879 1655 1070 1708 postulat,
1110 1654 1215 1692 idem
1246 1667 1318 1706 ego
1352 1645 1660 1706 sum-precatus,
1696 1661 1739 1691 ut
1771 1653 1824 1690 eis

435 1738 590 1776 quoque
619 1723 860 1766 hominibus,
891 1721 1033 1773 quibus
1063 1719 1128 1758 hic
1159 1720 1390 1764 consulatus,
1422 1734 1484 1757 me
1514 1728 1684 1772 rogante,
1714 1718 1824 1756 datus

431 1791 535 1835 effet,
567 1803 608 1827 ea
626 1803 682 1827 res
702 1788 833 1833 fauste,
864 1787 1043 1831 feliciter,
1073 1785 1338 1838 prospereque,
1368 1786 1550 1823 eveniret.

492 1856 590 1907 Qa}
611 1869 702 1893 curn
724 1855 775 1892 ita
799 1854 883 1898 snit,
915 1853 1086 1904 Judices,
1117 1861 1156 1890 et
1181 1865 1274 1890 cum
1300 1851 1427 1890 omnis
1455 1853 1630 1890 Deorum
1658 1851 1824 1890 immor-

436 1921 574 1960 talium
597 1920 757 1973 potestas
785 1928 849 1957 aut
877 1918 1049 1957 transsata
1075 1918 1119 1956 fit
1146 1918 1192 1955 ad
1223 1931 1303 1962 vos,
1333 1926 1397 1956 aut
1418 1927 1518 1955 certe
1539 1917 1827 1955 communicata

437 1988 636 2026 vobiscum
654 2006 666 2032 ;
697 1987 800 2024 idem
821 1985 953 2024 consul
973 1999 1063 2023 eum
1084 1984 1210 2023 vestrae
1230 1984 1319 2022 fidei
1339 1985 1602 2029 commendat,
1631 1984 1699 2036 qui
1719 1992 1828 2022 antea

439 2055 527 2092 Diis
562 2052 847 2090 immortalibus
875 2050 1177 2096 commendavit,
1209 2059 1251 2088 ut
1277 2050 1444 2102 ejusdem
1473 2049 1644 2088 hominis
1673 2062 1764 2087 voce
1789 2057 1828 2087 et

438 2119 649 2158 declaratus
670 2117 815 2163 consul,
846 2126 883 2155 et
903 2115 1090 2161 defensus,
1122 2115 1355 2154 beneficium
1382 2116 1516 2169 populi
1546 2115 1715 2153 Romani
1735 2128 1827 2153 cum

441 2186 570 2230 vestra,
601 2194 713 2237 atque
737 2184 917 2222 omniurn
944 2184 1104 2228 civium,
1137 2183 1253 2221 salute
1280 2191 1441 2221 tueatur.
1475 2183 1540 2227 Et,
1573 2182 1756 2235 quoniam
1788 2181 1828 2219 in

442 2252 516 2291 hoc
551 2251 680 2289 officio
714 2250 882 2287 studium
917 2263 1010 2287 meae
1044 2247 1269 2287 defensionis
1303 2249 1350 2286 ab
1386 2248 1679 2293 accusatoribus,
1714 2256 1829 2299 atque

440 2318 559 2355 etiam
591 2316 668 2369 ipsa
697 2315 883 2369 susceptio
916 2314 1033 2353 causae
1067 2313 1290 2366 reprehensa
1323 2313 1403 2358 est;
1439 2322 1644 2366 antequam
1676 2326 1745 2365 pro
1778 2312 1826 2350 L.

444 2385 612 2422 Murena
641 2382 766 2420 dicere
797 2381 969 2428 instituo,
999 2394 1068 2435 pro
1099 2394 1162 2420 me
1192 2379 1274 2434 ipso
1303 2394 1423 2434 pauca
1453 2380 1606 2419 dicam:
1642 2392 1719 2418 non
1752 2391 1829 2430 quo
