2212 2835
378 217 432 257 74
872 203 1272 242 ORATIO

377 316 463 341 mea
482 302 677 354 opinione,
708 301 768 338 sed
788 314 834 339 ex
854 300 1064 340 hominum
1085 314 1251 346 rumore,
1272 298 1496 354 proferrem,
1526 299 1636 339 istam
1663 313 1760 348 rem,

375 381 459 419 quae
480 377 558 405 tarn
579 366 814 420 populariter
832 366 920 405 ess'et
939 367 1091 419 agitata,
1112 367 1300 419 praeterire
1320 380 1398 404 non
1418 366 1541 419 potui.
1573 365 1645 404 Sed
1664 375 1762 404 errat

373 432 633 477 vehementer,
664 433 690 470 fi
712 432 796 484 quis
828 433 868 470 in
888 433 1125 471 orationibus
1155 432 1305 478 nostris,
1337 432 1490 485 quasin
1509 431 1669 484 judiciis
1689 430 1761 470 ha—

375 498 554 543 buimus,
586 499 825 536 auetoritates
857 498 996 537 nostras
1028 499 1262 551 consignatas
1293 497 1329 536 se
1359 497 1499 536 habere
1529 497 1759 537 arbitratur:

373 577 507 602 omnes
539 565 643 601 enim
670 563 745 601 illae
775 564 963 602 orationes
996 564 1193 602 causarum
1224 573 1262 602 et
1296 572 1519 616 temporum
1549 563 1650 609 sunt,
1682 577 1761 602 non

374 629 583 668 hominum
604 629 774 682 ipsorum
804 643 847 667 ac
867 639 1131 683 patronorum.
1163 631 1284 675 Nam,
1312 630 1338 668 fi
1358 629 1475 668 causae
1505 629 1594 683 ipsae
1622 643 1693 683 pro
1724 629 1760 668 se

373 696 482 748 loqui
502 696 661 749 possent,
692 709 807 734 nemo
832 695 1028 734 adhiberet
1059 705 1275 735 oratorem:
1307 710 1412 735 nunc
1442 695 1685 741 adhibemur,
1716 704 1761 734 ut

372 775 415 800 ea
435 763 620 807 dicamus,
652 775 729 800 non
761 775 845 814 quae
875 762 998 800 nostra
1027 762 1248 801 auctoritate
1267 763 1559 808 constituantur,
1591 762 1653 800 sed
1673 773 1762 815 quae'

371 841 420 866 ex
446 841 484 866 re
515 828 592 881 ipsa
622 827 806 879 causaque
831 827 1032 866 ducantur.
1064 828 1284 867 Hominem
1303 828 1561 881 ingeniosum,
1583 828 1647 866 M.
1669 829 1758 866 An-

372 896 539 940 tonium,
571 895 677 932 aiunt
697 894 854 932 solitum
878 894 948 932 effe
968 894 1107 940 dicere,
1139 894 1267 933 idcirco
1283 896 1327 947 st
1345 895 1478 933 nullam
1497 908 1653 947 unquam
1671 909 1757 933 ora-

371 961 498 1000 tionem
504 961 690 1014 stripstffi3‚
722 971 776 1006 zet,
794 962 838 1011 st
863 959 951 1012 quid
969 960 1170 1013 aliquando,
1202 959 1296 1013 quod
1319 974 1387 998 non
1417 969 1501 1012 opus
1531 959 1622 1012 effi’t,
1652 959 1699 998 ab
1713 962 1766 1013 st*

369 1028 447 1081 {ffi’t
465 1028 608 1072 dzHum,
633 1025 795 1079 pfftst
812 1040 943 1078 negare
961 1025 1039 1064 dixi
1060 1041 1104 1074 e,-
1136 1025 1291 1078 perinde
1320 1025 1438 1077 quafi,
1470 1025 1565 1078 quid
1595 1039 1615 1063 a
1644 1026 1761 1064 nobis

369 1096 517 1133 dietum
537 1103 602 1132 aut
632 1094 760 1131 aetum
781 1093 839 1138 fit,
870 1093 911 1130 id
940 1092 1009 1130 nifi
1040 1092 1160 1130 literis
1192 1091 1515 1137 mandaverimus,
1546 1089 1757 1130 hominum

369 1162 558 1201 memoria
577 1174 654 1199 non
674 1158 1035 1213 comprehendatur.

425 1229 494 1267 LI.
527 1228 614 1280 Ego
643 1240 732 1264 vero
762 1226 802 1263 in
824 1225 894 1263 isto
922 1238 1058 1278 genere
1078 1224 1261 1263 libentius
1293 1237 1386 1262 cum
1407 1224 1638 1270 multorum,
1668 1234 1761 1264 tum-

368 1294 540 1334 hominis
560 1292 860 1345 eloquentissimi
890 1300 929 1330 et'
947 1290 1219 1344 sapienti-ffimi,
1250 1291 1300 1329 L.
1325 1290 1457 1335 Craffi,
1489 1290 1755 1330 auctoritatem

369 1362 527 1415 sequor:
560 1360 641 1412 qui,
673 1372 766 1396 cum
786 1359 834 1396 L.
860 1358 1062 1396 Plancium
1083 1356 1316 1401 defenderet,
1347 1356 1544 1394 accusante
1565 1357 1628 1395 M.
1653 1357 1753 1395 Bru-

367 1439 421 1473 to,
453 1427 612 1465 homine
632 1426 671 1463 in
693 1425 856 1462 dicendo
877 1423 1098 1462 vehementi
1121 1432 1158 1461 et
1177 1422 1330 1468 callido,
1362 1436 1453 1461 cum
1476 1424 1631 1468 Brutus,
1654 1423 1754 1460 duo-

367 1496 438 1533 bus
461 1492 721 1532 recitatoribus
744 1490 975 1535 constitutis,
1006 1503 1053 1528 ex
1079 1489 1225 1527 duabus
1251 1490 1331 1541 ejus
1363 1489 1599 1527 orationibus
1631 1490 1755 1542 capita

367 1561 520 1603 alterna,
543 1559 641 1596 inter
659 1558 694 1595 se
713 1556 914 1601 contraria,
943 1555 1137 1593 recitanda
1156 1555 1327 1600 curaffet,
1349 1555 1453 1607 quod
1473 1555 1513 1592 in
1534 1554 1754 1593 diffuafione

366 1626 572 1679 rogationis
603 1626 697 1676 ejm,
730 1637 814 1675 quae
845 1631 977 1661 contra
1007 1621 1199 1660 coloniam
1224 1621 1515 1660 Narbonensem
1546 1620 1751 1666 ferebatur,

365 1702 555 1746 quantum
577 1690 712 1744 potest,
735 1691 780 1727 de
801 1689 1022 1727 auetoritate
1042 1688 1187 1726 senatus
1208 1687 1387 1733 detrahit,
1409 1689 1449 1725 in
1470 1687 1634 1725 suasione
1655 1687 1751 1740 legis

367 1758 530 1797 Serviliae
551 1756 712 1794 summis
744 1763 852 1792 ornat
873 1753 1044 1791 senatum
1077 1752 1280 1796 laudibus3
1313 1761 1350 1789 et
1379 1752 1503 1789 multa
1530 1752 1570 1789 in
1601 1753 1749 1803 equites

365 1825 561 1863 Romanos
583 1835 675 1859 cum
695 1834 740 1858 ex
761 1834 801 1857 ea
822 1819 991 1858 oratione
1010 1818 1174 1871 asperius
1195 1817 1294 1855 dieta
1314 1816 1510 1861 recitasset,
1532 1830 1610 1869 quo
1629 1818 1750 1855 animi

364 1891 521 1929 illorum
549 1888 728 1941 judicum
766 1887 805 1924 in
840 1884 1013 1924 Crassum
1047 1883 1365 1929 incenderentur;
1410 1883 1653 1936 aliquantum
1681 1883 1750 1921 effe

363 1965 584 1996 commotus
606 1954 761 1991 dicitur.

420 2025 552 2075 Itaque
583 2022 622 2058 in
654 2018 911 2072 respondendo
942 2017 1114 2070 primum
1145 2015 1318 2069 exposuit
1339 2015 1534 2068 utriusque
1561 2016 1748 2054 rationem

362 2088 560 2142 temporis,
592 2095 634 2124 ut
653 2086 774 2123 oratio
794 2098 841 2122 ex
872 2097 909 2122 re
939 2092 977 2121 et
1003 2082 1109 2120 causa
1128 2081 1259 2119 habita
1284 2082 1499 2120 videretur:
1533 2081 1683 2126 deinde,
1707 2085 1761 2119 ut'

361 2155 575 2207 intelligere
606 2151 723 2204 posset
759 2152 913 2194 Brutti&
945 2162 1063 2201 quem
1092 2147 1309 2192 hominem,
1340 2156 1378 2185 et
1410 2161 1485 2185 non
1517 2148 1641 2186 solum
1674 2160 1749 2200 qua

359 2220 590 2273 eloquentia,
605 2229 737 2255 verum
760 2217 874 2254 ctiam
891 2228 969 2267 quo
989 2215 1116 2267 lepore
1136 2223 1173 2252 et
1187 2213 1328 2266 quibus
1345 2213 1507 2258 facetiis,
1525 2213 1744 2266 praeditum‚

360 2285 576 2329 laccffiss‘et5
602 2293 673 2321 tres
695 2291 732 2320 et
753 2281 828 2334 ipse
850 2281 1028 2319 excitavit
1048 2280 1262 2317 recitatores
1290 2292 1381 2316 cum
1403 2279 1559 2331 singulis
1587 2278 1744 2322 libellis,

359 2365 454 2404 quos
477 2352 539 2390 M.
564 2351 718 2393 Brutus,
751 2357 856 2400 pater
876 2347 980 2384 illius
1001 2345 1240 2390 accusatoris,
1272 2345 1418 2397 dejure
1445 2345 1551 2382 civili
1572 2344 1742 2395 reliquit.

359 2421 506 2456 Eorum
528 2417 636 2455 initia
656 2429 747 2454 cum
770 2415 1029 2459 recitarentur,
1051 2426 1107 2457 ea,
1129 2426 1213 2464 quae
1234 2412 1341 2450 vobis
1362 2421 1450 2450 nota
1471 2411 1541 2449 esse
1556 2410 1740 2448 arbitror:

358 2487 470 2525 Fortfl
500 2485 630 2529 evenit,
662 2492 703 2522 ut
723 2482 809 2521 ruri
825 2482 860 2521 in
882 2481 1108 2520 Privernate
1127 2479 1275 2533 qſjbmus,
1306 2495 1379 2532 ego,
1407 2489 1440 2518 et
1462 2480 1606 2517 Brutus
1617 2476 1741 2528 fiffzts:
