2212 2835
347 170 397 223 56
841 157 1243 200 ORAT10

346 261 620 315 turpiffimum,
642 270 759 310 quarn
778 268 844 308 per
862 255 1012 293 bonum
1029 253 1199 305 aliquem
1221 251 1348 289 virum
1367 258 1553 303 ageretur,
1574 257 1612 288 et
1630 250 1729 288 ami-

347 341 439 366 cum
461 324 784 374 necessariumque
803 320 1083 359 communem?
1116 318 1187 357 Sed
1220 317 1315 370 quid
1349 330 1420 370 ego
1439 315 1520 354 haec
1541 315 1733 368 pluribus,

348 393 450 445 quasi
470 393 516 429 de
537 404 574 428 re
594 389 765 433 obscura,
788 387 952 439 disputo,
971 399 1063 425 cum
1084 384 1162 438 ipsa
1181 383 1356 437 pecunia,
1375 397 1459 435 quae
1480 382 1630 421 Staleno
1650 381 1737 420 data

348 459 414 502 est,
436 470 597 495 numero
629 468 670 493 ac
691 454 840 492 summa
860 452 923 490 sua
951 465 1029 490 non
1050 451 1181 496 modo,
1211 459 1354 502 quanta
1371 448 1501 493 fuerit,
1536 447 1598 486 sed
1617 447 1736 485 etiam

348 524 395 561 ad
411 536 529 575 quam
549 534 630 559 rem
651 520 736 558 data
757 518 889 563 fuerit,
917 517 1119 556 ostendat?
1151 515 1354 554 sexdecim
1383 514 1471 553 dico
1496 513 1658 565 judices,
1692 520 1737 550 ut

347 589 592 643 Oppianicus
611 586 878 630 absolveretur,
899 582 1198 636 corrumpendos
1216 581 1345 626 fuiffe;
1367 581 1414 619 ad
1434 580 1632 618 Stalenum
1652 579 1736 617 sex-

350 665 462 695 centa
480 663 518 692 et
538 653 787 706 quadraginta
806 650 931 689 millia
949 662 1160 688 nummum
1182 647 1253 686 effe
1272 648 1407 686 delata.
1430 647 1483 691 Si,
1504 654 1548 685 ut
1569 655 1610 684 tu
1626 644 1739 688 dicis,

351 722 480 775 gratiae
500 718 748 758 conciliandae
765 716 889 762 causa,
919 716 1170 769 quadraginta
1200 714 1361 753 istorum
1388 712 1546 752 accessio
1566 711 1740 751 millium

353 787 449 841 quid
468 786 567 826 valet
585 786 597 823 ?
629 785 670 829 fi,
703 793 746 822 ut
766 796 834 822 nos
854 783 1038 828 dicimus,
1059 790 1102 820 ut
1124 794 1259 822 mcxi,
1281 780 1405 819 millia
1424 792 1634 818 nummum
1655 777 1739 816 sex-

353 854 481 891 decim
507 850 706 904 judicibus
737 850 942 896 darentur,
973 861 1052 888 non
1071 846 1326 888 Archimedes
1354 846 1495 885 melius
1525 845 1654 899 potuit
1672 844 1740 882 de·-

355 919 528 958 scribere.

409 986 466 1022 At
484 983 589 1021 enim
603 981 752 1034 judicia
771 979 869 1018 facta
888 979 1081 1032 permulta
1096 977 1196 1023 sunt,
1217 991 1238 1015 a
1254 976 1439 1015 Cluentio
1452 976 1650 1029 judicium
1669 974 1743 1013 effe

354 1057 597 1101 corruptum.
628 1047 760 1084 Immo
787 1058 877 1084 vero
904 1053 991 1082 ante
1009 1042 1086 1082 hoc
1115 1052 1270 1095 tempus
1300 1043 1463 1082 omnino
1492 1042 1560 1080 ista
1588 1041 1666 1095 ipsa
1685 1054 1743 1080 res

356 1116 422 1154 suo
442 1114 600 1152 nomine
619 1112 659 1150 in
674 1111 869 1163 judicium
891 1121 1092 1162 nunquam
1111 1109 1163 1147 est
1183 1117 1337 1148 vocata:
1360 1109 1413 1146 ita
1430 1107 1601 1147 multum
1619 1108 1744 1160 agita-

355 1190 408 1225 ta,
440 1180 491 1217 ita
510 1178 578 1216 diu
603 1178 755 1229 jactata,
786 1175 853 1213 ista
883 1188 939 1213 res
959 1174 1026 1219 est,
1058 1183 1102 1212 ut
1131 1173 1319 1212 hodierno
1344 1174 1406 1212 die
1435 1174 1608 1226 primum
1637 1173 1747 1212 causa

356 1246 423 1284 illa
438 1241 594 1282 ‘defensa
614 1242 671 1286 fit,
693 1240 880 1279 hodierno
908 1240 971 1278 die
999 1240 1173 1292 primum
1206 1239 1342 1278 veritas
1361 1252 1499 1278 vocem
1524 1247 1656 1277 contra
1682 1240 1747 1278 in-

357 1310 518 1354 vidiam,
539 1307 600 1346 his
614 1306 813 1360 judicibus
833 1305 944 1351 freta,
966 1305 1124 1344 miserit.
1156 1306 1419 1344 Veruntamen
1448 1304 1572 1343 multa
1591 1304 1658 1342 ista
1677 1305 1748 1357 ju-

359 1376 461 1415 dicia
480 1389 565 1428 quae
585 1374 671 1412 sunt
689 1373 701 1410 ?
733 1373 819 1425 Ego
838 1372 944 1411 enim
974 1385 1038 1410 me
1056 1373 1102 1409 ad
1131 1372 1262 1410 omnia
1281 1371 1521 1416 confirmavi,
1551 1379 1589 1409 et
1608 1370 1657 1409 fic
1677 1384 1747 1424 pa-

361 1443 454 1486 ravi,
490 1449 533 1480 ut
563 1440 755 1484 docerem,
789 1452 875 1491 quae
894 1437 992 1476 fac'ta
1020 1437 1146 1490 postea
1172 1438 1321 1490 judicia
1349 1438 1396 1476 de
1415 1438 1484 1475 illo
1514 1437 1748 1482 dicerentur,

360 1508 502 1562 partim
532 1506 651 1544 ruinae
671 1504 851 1543 similiora
868 1513 934 1542 aut
963 1503 1191 1556 tempestati,
1221 1517 1339 1556 quam
1362 1503 1513 1556 judicio
1542 1512 1580 1541 et
1600 1503 1749 1555 discep-

361 1572 512 1616 tationi,
534 1569 660 1614 fuisse,
692 1569 831 1621 partim
852 1567 951 1606 nihil
972 1576 1105 1606 contra
1124 1569 1289 1607 Avitum
1309 1568 1447 1613 valere,
1471 1568 1611 1621 partim
1632 1567 1750 1606 etiam

363 1651 433 1692 pro
452 1637 526 1675 hoc
547 1635 616 1674 effe
632 1654 643 1680 ;
677 1635 816 1688 partim
836 1633 908 1672 effe
927 1633 1128 1687 ejusmodi,
1160 1644 1202 1673 ut
1223 1648 1345 1687 neque
1365 1635 1550 1688 appellata
1580 1646 1752 1685 unquam

359 1704 505 1756 judicia
525 1702 609 1747 sint,
628 1714 751 1753 neque
771 1699 995 1738 existimata.
1018 1700 1099 1738 Hic
1120 1713 1205 1752 ego,
1228 1700 1349 1751 magis
1371 1709 1414 1738 ut
1433 1699 1751 1738 consuetudinem

365 1770 524 1812 servem,
555 1780 673 1819 quam
695 1766 800 1818 quod
820 1778 886 1803 vos
907 1778 984 1802 non
1003 1765 1119 1802 vestra
1136 1764 1212 1803 hoc
1233 1765 1364 1817 sponte
1383 1763 1544 1809 faciatis,
1576 1773 1702 1817 petam
1731 1777 1754 1802 a

366 1834 490 1878 vobis,
514 1842 556 1870 ut
577 1845 653 1877 me,
683 1832 779 1870 dum
812 1831 858 1868 de
877 1830 937 1868 his
958 1830 1114 1884 singulis
1136 1830 1288 1884 disputo
1309 1830 1485 1882 judiciis,
1519 1839 1662 1869 attente
1681 1843 1751 1868 au-

367 1900 491 1938 diatis.
880 1936 884 1940 .

425 1964 618 2003 XXXIII.
651 1963 941 2001 condemnatus
962 1963 1014 2001 est
1041 1964 1088 2001 C.
1113 1963 1268 2014 Junius,
1287 1962 1354 2015 qui
1373 1962 1407 2000 ei
1427 1961 1626 2014 quaestioni
1654 1976 1753 2014 prae-

369 2031 504 2072 fuerat.
537 2029 648 2067 Adde
668 2030 784 2067 etiam
805 2028 916 2073 illud,
939 2029 964 2066 fi
985 2028 1135 2082 placet;
1168 2038 1254 2066 tum
1272 2028 1325 2066 est
1344 2028 1635 2072 condemnatus,
1661 2041 1754 2066 cum

369 2095 457 2134 effet
487 2094 608 2146 judex
629 2094 858 2146 quaestionis.
892 2094 986 2132 Non
1016 2094 1133 2132 modo
1153 2092 1285 2139 causae,
1316 2093 1377 2131 sed
1407 2106 1456 2131 ne
1474 2092 1550 2145 legi
1580 2092 1755 2144 quidem,

370 2161 583 2213 quidquam
606 2173 670 2211 per
691 2159 892 2196 tribunum
912 2158 1036 2211 plebis
1062 2160 1269 2197 laxamenti
1289 2159 1422 2196 datum
1443 2158 1508 2197 est.
1541 2159 1634 2210 Qo
1654 2167 1756 2196 tem-

369 2239 462 2280 pore
483 2225 596 2262 illum
617 2238 636 2262 a
656 2223 861 2276 quaestione
892 2224 938 2262 ad
969 2224 1124 2262 nullum
1156 2224 1259 2262 aliud
1279 2224 1498 2277 reipublicae
1526 2236 1667 2262 munus
1688 2223 1756 2261 ab·

372 2291 463 2332 duci
484 2291 639 2335 licebat,
670 2304 715 2328 eo
736 2299 910 2342 tempore
940 2290 987 2327 ad
1010 2290 1259 2342 quaestionem
1289 2290 1367 2343 ipse
1398 2290 1574 2343 abreptus
1605 2289 1671 2327 est.
1702 2290 1758 2327 At

372 2370 490 2409 quam
511 2356 758 2408 quaestionem
776 2356 789 2393 ?
812 2355 939 2394 vultus
959 2356 1065 2394 enim
1085 2356 1209 2401 vestri,
1227 2356 1398 2407 Judiccs,
1420 2369 1482 2395 me
1501 2355 1679 2400 invitant,
1700 2361 1758 2399 ut,

373 2436 458 2476 quae
478 2422 669 2461 reticenda
690 2431 879 2476 putaram,
902 2421 1016 2461 libeat
1030 2423 1114 2475 jam
1134 2423 1251 2462 libere
1271 2422 1409 2462 dicere.
