2212 2835
762 143 899 184 PRO
959 144 1007 183 L.
1068 143 1408 183 MURENA.
1723 157 1767 182 27

1751 173 1795 196 w

402 241 499 280 nihil
521 242 634 296 hujus
657 243 764 282 istam
786 243 918 295 ipsam,
945 255 1062 295 quam
1085 241 1230 287 irrides,
1253 250 1472 295 argenteam
1493 240 1643 280 scenam
1665 241 1796 280 adver—

401 309 517 347 satam
539 319 648 363 putas
668 311 680 348 ?

459 376 531 413 Sed
550 375 632 414 haec
653 376 737 414 sane
760 376 832 414 fint
852 376 953 428 paria
973 375 1128 415 omnia:
1153 375 1196 412 sit
1217 388 1283 426 par
1303 373 1459 413 forensis
1480 388 1594 428 opera
1615 374 1795 412 militari:

403 441 448 479 fit
468 455 535 493 par
553 441 711 479 militari
733 441 950 493 suffragatio
981 441 1124 478 urbana
1143 455 1150 478 :
1185 441 1229 478 sit
1250 440 1367 485 idem,
1400 440 1798 493 magnificentiffimos

402 517 441 544 et
466 507 593 544 nullos
621 520 794 559 unquam
821 506 948 544 feciffe
976 506 1087 544 ludos
1108 520 1116 543 :
1149 505 1244 558 quid
1265 506 1277 542 ?
1308 506 1348 543 in
1371 506 1447 558 ipsa
1466 515 1630 559 praetura
1649 506 1799 544 nihilne

402 571 594 611 existimas
615 573 714 610 inter
734 581 840 611 tuam
862 581 899 610 et
920 572 1025 610 istius
1046 571 1186 610 sortem
1207 570 1418 610 interfuisse
1436 573 1450 609 ?

456 638 549 677 XX.
582 639 715 691 Hujus
736 638 812 677 sors
833 652 875 676 ea
893 637 983 683 fuit,
1015 651 1133 690 quam
1154 650 1288 676 omnes
1308 638 1366 676 tui
1388 637 1579 676 neceffarii
1599 637 1671 677 tibi
1691 645 1800 690 opta-

403 704 554 749 bamUS,
579 705 678 757 iuris
700 705 887 743 dicundi:
920 705 959 742 in
987 718 1063 756 qua
1088 704 1253 757 gloriam
1279 704 1463 743 conciliat
1483 704 1712 757 magnitudo
1733 717 1800 742 ne-

401 771 526 824 gotii;
558 772 735 824 gratiam,
767 772 957 824 aequitatis
984 771 1164 824 largitio:
1197 784 1274 823 qua
1293 771 1334 808 in
1359 770 1456 809 sorte
1483 771 1628 824 sapiens
1648 780 1798 824 praetor,

404 838 528 890 qualis
554 838 621 877 hic
647 839 737 884 fuit,
768 839 1019 877 offenfionem
1047 839 1142 877 vitat
1167 838 1383 891 aequalitate
1409 838 1650 884 decernendi,
1683 838 1802 876 bene-

405 905 614 944 volentiam
635 906 811 959 adjungit
830 906 987 944 lenitate
1007 905 1201 944 audiendi.
1235 906 1401 959 Egregia
1419 915 1457 944 et
1483 906 1529 944 ad
1557 905 1804 944 consulatum

406 980 494 1024 apta
512 972 722 1024 provincia,
754 973 795 1010 in
816 986 891 1025 qua
910 973 991 1010 laus
1012 973 1216 1024 aequitatis,
1248 972 1491 1026 integritatis,
1522 972 1733 1017 facilitatis,
1757 972 1805 1010 ad

406 1047 626 1077 extremum
648 1039 829 1077 ludorum
852 1039 1048 1092 voluptate
1068 1037 1327 1077 concluditur.
1361 1038 1468 1090 Qid
1490 1047 1554 1077 tua
1580 1037 1684 1077 sors?
1716 1037 1804 1076 tris-

407 1104 471 1149 tis,
502 1114 632 1143 atrox:
665 1105 822 1157 quaestio
851 1105 1064 1157 peculatus,
1105 1118 1152 1142 ex
1182 1104 1297 1142 altera
1326 1114 1445 1157 parte,
1480 1105 1738 1157 lacrymarum
1767 1112 1807 1141 et

407 1170 604 1222 squaloris,
635 1183 682 1208 ex
709 1170 837 1215 altera,
868 1170 981 1223 plena
1009 1179 1229 1208 catenarum
1256 1179 1372 1222 atque
1402 1171 1594 1210 indicum.
1626 1169 1806 1223 Cogendi

402 1236 554 1289 judices
585 1236 712 1282 inviti,
744 1237 935 1275 retinendi
966 1245 1099 1275 contra
1131 1237 1399 1275 voluntatem:
1436 1237 1557 1275 scriba
1586 1237 1805 1280 damnatus,

407 1302 502 1341 ordo
529 1311 632 1341 totus
662 1302 833 1341 alienus:
869 1302 1020 1355 Syllana
1047 1302 1276 1355 gratificatio
1305 1301 1529 1355 reprehensa
1544 1320 1557 1348 ;
1590 1302 1709 1341 multi
1735 1302 1808 1340 viri

407 1368 539 1416 fortes,
571 1379 609 1408 et
628 1384 747 1424 prope
768 1383 852 1423 pars
873 1370 1038 1408 civitatis
1058 1368 1199 1408 offensa
1224 1369 1277 1407 est
1295 1384 1304 1408 z
1336 1370 1422 1408 lites
1444 1370 1568 1408 severe
1587 1369 1777 1408 aestimatae
1796 1383 1806 1407 :

406 1437 472 1476 cui
507 1437 646 1491 placet,
678 1437 945 1482 obliviscitur;
978 1437 1042 1475 cui
1077 1436 1196 1481 dolet,
1228 1437 1424 1475 meminit.
1462 1436 1660 1476 Postremo
1695 1445 1738 1475 tu
1766 1436 1808 1474 in

409 1504 649 1556 provinciam
685 1504 739 1542 ire
772 1503 941 1541 noluisti.
987 1503 1083 1540 Non
1115 1501 1267 1554 poffum
1298 1503 1339 1540 id
1372 1503 1413 1541 in
1448 1512 1486 1541 te
1521 1502 1808 1556 reprehendere,

411 1569 516 1621 quod
546 1570 587 1607 in
620 1582 682 1607 me
713 1569 793 1622 ipso
823 1578 861 1607 et
892 1578 1031 1621 praetor
1057 1577 1096 1606 et
1127 1568 1259 1606 consul
1290 1569 1477 1622 probavi:
1509 1569 1571 1608 sed
1601 1578 1730 1609 tamen
1756 1569 1808 1608 L.

412 1635 591 1674 Murenae
617 1635 815 1689 provincia
841 1634 982 1673 multas
1011 1635 1128 1672 bonas
1156 1635 1292 1687 gratias
1319 1649 1413 1674 cum
1439 1636 1589 1689 optima
1610 1636 1809 1675 existima-

410 1701 516 1740 tIOne
535 1702 680 1739 attulit.
713 1702 866 1740 Habuit
885 1700 1128 1754 proficiscens
1149 1701 1342 1740 delectum
1364 1702 1403 1740 in
1424 1702 1616 1741 Umbria:
1648 1701 1754 1740 dedit
1773 1700 1811 1740 ei

411 1766 636 1806 facultatem
658 1767 869 1820 respublica
888 1767 1125 1805 liberalitatis
1142 1786 1154 1812 ς
1186 1780 1261 1820 qua
1282 1767 1384 1813 usus,
1415 1768 1557 1807 multas
1579 1767 1647 1807 fibi
1668 1767 1810 1814 tribus,

412 1848 498 1888 quae
524 1834 749 1888 municipiis
777 1834 954 1873 Umbriae
979 1833 1255 1880 conficiuntur,
1286 1834 1476 1887 adjunxit.
1509 1834 1592 1888 Ipse
1618 1843 1748 1873 autem
1768 1834 1812 1873 in

413 1901 556 1947 Gallia,
594 1911 637 1940 ut
668 1901 785 1940 nostri
814 1899 995 1939 homines
1029 1901 1238 1953 desperatas
1268 1901 1351 1953 jani
1385 1902 1566 1954 pecunias
1597 1901 1808 1954 exigerent,

413 1968 593 2020 aequitate
612 1968 889 2021 diligentiaque
909 1966 1083 2020 perfecit.
1102 1968 1168 2005 Tu
1190 1968 1331 2005 interea
1353 1967 1489 2007 Romae
1510 1968 1655 2006 scilicet
1675 1967 1810 2006 amicis

415 2033 547 2086 praesto
566 2031 685 2072 fuisti.
711 2034 850 2072 Fateor
868 2047 876 2071 z
898 2032 961 2071 sed
981 2042 1110 2072 tamen
1130 2033 1229 2071 illud
1249 2033 1389 2086 cogita,
1412 2033 1690 2073 nonnullorum
1709 2032 1811 2071 ami-

415 2112 550 2138 corum
570 2100 693 2139 studia
717 2100 843 2139 minui
863 2099 978 2138 solere
998 2100 1038 2138 in
1060 2113 1138 2146 eos,
1170 2114 1189 2139 a
1209 2100 1351 2153 quibus
1374 2101 1588 2154 provincias
1609 2098 1810 2139 contemni

416 2165 649 2218 intelligant.

473 2231 587 2270 XXI.
619 2232 686 2277 Et,
723 2233 909 2285 quoniam
941 2233 1101 2278 ostendi,
1138 2233 1308 2284 judices,
1343 2247 1474 2286 parem
1503 2232 1734 2285 dignitatem
1764 2229 1813 2268 ad

419 2297 637 2337 consulatus
658 2298 903 2350 petitionem,
934 2300 1120 2352 disparem
1141 2299 1337 2338 fortunam
1365 2299 1662 2353 provincialium
1688 2309 1812 2349 nego-

419 2365 580 2409 tiorum,
597 2363 637 2401 in
659 2364 827 2402 Murena
845 2374 959 2418 atque
979 2367 1019 2404 in
1040 2365 1213 2418 Sulpicio
1233 2365 1342 2404 fuisse
1351 2384 1361 2409 ς
1384 2366 1509 2402 dicam
1525 2364 1607 2416 jam
1628 2363 1810 2416 apertius,

420 2431 461 2470 in
493 2443 572 2482 quo
603 2443 712 2468 meus
744 2430 966 2471 necessarius
995 2431 1113 2471 fuerit
1145 2431 1303 2471 inferior
1334 2430 1500 2474 Servius,
1530 2438 1569 2468 et
1598 2443 1640 2468 ea
1665 2429 1810 2475 dicam,

502 2497 633 2535 ΤοΜ.
657 2495 708 2535 V.
1433 2497 1462 2534 F
1493 2495 1517 2534 f
