2212 2835
480 178 559 230 364
983 172 1387 212 ORATIO

476 273 629 312 haurire
655 285 719 310 me
746 285 869 310 unum
898 285 967 324 pro
993 271 1177 310 omnibus
1205 270 1312 309 illam
1339 268 1641 323 indigniffimarn
1668 270 1866 309 calamita-

475 348 557 378 tem
574 358 585 383 ς
618 340 734 376 etiam
754 338 830 376 hoc
851 338 945 376 utile
966 338 1011 376 fit
1029 366 1040 383 ,
1072 351 1240 390 quorum
1260 337 1300 375 id
1321 336 1457 374 scelere
1473 335 1684 375 conflatum
1705 337 1749 374 fit
1762 365 1774 381 ,
1804 350 1868 374 me

476 405 670 443 occultare
697 414 734 442 et
763 414 896 442 tacere.
929 403 1034 442 Illud
1054 417 1144 442 vero
1168 403 1220 441 est
1246 402 1418 441 hominis
1447 403 1587 455 ingrati
1613 411 1763 441 tacere:
1795 402 1869 440 ita-

477 485 553 524 que
573 470 823 509 libentiffime
843 470 1071 523 praedicabo,
1095 471 1171 509 Cn.
1195 469 1429 523 Pompeium
1449 469 1573 508 studio
1593 478 1630 508 et
1651 469 1874 507 auctoritate

477 551 598 590 aeque,
630 547 674 575 ut
694 550 1015 589 unumquemque
1034 537 1222 582 vestrum,
1253 536 1414 589 opibus,
1445 536 1714 581 contentione,
1746 534 1872 588 preci-

478 604 566 648 bus,
598 603 777 657 periculis
798 603 980 656 denique,
1011 604 1198 656 praecipue
1218 617 1287 656 pro
1307 602 1423 640 salute
1444 616 1529 640 mea
1548 601 1740 640 laboraffe.

534 671 629 709 XII.
662 670 744 708 Hic
765 670 856 714 tuis,
889 671 932 708 Ρ.
956 670 1136 714 Lentule,
1167 683 1258 707 cum
1280 678 1322 707 tu
1343 668 1442 706 nihil
1462 669 1567 706 aliud
1587 669 1665 706 dies
1686 677 1724 706 et
1744 668 1872 706 nones

478 737 549 775 nifi
580 736 628 774 de
658 735 776 773 salute
807 748 892 773 mea
921 736 1121 787 cogitares,
1152 735 1318 772 consiliis
1351 735 1534 773 omnibus
1570 733 1774 773 interfuit:
1806 732 1872 771 hic

479 802 553 841 tibi
583 801 822 854 graviffimus
854 801 983 838 auctor
1013 800 1060 838 ad
1091 799 1380 844 instituendam,
1411 799 1648 838 fideliffimus
1676 800 1798 838 socius
1826 798 1874 837 ad

480 867 791 921 comparandam,
822 865 1049 905 fortiffimus
1083 866 1233 918 adjutor
1266 866 1312 905 ad
1346 879 1427 904 rem
1459 864 1733 918 perficiendam
1765 865 1870 904 fuit:

478 934 547 973 hic
568 923 1044 986 municipia'coloniasque
1064 932 1184 972 adiit:
1216 931 1282 972 hic
1310 932 1428 971 Italiae
1454 931 1572 970 totius
1592 931 1782 970 auxilium
1801 944 1872 970 cu-

479 1001 618 1054 pientis
639 1000 862 1053 imploravit
880 1015 889 1038 :
913 999 978 1038 hic
999 1000 1038 1038 in
1059 999 1187 1037 senatu
1208 1000 1385 1052 princeps
1407 998 1600 1038 sententiae
1618 997 1695 1036 fuit
1713 1012 1721 1036 :
1744 997 1873 1038 idem-

480 1080 559 1119 que
576 1080 668 1105 cum
688 1065 838 1105 dixiffet
854 1095 867 1112 ,
898 1074 985 1105 tum
1011 1066 1129 1104 etiam
1155 1079 1226 1119 pro
1252 1064 1369 1103 salute
1396 1077 1481 1103 mea
1505 1064 1704 1118 populum,
1725 1064 1876 1102 Roma-

481 1147 578 1172 num
599 1132 824 1172 obsecravit.

541 1200 670 1250 Qare
690 1199 800 1237 istam
820 1199 1032 1238 orationem
1050 1228 1061 1245 ,
1093 1212 1169 1252 qua
1189 1212 1226 1237 es
1250 1198 1334 1237 usus
1352 1228 1363 1243 ,
1394 1197 1549 1237 omittas
1570 1197 1662 1236 licet
1679 1226 1690 1242 ,
1722 1196 1805 1250 post
1823 1195 1876 1234 il·

481 1265 561 1302 lam
582 1264 806 1302 sententiam
822 1294 832 1309 ,
865 1278 983 1316 quam
1005 1266 1176 1303 dixeram
1197 1265 1244 1303 de
1265 1278 1414 1303 annona
1431 1293 1441 1309 ,
1473 1263 1706 1316 pontificum
1727 1263 1874 1300 animos

483 1330 554 1368 effe
585 1340 780 1368 mutatos:
813 1331 983 1383 perinde,
1015 1331 1117 1383 quali
1148 1331 1207 1368 isti
1239 1340 1304 1368 aut
1338 1331 1384 1367 de
1420 1332 1495 1367 Cn.
1530 1329 1717 1382 Pompeio
1750 1328 1872 1372 aliter,

484 1405 598 1448 atque
617 1409 687 1448 ego
708 1396 911 1440 existimo,
942 1396 1131 1440 sentiant;
1164 1404 1252 1440 aut,
1284 1395 1379 1446 quid
1401 1394 1500 1432 mihi
1521 1408 1592 1447 pro
1612 1393 1875 1446 expectatione

483 1462 622 1515 populi
640 1463 829 1507 Romani,
861 1475 932 1514 pro
956 1463 1031 1499 Cn.
1056 1461 1235 1514 Pompeii
1256 1462 1403 1499 meritis
1423 1475 1510 1514 erga
1531 1474 1612 1504 me,
1644 1474 1712 1513 pro
1733 1460 1877 1498 ratione

484 1529 563 1568 mei
584 1529 783 1581 temporiS,
814 1527 1036 1566 faciendum
1063 1527 1196 1572 fuerit,
1228 1527 1434 1580 ignorent;
1466 1536 1532 1565 aut
1557 1527 1688 1571 etiarn,
1719 1526 1744 1564 fi
1767 1526 1876 1578 cujus

424 1646 426 1648 ι
484 1595 583 1634 forte
601 1595 796 1648 pontificis
816 1595 1006 1640 animum,
1037 1594 1143 1646 quod
1163 1603 1266 1633 certo
1286 1594 1363 1632 scio
1382 1594 1491 1632 aliter
1509 1593 1592 1638 effe,
1621 1606 1706 1631 mea
1725 1593 1878 1631 senten-

486 1662 539 1700 tia
557 1661 720 1700 offendit
737 1691 748 1706 ,
780 1662 855 1700 alio
884 1661 1003 1700 modo
1023 1662 1067 1699 fit
1091 1660 1366 1699 constituturus
1387 1670 1452 1698 aut
1473 1661 1519 1698 de
1540 1659 1724 1712 religione
1744 1652 1877 1712 ponti-v

486 1728 621 1774 ficum,
651 1738 715 1767 aut
735 1728 781 1766 de
802 1728 1015 1781 republica,
1043 1740 1162 1779 quam
1182 1740 1274 1765 eum
1294 1736 1359 1764 aut
1379 1727 1694 1765 caeremoniarum
1710 1726 1788 1777 jus,
1813 1734 1878 1763 aut

486 1795 650 1832 civitatis
672 1794 781 1839 salus,
813 1794 996 1846 coegerit.

541 1858 724 1911 Intelligo
741 1888 752 1903 ,
784 1858 991 1898 Pontifices
1009 1887 1019 1902 ‚
1052 1871 1114 1896 me
1144 1858 1255 1911 plura
1273 1866 1378 1896 extra
1397 1857 1547 1896 causam
1568 1857 1700 1896 dixifl‘e
1717 1887 1727 1903 ,
1759 1871 1876 1910 quam

486 1935 552 1964 aut
571 1925 704 1978 opinio
725 1925 883 1970 tulerit,
914 1934 979 1963 aut
1006 1925 1180 1963 voluntas
1208 1938 1319 1969 mea;
1353 1924 1428 1969 sed,
1459 1938 1552 1962 cum
1578 1938 1642 1962 me
1669 1934 1877 1977 purgatum

486 1992 594 2031 vobis
625 1990 696 2029 effe
727 2005 924 2044 cuperem,
955 2000 1042 2030 tum
1070 1992 1187 2030 etiam
1218 1991 1335 2030 vestra
1364 1992 1405 2029 in
1432 2005 1496 2029 me
1521 2000 1664 2029 attente
1690 1990 1879 2029 audiendo

487 2058 702 2110 benignitas
722 2058 898 2110 provexit
918 2058 1131 2096 orationem
1151 2071 1293 2096 meam.
1327 2058 1398 2096 Sed
1417 2056 1492 2096 hoc
1512 2057 1769 2110 compensabo
1791 2057 1879 2095 bre·

486 2125 600 2163 vitate
626 2125 705 2176 ejus
736 2124 916 2162 orationis
934 2153 946 2169 ,
977 2138 1062 2176 quae
1093 2125 1259 2177 pertinet
1285 2124 1331 2162 ad
1357 2124 1478 2178 ipsam
1504 2124 1770 2177 cognitionem
1798 2122 1878 2161 ves-

486 2201 585 2229 tram
603 2205 612 2228 t
642 2204 726 2243 quae
746 2204 838 2228 cum
859 2191 903 2228 s1t
923 2191 962 2228 in
978 2191 1043 2242 jus
1064 2191 1274 2243 religionis,
1295 2200 1333 2229 et
1353 2191 1393 2228 in
1409 2191 1473 2242 jus
1495 2190 1734 2244 reipublicae,
1750 2189 1877 2227 distri-

487 2257 593 2302 buta,
617 2256 812 2309 religionis
834 2266 996 2309 partem,
1018 2271 1102 2309 quae
1123 2257 1251 2295 multo
1269 2257 1321 2295 est
1342 2256 1544 2302 verbofior,
1567 2256 1876 2309 praetermittens,

488 2323 533 2361 de
559 2324 646 2375 jure
676 2322 896 2376 reipublicae
927 2323 1069 2362 dicam.
1102 2323 1211 2375 Qid
1241 2322 1293 2361 est
1322 2323 1428 2361 enirn
1463 2332 1528 2361 aut
1558 2331 1637 2361 tam
1671 2334 1876 2374 arrogans,

485 2402 603 2441 quam
625 2389 671 2427 de
691 2389 887 2442 religione,
918 2389 964 2427 de
985 2388 1096 2427 rebus
1118 2389 1272 2434 divinis,
1304 2389 1555 2434 caeremoniis,
1588 2389 1713 2433 sacris,
1744 2387 1878 2441 ponti-

486 2454 606 2493 ficum
627 2454 838 2508 collegium
858 2456 993 2494 docere
1013 2456 1168 2502 conari,
1201 2464 1266 2494 aut
1287 2464 1366 2496 tam
1386 2455 1563 2502 stultum,
1588 2468 1721 2508 quam,
1743 2453 1768 2492 s1
1790 2451 1877 2504 quis
