2212 2835
802 133 943 172 PRO
1002 133 1047 171 P.
1107 131 1352 171 SYLLA.
1712 133 1787 184 289

393 233 556 280 infidias,
575 233 829 287 deponerem;
853 242 896 271 ut
910 233 992 285 jam
1014 232 1230 270 immissum
1251 231 1322 270 effe
1342 231 1389 270 ab
1409 244 1454 270 eo
1475 232 1522 270 C.
1542 230 1786 275 Cornelium,

391 301 461 353 qui
482 315 544 339 me
564 301 604 338 in
625 300 775 338 sedibus
797 299 891 338 meis
906 329 918 345 ,
948 299 989 337 in
1011 299 1214 352 conspectu
1241 299 1371 337 uxoris
1399 311 1493 336 meae
1513 311 1555 336 ac
1576 297 1788 337 liberorum

393 380 585 412 meorum,
618 366 836 410 trucidaret,
864 365 1120 403 obliviscerer.
1155 366 1252 416 Qae
1274 364 1299 402 s1
1321 364 1367 401 de
1388 377 1465 402 uno
1486 378 1549 402 me
1569 364 1764 417 cogitasset
1772 382 1784 409 ,-

392 447 470 486 qua
489 433 656 472 mollitia
675 432 759 470 sum
780 432 901 469 animi
921 444 963 468 ac
991 431 1148 468 lenitate
1162 459 1173 475 ,
1203 443 1404 482 nunquam
1434 429 1657 468 mehercule
1681 430 1786 469 illius

392 500 573 552 lacrymis
594 513 637 537 ac
661 499 840 552 precibus
868 497 1094 536 restitissem.
1128 496 1226 541 Sed,
1257 510 1350 535 curn
1378 495 1480 535 mihi
1508 498 1663 550 patriae‚
1695 511 1789 536 cum

392 567 600 605 vestrorum
621 565 909 618 periculorum,
941 577 1033 602 cum
1061 562 1178 616 hujus
1207 563 1339 608 urbis,
1371 577 1462 602 cum
1489 563 1649 602 illorum
1676 564 1786 602 delu-

391 632 550 670 brorum
571 640 685 683 atque
705 630 958 684 templorum,
989 643 1082 668 cum
1102 642 1312 683 puerorum
1333 628 1559 675 infantium,
1590 643 1681 668 cum
1704 644 1790 669 ma-

392 708 592 736 tronarum
611 710 655 735 ac
674 697 886 750 virginum,
908 696 1085 735 veniebat
1105 697 1146 734 in
1163 704 1337 734 mentem
1348 714 1360 741 ς
1378 705 1415 734 et
1435 710 1527 735 cum
1549 695 1624 735 illae
1643 695 1788 735 infestae

391 777 434 802 ac
467 763 625 803 funestae
654 762 772 809 faces,
803 762 1102 814 universumque
1136 762 1253 800 totius
1290 762 1394 800 urbis
1424 762 1664 809 incendium,
1694 777 1788 802 cum

348 868 351 870 ,
388 831 478 875 tela,
509 844 603 869 cum
622 830 756 874 caedes,
787 842 880 867 curn
900 829 1048 867 civium
1067 841 1193 872 cruor,
1224 841 1315 866 cum
1347 828 1445 866 cinis
1475 829 1620 882 patriae‚
1651 829 1787 867 versari

393 906 480 935 ante
514 896 648 935 oculos
682 905 797 948 atque
829 895 1006 934 animum
1040 894 1230 933 memoria
1265 893 1440 933 refricare
1471 903 1664 948 coeperat:
1703 904 1790 934 tum

395 962 562 1015 denique
587 962 622 1000 ei
652 961 882 1006 resistebam,
913 974 1039 1014 neque
1069 961 1193 999 solum
1225 959 1284 998 illi
1303 958 1403 998 hosti
1422 974 1465 999 ac
1485 961 1696 1014 parricidae,
1728 961 1790 1000 sed

394 1028 456 1067 his
487 1029 603 1067 etiam
633 1028 861 1082 propinquis
892 1027 1012 1072 illius,
1042 1017 1257 1071 Marcellis,
1289 1027 1387 1080 patri
1421 1036 1459 1065 et
1493 1026 1589 1072 filio,
1621 1041 1789 1080 quorum

395 1096 490 1134 alter
508 1095 609 1149 apud
628 1108 692 1134 me
710 1095 875 1148 parentis
896 1094 1137 1146 gravitatem,
1168 1094 1262 1131 alter
1282 1093 1354 1132 filii
1375 1093 1612 1139 suavitatem,
1635 1094 1790 1133 obtine-

395 1162 462 1200 bat
479 1177 488 1200 :
520 1174 645 1213 neque
665 1174 728 1199 me
747 1159 956 1198 arbitrabar
976 1159 1053 1198 fine
1074 1159 1228 1197 summo
1248 1158 1386 1197 scelere
1404 1159 1520 1212 posse,
1542 1160 1647 1212 quod
1668 1161 1789 1199 male-

395 1227 533 1266 ficium
553 1227 595 1266 in
615 1226 698 1265 aliis
718 1225 981 1272 vindicassem,
1011 1225 1116 1264 idem
1136 1225 1177 1263 in
1198 1223 1358 1263 illorum
1377 1224 1493 1270 socio,
1525 1238 1618 1263 cum
1638 1225 1788 1271 scirem,

396 1293 611 1333 defendere.
1777 1325 1779 1327 .

453 1362 586 1414 Atque
616 1360 721 1399 idem
755 1374 826 1414 ego
861 1373 986 1414 neque
1020 1361 1065 1399 P.
1098 1359 1242 1412 Syllam
1276 1358 1491 1413 supplicem
1522 1358 1633 1404 ferre,
1665 1372 1790 1412 neque

391 1426 548 1465 eosdem
593 1427 803 1466 Marcellos
842 1441 911 1480 pro
948 1425 1066 1479 hujus
1104 1425 1285 1479 periculis
1323 1425 1576 1478 lacrymantes
1615 1425 1791 1479 aspicere,

397 1507 522 1546 neque
551 1492 668 1546 hujus
700 1494 764 1531 M.
785 1492 984 1537 Meffallae,
1016 1491 1188 1529 hominis
1215 1490 1419 1536 necessarii,
1451 1505 1579 1544 preces
1600 1492 1791 1536 sustinere,

398 1560 523 1611 potui.
555 1559 697 1611 Neque
716 1559 821 1597 enim
842 1558 894 1596 est
921 1557 1029 1596 causa
1054 1556 1240 1595 adversata
1266 1566 1434 1601 naturae;
1466 1570 1537 1595 nec
1557 1556 1692 1603 homo,
1725 1572 1795 1597 nec

399 1639 479 1670 res,
510 1625 778 1663 misericordiae
798 1638 892 1663 meae
913 1624 1136 1678 repugnavit
1156 1638 1164 1661 :
1198 1622 1385 1675 nusquam
1408 1636 1572 1668 nomen,
1605 1625 1792 1676 nusquam

399 1689 603 1744 vestigium
624 1689 770 1734 fuerat;
802 1689 959 1728 nullum
979 1689 1142 1734 crimen,
1174 1688 1328 1727 nullum
1349 1688 1554 1734 indicium,
1585 1689 1692 1728 nulla
1714 1689 1791 1728 sus-

396 1756 519 1810 picio.
552 1756 705 1810 Suscepi
726 1756 901 1800 causam,
933 1757 1155 1809 Torquate,
1187 1754 1353 1808 suscepi,
1383 1763 1421 1792 et
1447 1753 1522 1793 feci
1541 1755 1719 1801 libenter,
1751 1765 1793 1795 ut

399 1836 489 1868 me,
519 1835 640 1876 quem
675 1823 769 1861 boni
802 1822 1041 1861 constantem
1070 1822 1241 1875 semper,
1273 1830 1316 1859 ut
1347 1820 1476 1875 spero,
1508 1821 1792 1869 existimassent,

396 1889 567 1928 eundem
587 1903 635 1928 ne
654 1889 827 1943 improbi
847 1889 1006 1942 quidem
1027 1888 1225 1928 crudelem
1248 1887 1433 1927 dicerent.

482 1955 576 1994 VII.
609 1954 691 1995 Hic
711 1956 763 1994 ait
783 1955 818 1995 se
839 1955 916 2001 ille,
936 1955 1107 2008 Judices,
1125 1967 1288 2008 regnum
1309 1968 1442 1993 meum
1459 1953 1557 1994 ferre
1577 1968 1655 1994 non
1675 1954 1791 2009 poffe.

403 2020 522 2073 Qod
544 2021 713 2067 tandem,
736 2023 950 2074 Torquate,
982 2022 1172 2075 regnum?
1204 2020 1437 2065 consulatus,
1469 2020 1596 2067 credo,
1618 2021 1720 2060 mei:
1753 2021 1794 2060 in

398 2099 481 2139 quo
501 2099 572 2139 ego
591 2087 777 2141 imperavi
797 2086 911 2133 nihil,
942 2087 1002 2126 sed
1023 2096 1154 2126 contra
1173 2086 1345 2141 patribus
1366 2085 1589 2140 conscriptis
1617 2096 1655 2125 et
1682 2086 1792 2125 bonis

402 2152 585 2192 omnibus
620 2154 755 2206 parui:
787 2168 865 2207 quo
900 2154 941 2192 in
971 2153 1190 2207 magistratu
1219 2166 1298 2192 non
1329 2152 1550 2192 institutum
1583 2153 1634 2191 est
1664 2165 1683 2190 a
1713 2165 1789 2196 me,

404 2219 575 2271 judices,
595 2232 772 2272 regnum,
792 2221 854 2259 sed
875 2234 952 2259 non
973 2219 1212 2274 permissum.
1231 2220 1295 2258 An
1318 2228 1402 2257 turn
1423 2218 1462 2257 in
1485 2227 1590 2257 tanto
1611 2218 1789 2270 imperio,

404 2294 507 2323 tanta
529 2284 723 2338 potestate,
755 2300 831 2325 non
852 2287 947 2325 dicis
969 2285 1076 2326 fuiffe
1097 2299 1254 2339 regem;
1288 2298 1390 2324 nunc
1419 2285 1609 2336 privatum
1637 2296 1792 2335 regnare

399 2351 530 2390 dicis?
563 2365 641 2404 quo
661 2353 816 2392 tandem
838 2354 1025 2392 nomine?
1057 2353 1189 2405 Qod,
1221 2352 1260 2391 in
1282 2365 1376 2405 quos
1405 2349 1621 2389 testimonia
1648 2349 1791 2394 dixisti,

401 2418 547 2472 inquit,
578 2417 748 2457 damnati
769 2419 882 2465 sunt,
915 2432 1034 2473 quem
1061 2418 1248 2465 defendis,
1279 2418 1398 2471 sperat
1424 2415 1458 2453 se
1485 2415 1702 2454 absolutum
1729 2415 1790 2454 iri.

487 2485 554 2523 To
568 2497 618 2524 M.
641 2484 692 2525 V.
1403 2482 1438 2520 O
1469 2495 1492 2520 o
