2212 2835
860 219 1093 276 [173]

932 419 1023 455 IN

288 606 386 689 L.
529 609 1658 688 CATILINAM

729 851 811 877 AD
873 850 1215 888 QUIRITES

680 1042 1083 1081 ORATIO
1169 1043 1267 1082 XX.

277 1249 310 1288 Ι.
461 1248 553 1288 AN
568 1249 606 1287 D
620 1248 654 1286 E
672 1248 722 1287 M
751 1247 971 1300 aliquando,
1003 1247 1190 1299 Qirites,
1213 1248 1261 1286 L.
1286 1249 1510 1294 Catilinam,
1532 1248 1666 1286 furen-

475 1325 555 1353 tem
575 1315 744 1360 audacia,
774 1314 893 1353 scelus
914 1313 1173 1359 anhelantem,
1206 1315 1349 1367 pestem
1371 1315 1499 1368 patriae
1528 1314 1669 1353 nefarie

274 1380 516 1427 molientem,
539 1381 647 1420 vobis
667 1390 783 1434 atque
801 1379 895 1418 huic
916 1380 1003 1419 urbi
1022 1378 1168 1418 ferrum
1185 1380 1464 1434 flammamque
1480 1381 1668 1420 minitan-

274 1455 369 1491 tem,
391 1461 438 1486 ex
459 1448 553 1486 urbe
572 1448 633 1486 vel
655 1447 855 1500 ejecimus,
877 1446 937 1485 vel
957 1446 1168 1491 emisimus,
1192 1447 1250 1485 vel
1267 1447 1394 1500 ipsum
1409 1448 1669 1501 egredientem

273 1513 399 1551 verbis
419 1514 609 1565 prosecuti
629 1514 774 1552 sumus.
798 1513 923 1557 Abiit,
945 1512 1112 1556 exceffit,
1134 1513 1261 1557 evasit,
1284 1514 1424 1566 erupit.
1448 1514 1571 1552 Nulla
1585 1515 1668 1566 jam

275 1579 461 1630 pernicies
497 1593 518 1617 a
551 1579 722 1617 monstro
755 1578 825 1616 illo
858 1587 972 1630 atque
1005 1578 1183 1631 prodigio
1218 1581 1414 1618 moenibus
1449 1581 1535 1632 ipsis
1570 1581 1668 1618 intra

274 1644 420 1681 moenia
449 1644 748 1697 comparabitur.
784 1645 916 1696 Atque
946 1642 1053 1682 hunc
1084 1644 1244 1696 quidem
1276 1659 1400 1683 unum
1430 1644 1545 1698 hujus
1578 1645 1670 1683 belli

274 1709 473 1748 domestici
493 1711 632 1749 ducem
653 1711 730 1749 fine
749 1710 1000 1749 controversia
1019 1711 1184 1749 vicimus
1204 1726 1213 1749 ε
1246 1725 1324 1749 non
1344 1712 1448 1750 enim
1464 1713 1547 1764 jam
1569 1712 1667 1749 inter

273 1775 387 1814 latera
406 1776 530 1815 nostra
549 1776 621 1815 fica
640 1776 706 1814 illa
725 1776 953 1821 versabitur3
976 1790 1054 1814 non
1070 1776 1110 1814 in
1131 1790 1285 1830 campo,
1308 1792 1386 1816 non
1406 1779 1446 1816 in
1466 1777 1565 1823 foro,
1588 1791 1665 1816 non

271 1842 312 1880 in
331 1843 449 1889 curia,
480 1857 558 1882 non
578 1843 744 1896 denique
763 1843 864 1881 intra
883 1842 1112 1882 domesticos
1132 1844 1309 1897 parietes,
1334 1845 1663 1897 pertimescemus.

271 1909 380 1948 Loco
399 1910 465 1948 ille
485 1920 615 1949 motus
635 1910 700 1956 est,
722 1925 815 1949 cum
835 1910 887 1949 est
907 1924 953 1948 ex
976 1910 1070 1948 urbe
1090 1910 1268 1963 depulsus
1288 1926 1296 1948 :
1327 1912 1453 1964 palam
1469 1913 1551 1964 jam
1572 1925 1666 1950 cum

270 1973 390 2021 hoste,
422 1977 530 2015 nullo
560 1977 809 2030 impediente,
841 1977 991 2015 bellum
1017 1977 1166 2029 justum
1196 1992 1388 2030 geremus.
1427 1980 1514 2017 Sine
1545 1979 1666 2017 dubio

272 2042 508 2094 perdidimus
543 2042 772 2089 hominem,
803 2043 1086 2096 magnificeque
1120 2044 1310 2090 vicimus,
1343 2059 1433 2083 cum
1469 2046 1583 2083 illum
1618 2058 1665 2083 ex

270 2108 436 2147 occultis
456 2109 600 2148 infidiis
621 2111 660 2148 in
681 2119 857 2163 apertum
878 2109 1126 2148 latrocinium
1147 2111 1398 2162 conjecimus.
1434 2112 1551 2162 Qod
1577 2125 1665 2148 vero

271 2186 347 2210 non
368 2183 572 2212 cruentum
599 2189 842 2220 mucronem,
875 2184 918 2212 ut
943 2175 1081 2219 voluit,
1112 2176 1267 2219 extulit,
1299 2176 1404 2227 quod
1433 2177 1527 2213 vivis
1553 2176 1662 2213 nobis

271 2239 432 2291 egreffus
452 2240 517 2285 est,
548 2242 654 2293 quod
673 2243 707 2279 ei
727 2241 872 2279 ferrum
893 2241 940 2279 de
961 2242 1142 2279 manibus
1164 2242 1404 2286 extorfimus‚
1427 2242 1531 2293 quod
1552 2243 1659 2278 inco-

271 2307 394 2344 lumes
415 2306 529 2350 cives,
560 2307 664 2358 quod
684 2308 842 2345 stantem
865 2307 1015 2352 urbem,
1048 2307 1234 2360 reliquit,
1267 2318 1410 2359 quanto
1436 2308 1587 2344 tandem
1610 2306 1659 2342 il-

273 2372 354 2409 lum
387 2385 549 2410 moerore
579 2371 767 2410 afflistum
799 2373 869 2411 effe
899 2383 936 2411 et
966 2373 1219 2426 profligatum
1252 2373 1426 2425 putatis?
1458 2374 1565 2422 jacet
1597 2371 1661 2408 ille

272 2451 373 2476 nunc
394 2437 612 2490 prostratuS,
645 2438 832 2488 Qirites,
864 2447 902 2476 et
929 2439 963 2476 se
991 2438 1211 2490 perculsum
1239 2449 1353 2489 atquc
1378 2438 1569 2488 abjectum
1591 2435 1662 2473 effe

271 2503 395 2549 sentit,
428 2513 464 2541 et
485 2511 679 2555 retorquet
707 2503 840 2541 oculos
869 2503 1040 2555 profecto
1067 2504 1161 2556 saepe
1182 2503 1226 2541 ad
1249 2503 1345 2540 hanc
1369 2504 1517 2546 urbem,
1541 2515 1659 2554 quam
