<?xml version="1.0" encoding="UTF-8"?>
<!DOCTYPE html PUBLIC "-//W3C//DTD XHTML 1.0 Transitional//EN"
    "http://www.w3.org/TR/xhtml1/DTD/xhtml1-transitional.dtd">
<html xmlns="http://www.w3.org/1999/xhtml" xml:lang="en" lang="en">
 <head>
  <title>
</title>
<meta http-equiv="Content-Type" content="text/html;charset=utf-8" />
  <meta name='ocr-system' content='tesseract 3.04.00' />
  <meta name='ocr-capabilities' content='ocr_page ocr_carea ocr_par ocr_line ocrx_word'/>
</head>
<body>
  <div class='ocr_page' id='page_1' title='image "./operacumindicibu05ciceuoft_0049.png"; bbox 0 0 2212 2835; ppageno 0'>
   <div class='ocr_carea' id='block_1_1' title="bbox 665 171 1728 223">
    <p class='ocr_par' dir='ltr' id='par_1_1' title="bbox 665 171 1728 223">
     <span class='ocr_line' id='line_1_1' title="bbox 665 171 1728 223; baseline 0.005 -15"><span class='ocrx_word' id='word_1_1' title='bbox 665 171 802 209; x_wconf 84' lang='lat' dir='ltr'>PRO</span> <span class='ocrx_word' id='word_1_2' title='bbox 861 172 912 209; x_wconf 78' lang='lat' dir='ltr'>A,</span> <span class='ocrx_word' id='word_1_3' title='bbox 974 171 1383 211; x_wconf 79' lang='lat' dir='ltr'>cLUENTIO.</span> <span class='ocrx_word' id='word_1_4' title='bbox 1681 188 1728 223; x_wconf 80' lang='lat'>41</span> 
     </span>
    </p>
   </div>
   <div class='ocr_carea' id='block_1_2' title="bbox 281 266 1736 2457">
    <p class='ocr_par' dir='ltr' id='par_1_2' title="bbox 329 266 1736 989">
     <span class='ocr_line' id='line_1_2' title="bbox 333 266 1733 322; baseline 0.002 -18"><span class='ocrx_word' id='word_1_5' title='bbox 333 279 413 304; x_wconf 89' lang='lat' dir='ltr'>non</span> <span class='ocrx_word' id='word_1_6' title='bbox 434 266 653 311; x_wconf 77' lang='lat' dir='ltr'>incallidus,</span> <span class='ocrx_word' id='word_1_7' title='bbox 685 266 761 312; x_wconf 87' lang='lat' dir='ltr'>sed,</span> <span class='ocrx_word' id='word_1_8' title='bbox 794 276 837 305; x_wconf 91' lang='lat' dir='ltr'>ut</span> <span class='ocrx_word' id='word_1_9' title='bbox 868 267 946 321; x_wconf 81' lang='lat' dir='ltr'>ipsa</span> <span class='ocrx_word' id='word_1_10' title='bbox 967 281 1023 306; x_wconf 88' lang='lat' dir='ltr'>res</span> <span class='ocrx_word' id='word_1_11' title='bbox 1051 268 1268 314; x_wconf 75' lang='lat' dir='ltr'>declaravit,</span> <span class='ocrx_word' id='word_1_12' title='bbox 1302 267 1406 321; x_wconf 84' lang='lat' dir='ltr'>frugi</span> <span class='ocrx_word' id='word_1_13' title='bbox 1437 278 1551 322; x_wconf 86' lang='lat' dir='ltr'>atque</span> <span class='ocrx_word' id='word_1_14' title='bbox 1572 270 1733 322; x_wconf 79' lang='lat' dir='ltr'>integer,</span> 
     </span>
     <span class='ocr_line' id='line_1_3' title="bbox 333 332 1734 386; baseline 0.003 -16"><span class='ocrx_word' id='word_1_15' title='bbox 333 332 550 372; x_wconf 89' lang='lat' dir='ltr'>sermonem</span> <span class='ocrx_word' id='word_1_16' title='bbox 572 333 741 371; x_wconf 78' lang='lat' dir='ltr'>Fabricii</span> <span class='ocrx_word' id='word_1_17' title='bbox 762 348 839 372; x_wconf 90' lang='lat' dir='ltr'>non</span> <span class='ocrx_word' id='word_1_18' title='bbox 860 334 913 372; x_wconf 91' lang='lat' dir='ltr'>est</span> <span class='ocrx_word' id='word_1_19' title='bbox 933 334 1151 386; x_wconf 86' lang='lat' dir='ltr'>aspernatus</span> <span class='ocrx_word' id='word_1_20' title='bbox 1169 350 1177 373; x_wconf 73' lang='grc' dir='ltr'><strong>ε</strong></span> <span class='ocrx_word' id='word_1_21' title='bbox 1211 349 1294 373; x_wconf 88' lang='lat' dir='ltr'>rem</span> <span class='ocrx_word' id='word_1_22' title='bbox 1325 336 1370 374; x_wconf 91' lang='lat' dir='ltr'>ad</span> <span class='ocrx_word' id='word_1_23' title='bbox 1391 336 1599 375; x_wconf 87' lang='lat' dir='ltr'>dominum</span> <span class='ocrx_word' id='word_1_24' title='bbox 1621 337 1734 374; x_wconf 88' lang='lat' dir='ltr'>detu-</span> 
     </span>
     <span class='ocr_line' id='line_1_4' title="bbox 333 398 1734 451; baseline 0.004 -15"><span class='ocrx_word' id='word_1_25' title='bbox 333 398 404 437; x_wconf 89' lang='lat' dir='ltr'>lit:</span> <span class='ocrx_word' id='word_1_26' title='bbox 437 398 701 451; x_wconf 76' lang='lat' dir='ltr'>Cleophantus</span> <span class='ocrx_word' id='word_1_27' title='bbox 723 409 853 437; x_wconf 87' lang='lat' dir='ltr'>autem</span> <span class='ocrx_word' id='word_1_28' title='bbox 885 413 977 438; x_wconf 88' lang='lat' dir='ltr'>cum</span> <span class='ocrx_word' id='word_1_29' title='bbox 998 401 1120 438; x_wconf 90' lang='lat' dir='ltr'>Avito</span> <span class='ocrx_word' id='word_1_30' title='bbox 1150 401 1203 438; x_wconf 88' lang='lat' dir='ltr'>est</span> <span class='ocrx_word' id='word_1_31' title='bbox 1234 401 1402 440; x_wconf 89' lang='lat' dir='ltr'>locutus.</span> <span class='ocrx_word' id='word_1_32' title='bbox 1437 403 1576 441; x_wconf 83' lang='lat' dir='ltr'>Avitus</span> <span class='ocrx_word' id='word_1_33' title='bbox 1605 412 1734 441; x_wconf 89' lang='lat' dir='ltr'>autem</span> 
     </span>
     <span class='ocr_line' id='line_1_5' title="bbox 332 466 1735 515; baseline 0.004 -12"><span class='ocrx_word' id='word_1_34' title='bbox 332 466 460 504; x_wconf 86' lang='lat' dir='ltr'>statim</span> <span class='ocrx_word' id='word_1_35' title='bbox 479 480 571 504; x_wconf 91' lang='lat' dir='ltr'>cum</span> <span class='ocrx_word' id='word_1_36' title='bbox 594 466 656 504; x_wconf 89' lang='grc' dir='ltr'>Μ.</span> <span class='ocrx_word' id='word_1_37' title='bbox 678 466 818 504; x_wconf 80' lang='lat' dir='ltr'>Bebrio</span> <span class='ocrx_word' id='word_1_38' title='bbox 838 466 1021 513; x_wconf 74' lang='lat' dir='ltr'>senatore,</span> <span class='ocrx_word' id='word_1_39' title='bbox 1044 467 1338 507; x_wconf 86' lang='lat' dir='ltr'>familiariffimo</span> <span class='ocrx_word' id='word_1_40' title='bbox 1359 469 1439 515; x_wconf 90' lang='lat' dir='ltr'>suo,</span> <span class='ocrx_word' id='word_1_41' title='bbox 1461 473 1735 510; x_wconf 84' lang='lat' dir='ltr'>communica-</span> 
     </span>
     <span class='ocr_line' id='line_1_6' title="bbox 333 531 1735 586; baseline 0.004 -18"><span class='ocrx_word' id='word_1_42' title='bbox 333 531 412 569; x_wconf 84' lang='lat' dir='ltr'>vit:</span> <span class='ocrx_word' id='word_1_43' title='bbox 435 532 505 584; x_wconf 86' lang='lat' dir='ltr'>qui</span> <span class='ocrx_word' id='word_1_44' title='bbox 525 545 601 584; x_wconf 88' lang='lat' dir='ltr'>qua</span> <span class='ocrx_word' id='word_1_45' title='bbox 620 531 709 577; x_wconf 84' lang='lat' dir='ltr'>fide,</span> <span class='ocrx_word' id='word_1_46' title='bbox 728 546 803 584; x_wconf 90' lang='lat' dir='ltr'>qua</span> <span class='ocrx_word' id='word_1_47' title='bbox 822 532 1041 586; x_wconf 88' lang='lat' dir='ltr'>prudentia,</span> <span class='ocrx_word' id='word_1_48' title='bbox 1062 547 1139 586; x_wconf 88' lang='lat' dir='ltr'>qua</span> <span class='ocrx_word' id='word_1_49' title='bbox 1159 533 1347 586; x_wconf 85' lang='lat' dir='ltr'>dignitate</span> <span class='ocrx_word' id='word_1_50' title='bbox 1366 533 1499 580; x_wconf 88' lang='lat' dir='ltr'>fuerit,</span> <span class='ocrx_word' id='word_1_51' title='bbox 1518 536 1735 574; x_wconf 76' lang='lat' dir='ltr'>meminifl&#39;e</span> 
     </span>
     <span class='ocr_line' id='line_1_7' title="bbox 331 598 1732 653; baseline 0.004 -18"><span class='ocrx_word' id='word_1_52' title='bbox 331 611 398 636; x_wconf 84' lang='lat' dir='ltr'>vos</span> <span class='ocrx_word' id='word_1_53' title='bbox 429 598 606 637; x_wconf 79' lang='lat' dir='ltr'>arbitror.</span> <span class='ocrx_word' id='word_1_54' title='bbox 639 599 689 637; x_wconf 90' lang='lat' dir='ltr'>Ei</span> <span class='ocrx_word' id='word_1_55' title='bbox 717 599 877 652; x_wconf 76' lang='lat' dir='ltr'>placuit,</span> <span class='ocrx_word' id='word_1_56' title='bbox 912 610 955 638; x_wconf 89' lang='lat' dir='ltr'>ut</span> <span class='ocrx_word' id='word_1_57' title='bbox 986 600 1209 653; x_wconf 82' lang='lat' dir='ltr'>Diogenem</span> <span class='ocrx_word' id='word_1_58' title='bbox 1230 601 1370 639; x_wconf 88' lang='lat' dir='ltr'>Avitus</span> <span class='ocrx_word' id='word_1_59' title='bbox 1402 610 1547 640; x_wconf 88' lang='lat' dir='ltr'>emeret</span> <span class='ocrx_word' id='word_1_60' title='bbox 1573 615 1593 640; x_wconf 91' lang='lat' dir='ltr'>a</span> <span class='ocrx_word' id='word_1_61' title='bbox 1614 603 1732 641; x_wconf 91' lang='lat' dir='ltr'>Cleo-</span> 
     </span>
     <span class='ocr_line' id='line_1_8' title="bbox 331 662 1736 721; baseline 0.003 -19"><span class='ocrx_word' id='word_1_62' title='bbox 331 662 494 716; x_wconf 86' lang='lat' dir='ltr'>phanto,</span> <span class='ocrx_word' id='word_1_63' title='bbox 527 679 605 717; x_wconf 86' lang='lat' dir='ltr'>quo</span> <span class='ocrx_word' id='word_1_64' title='bbox 624 664 777 704; x_wconf 84' lang='lat' dir='ltr'>facilius</span> <span class='ocrx_word' id='word_1_65' title='bbox 798 675 864 704; x_wconf 89' lang='lat' dir='ltr'>aut</span> <span class='ocrx_word' id='word_1_66' title='bbox 884 665 1277 719; x_wconf 84' lang='lat' dir='ltr'>comprehenderetur</span> <span class='ocrx_word' id='word_1_67' title='bbox 1297 681 1353 706; x_wconf 88' lang='lat' dir='ltr'>res</span> <span class='ocrx_word' id='word_1_68' title='bbox 1373 668 1454 721; x_wconf 86' lang='lat' dir='ltr'>ejus</span> <span class='ocrx_word' id='word_1_69' title='bbox 1474 668 1636 714; x_wconf 90' lang='lat' dir='ltr'>indicio,</span> <span class='ocrx_word' id='word_1_70' title='bbox 1671 679 1736 707; x_wconf 87' lang='lat' dir='ltr'>aut</span> 
     </span>
     <span class='ocr_line' id='line_1_9' title="bbox 330 729 1734 788; baseline 0.004 -20"><span class='ocrx_word' id='word_1_71' title='bbox 330 729 422 769; x_wconf 86' lang='lat' dir='ltr'>falsa</span> <span class='ocrx_word' id='word_1_72' title='bbox 441 731 512 770; x_wconf 80' lang='lat' dir='ltr'>effe</span> <span class='ocrx_word' id='word_1_73' title='bbox 532 732 838 785; x_wconf 85' lang='lat' dir='ltr'>cognosceretur.</span> <span class='ocrx_word' id='word_1_74' title='bbox 870 733 935 772; x_wconf 86' lang='lat' dir='ltr'>Ne</span> <span class='ocrx_word' id='word_1_75' title='bbox 955 733 1107 780; x_wconf 88' lang='lat' dir='ltr'>multis,</span> <span class='ocrx_word' id='word_1_76' title='bbox 1128 734 1326 788; x_wconf 83' lang='lat' dir='ltr'>Diogenes</span> <span class='ocrx_word' id='word_1_77' title='bbox 1347 735 1517 780; x_wconf 85' lang='lat' dir='ltr'>emitur;</span> <span class='ocrx_word' id='word_1_78' title='bbox 1541 749 1734 774; x_wconf 88' lang='lat' dir='ltr'>venenum</span> 
     </span>
     <span class='ocr_line' id='line_1_10' title="bbox 331 797 1733 852; baseline 0.004 -16"><span class='ocrx_word' id='word_1_79' title='bbox 331 797 468 837; x_wconf 85' lang='lat' dir='ltr'>diebus</span> <span class='ocrx_word' id='word_1_80' title='bbox 487 800 636 852; x_wconf 88' lang='lat' dir='ltr'>paucis,</span> <span class='ocrx_word' id='word_1_81' title='bbox 667 799 786 838; x_wconf 87' lang='lat' dir='ltr'>multi</span> <span class='ocrx_word' id='word_1_82' title='bbox 816 800 889 838; x_wconf 89' lang='lat' dir='ltr'>viri</span> <span class='ocrx_word' id='word_1_83' title='bbox 920 800 1014 840; x_wconf 86' lang='lat' dir='ltr'>boni</span> <span class='ocrx_word' id='word_1_84' title='bbox 1039 814 1134 840; x_wconf 89' lang='lat' dir='ltr'>cum</span> <span class='ocrx_word' id='word_1_85' title='bbox 1164 815 1212 840; x_wconf 87' lang='lat' dir='ltr'>ex</span> <span class='ocrx_word' id='word_1_86' title='bbox 1242 802 1399 841; x_wconf 81' lang='lat' dir='ltr'>occulto</span> <span class='ocrx_word' id='word_1_87' title='bbox 1430 801 1733 848; x_wconf 80' lang='lat' dir='ltr'>intervenissent,</span> 
     </span>
     <span class='ocr_line' id='line_1_11' title="bbox 329 865 1734 920; baseline 0.004 -17"><span class='ocrx_word' id='word_1_88' title='bbox 329 865 571 919; x_wconf 89' lang='lat' dir='ltr'>pecuniaque</span> <span class='ocrx_word' id='word_1_89' title='bbox 590 866 798 920; x_wconf 87' lang='lat' dir='ltr'>obfignata,</span> <span class='ocrx_word' id='word_1_90' title='bbox 816 881 902 920; x_wconf 87' lang='lat' dir='ltr'>quae</span> <span class='ocrx_word' id='word_1_91' title='bbox 917 867 964 906; x_wconf 87' lang='lat' dir='ltr'>ad</span> <span class='ocrx_word' id='word_1_92' title='bbox 983 881 1069 907; x_wconf 89' lang='lat' dir='ltr'>eam</span> <span class='ocrx_word' id='word_1_93' title='bbox 1089 881 1172 907; x_wconf 89' lang='lat' dir='ltr'>rem</span> <span class='ocrx_word' id='word_1_94' title='bbox 1189 868 1363 915; x_wconf 87' lang='lat' dir='ltr'>dabatur,</span> <span class='ocrx_word' id='word_1_95' title='bbox 1380 869 1421 908; x_wconf 91' lang='lat' dir='ltr'>in</span> <span class='ocrx_word' id='word_1_96' title='bbox 1442 869 1623 908; x_wconf 84' lang='lat' dir='ltr'>manibus</span> <span class='ocrx_word' id='word_1_97' title='bbox 1645 870 1734 908; x_wconf 88' lang='lat' dir='ltr'>Sca-</span> 
     </span>
     <span class='ocr_line' id='line_1_12' title="bbox 330 932 1291 989; baseline 0.004 -19"><span class='ocrx_word' id='word_1_98' title='bbox 330 932 496 979; x_wconf 90' lang='lat' dir='ltr'>mandri,</span> <span class='ocrx_word' id='word_1_99' title='bbox 517 933 649 971; x_wconf 89' lang='lat' dir='ltr'>liberti</span> <span class='ocrx_word' id='word_1_100' title='bbox 669 934 954 981; x_wconf 86' lang='lat' dir='ltr'>Fabriciorum,</span> <span class='ocrx_word' id='word_1_101' title='bbox 976 934 1291 989; x_wconf 84' lang='lat' dir='ltr'>deprehenditur.</span> 
     </span>
    </p>

    <p class='ocr_par' dir='ltr' id='par_1_3' title="bbox 329 999 1735 1457">
     <span class='ocr_line' id='line_1_13' title="bbox 375 999 1735 1056; baseline 0.005 -19"><span class='ocrx_word' id='word_1_102' title='bbox 375 999 511 1038; x_wconf 86' lang='lat' dir='ltr'>XVII.</span> <span class='ocrx_word' id='word_1_103' title='bbox 535 1001 610 1038; x_wconf 92' lang='lat' dir='ltr'>Pro</span> <span class='ocrx_word' id='word_1_104' title='bbox 626 1001 698 1038; x_wconf 90' lang='lat' dir='ltr'>Dii</span> <span class='ocrx_word' id='word_1_105' title='bbox 716 1001 954 1040; x_wconf 88' lang='lat' dir='ltr'>immortales</span> <span class='ocrx_word' id='word_1_106' title='bbox 971 1001 980 1039; x_wconf 77' lang='lat' dir='ltr'>l</span> <span class='ocrx_word' id='word_1_107' title='bbox 1006 1003 1276 1055; x_wconf 87' lang='lat' dir='ltr'>Oppianicum</span> <span class='ocrx_word' id='word_1_108' title='bbox 1297 1003 1519 1056; x_wconf 89' lang='lat' dir='ltr'>quisquam,</span> <span class='ocrx_word' id='word_1_109' title='bbox 1540 1004 1602 1044; x_wconf 82' lang='lat' dir='ltr'>his</span> <span class='ocrx_word' id='word_1_110' title='bbox 1624 1006 1735 1045; x_wconf 87' lang='lat' dir='ltr'>rebus</span> 
     </span>
     <span class='ocr_line' id='line_1_14' title="bbox 331 1065 1734 1125; baseline 0.006 -23"><span class='ocrx_word' id='word_1_111' title='bbox 331 1065 515 1118; x_wconf 83' lang='lat' dir='ltr'>cognitis,</span> <span class='ocrx_word' id='word_1_112' title='bbox 533 1066 849 1105; x_wconf 83' lang='lat' dir='ltr'>circumventum</span> <span class='ocrx_word' id='word_1_113' title='bbox 866 1066 939 1105; x_wconf 81' lang='lat' dir='ltr'>effe</span> <span class='ocrx_word' id='word_1_114' title='bbox 958 1068 1085 1106; x_wconf 85' lang='lat' dir='ltr'>dicet?</span> <span class='ocrx_word' id='word_1_115' title='bbox 1108 1069 1209 1121; x_wconf 88' lang='lat' dir='ltr'>Qis</span> <span class='ocrx_word' id='word_1_116' title='bbox 1226 1082 1401 1121; x_wconf 87' lang='lat' dir='ltr'>unquam</span> <span class='ocrx_word' id='word_1_117' title='bbox 1417 1070 1624 1109; x_wconf 90' lang='lat' dir='ltr'>audacior?</span> <span class='ocrx_word' id='word_1_118' title='bbox 1646 1073 1734 1125; x_wconf 89' lang='lat' dir='ltr'>quis</span> 
     </span>
     <span class='ocr_line' id='line_1_15' title="bbox 332 1133 1734 1193; baseline 0.006 -23"><span class='ocrx_word' id='word_1_119' title='bbox 332 1133 560 1171; x_wconf 90' lang='lat' dir='ltr'>nocentior?</span> <span class='ocrx_word' id='word_1_120' title='bbox 594 1133 681 1185; x_wconf 86' lang='lat' dir='ltr'>quis</span> <span class='ocrx_word' id='word_1_121' title='bbox 700 1133 866 1186; x_wconf 86' lang='lat' dir='ltr'>apertior</span> <span class='ocrx_word' id='word_1_122' title='bbox 884 1134 926 1172; x_wconf 88' lang='lat' dir='ltr'>in</span> <span class='ocrx_word' id='word_1_123' title='bbox 940 1134 1139 1186; x_wconf 90' lang='lat' dir='ltr'>judicium</span> <span class='ocrx_word' id='word_1_124' title='bbox 1160 1135 1346 1174; x_wconf 61' lang='lat' dir='ltr'>adductus</span> <span class='ocrx_word' id='word_1_125' title='bbox 1366 1137 1419 1175; x_wconf 88' lang='lat' dir='ltr'>est</span> <span class='ocrx_word' id='word_1_126' title='bbox 1437 1136 1450 1173; x_wconf 85' lang='lat'>?</span> <span class='ocrx_word' id='word_1_127' title='bbox 1484 1138 1603 1190; x_wconf 83' lang='lat' dir='ltr'>Qod</span> <span class='ocrx_word' id='word_1_128' title='bbox 1621 1138 1734 1193; x_wconf 88' lang='lat' dir='ltr'>inge·</span> 
     </span>
     <span class='ocr_line' id='line_1_16' title="bbox 331 1199 1735 1257; baseline 0.004 -18"><span class='ocrx_word' id='word_1_129' title='bbox 331 1201 459 1247; x_wconf 88' lang='lat' dir='ltr'>nium,</span> <span class='ocrx_word' id='word_1_130' title='bbox 478 1214 564 1253; x_wconf 85' lang='lat' dir='ltr'>quae</span> <span class='ocrx_word' id='word_1_131' title='bbox 584 1199 745 1240; x_wconf 87' lang='lat' dir='ltr'>facultas</span> <span class='ocrx_word' id='word_1_132' title='bbox 766 1201 936 1248; x_wconf 89' lang='lat' dir='ltr'>dicendi,</span> <span class='ocrx_word' id='word_1_133' title='bbox 954 1215 1040 1254; x_wconf 86' lang='lat' dir='ltr'>quae</span> <span class='ocrx_word' id='word_1_134' title='bbox 1059 1216 1080 1241; x_wconf 88' lang='lat' dir='ltr'>a</span> <span class='ocrx_word' id='word_1_135' title='bbox 1099 1217 1302 1256; x_wconf 89' lang='lat' dir='ltr'>quoquam</span> <span class='ocrx_word' id='word_1_136' title='bbox 1317 1204 1536 1257; x_wconf 80' lang='lat' dir='ltr'>excogitata</span> <span class='ocrx_word' id='word_1_137' title='bbox 1551 1205 1735 1253; x_wconf 87' lang='lat' dir='ltr'>defenfio,</span> 
     </span>
     <span class='ocr_line' id='line_1_17' title="bbox 329 1265 1734 1326; baseline 0.005 -21"><span class='ocrx_word' id='word_1_138' title='bbox 329 1265 424 1306; x_wconf 92' lang='lat' dir='ltr'>huic</span> <span class='ocrx_word' id='word_1_139' title='bbox 445 1267 513 1306; x_wconf 89' lang='lat' dir='ltr'>uni</span> <span class='ocrx_word' id='word_1_140' title='bbox 533 1267 692 1306; x_wconf 90' lang='lat' dir='ltr'>crimini</span> <span class='ocrx_word' id='word_1_141' title='bbox 711 1268 840 1321; x_wconf 88' lang='lat' dir='ltr'>potuit</span> <span class='ocrx_word' id='word_1_142' title='bbox 858 1268 1062 1308; x_wconf 89' lang='lat' dir='ltr'>obfistere?</span> <span class='ocrx_word' id='word_1_143' title='bbox 1085 1269 1199 1308; x_wconf 90' lang='lat' dir='ltr'>fimul</span> <span class='ocrx_word' id='word_1_144' title='bbox 1219 1279 1258 1309; x_wconf 92' lang='lat' dir='ltr'>et</span> <span class='ocrx_word' id='word_1_145' title='bbox 1277 1270 1377 1309; x_wconf 88' lang='lat' dir='ltr'>illud</span> <span class='ocrx_word' id='word_1_146' title='bbox 1394 1271 1482 1324; x_wconf 91' lang='lat' dir='ltr'>quis</span> <span class='ocrx_word' id='word_1_147' title='bbox 1502 1271 1555 1311; x_wconf 90' lang='lat' dir='ltr'>est</span> <span class='ocrx_word' id='word_1_148' title='bbox 1570 1273 1640 1326; x_wconf 91' lang='lat' dir='ltr'>qui</span> <span class='ocrx_word' id='word_1_149' title='bbox 1659 1274 1734 1312; x_wconf 92' lang='lat' dir='ltr'>du-</span> 
     </span>
     <span class='ocr_line' id='line_1_18' title="bbox 330 1334 1733 1391; baseline 0.005 -18"><span class='ocrx_word' id='word_1_150' title='bbox 330 1334 443 1380; x_wconf 89' lang='lat' dir='ltr'>bitet,</span> <span class='ocrx_word' id='word_1_151' title='bbox 465 1335 562 1388; x_wconf 88' lang='lat' dir='ltr'>quin</span> <span class='ocrx_word' id='word_1_152' title='bbox 582 1334 655 1374; x_wconf 88' lang='lat' dir='ltr'>hac</span> <span class='ocrx_word' id='word_1_153' title='bbox 675 1349 714 1373; x_wconf 87' lang='lat' dir='ltr'>re</span> <span class='ocrx_word' id='word_1_154' title='bbox 734 1345 947 1390; x_wconf 89' lang='lat' dir='ltr'>comperta,</span> <span class='ocrx_word' id='word_1_155' title='bbox 969 1335 1253 1390; x_wconf 90' lang='lat' dir='ltr'>manifestoque</span> <span class='ocrx_word' id='word_1_156' title='bbox 1273 1336 1519 1391; x_wconf 84' lang='lat' dir='ltr'>deprehensa,</span> <span class='ocrx_word' id='word_1_157' title='bbox 1552 1348 1619 1379; x_wconf 86' lang='lat' dir='ltr'>aut</span> <span class='ocrx_word' id='word_1_158' title='bbox 1638 1340 1733 1380; x_wconf 85' lang='lat' dir='ltr'>obe-</span> 
     </span>
     <span class='ocr_line' id='line_1_19' title="bbox 330 1402 1517 1457; baseline 0.003 -16"><span class='ocrx_word' id='word_1_159' title='bbox 330 1402 434 1441; x_wconf 91' lang='lat' dir='ltr'>unda</span> <span class='ocrx_word' id='word_1_160' title='bbox 454 1416 558 1442; x_wconf 89' lang='lat' dir='ltr'>mors</span> <span class='ocrx_word' id='word_1_161' title='bbox 579 1402 779 1449; x_wconf 89' lang='lat' dir='ltr'>Cluentio,</span> <span class='ocrx_word' id='word_1_162' title='bbox 800 1412 866 1442; x_wconf 92' lang='lat' dir='ltr'>aut</span> <span class='ocrx_word' id='word_1_163' title='bbox 887 1403 1122 1457; x_wconf 87' lang='lat' dir='ltr'>suscipienda</span> <span class='ocrx_word' id='word_1_164' title='bbox 1141 1404 1345 1451; x_wconf 87' lang='lat' dir='ltr'>accusatio,</span> <span class='ocrx_word' id='word_1_165' title='bbox 1366 1404 1517 1445; x_wconf 88' lang='lat' dir='ltr'>fuerit?</span> 
     </span>
    </p>

    <p class='ocr_par' dir='ltr' id='par_1_4' title="bbox 281 1469 1735 2457">
     <span class='ocr_line' id='line_1_20' title="bbox 387 1469 1733 1523; baseline 0.004 -16"><span class='ocrx_word' id='word_1_166' title='bbox 387 1469 484 1507; x_wconf 86' lang='lat' dir='ltr'>Satis</span> <span class='ocrx_word' id='word_1_167' title='bbox 505 1469 577 1508; x_wconf 83' lang='lat' dir='ltr'>effe</span> <span class='ocrx_word' id='word_1_168' title='bbox 606 1469 770 1509; x_wconf 89' lang='lat' dir='ltr'>arbitror</span> <span class='ocrx_word' id='word_1_169' title='bbox 801 1470 1121 1517; x_wconf 87' lang='lat' dir='ltr'>demonstratum,</span> <span class='ocrx_word' id='word_1_170' title='bbox 1143 1472 1315 1523; x_wconf 91' lang='lat' dir='ltr'>Judices,</span> <span class='ocrx_word' id='word_1_171' title='bbox 1346 1473 1394 1511; x_wconf 89' lang='lat' dir='ltr'>iis</span> <span class='ocrx_word' id='word_1_172' title='bbox 1415 1472 1648 1513; x_wconf 89' lang='lat' dir='ltr'>criminibus</span> <span class='ocrx_word' id='word_1_173' title='bbox 1668 1487 1733 1514; x_wconf 89' lang='lat' dir='ltr'>ac-</span> 
     </span>
     <span class='ocr_line' id='line_1_21' title="bbox 329 1535 1735 1596; baseline 0.006 -22"><span class='ocrx_word' id='word_1_174' title='bbox 329 1535 505 1575; x_wconf 88' lang='lat' dir='ltr'>cusatum</span> <span class='ocrx_word' id='word_1_175' title='bbox 535 1536 607 1574; x_wconf 84' lang='lat' dir='ltr'>effe</span> <span class='ocrx_word' id='word_1_176' title='bbox 629 1537 913 1590; x_wconf 88' lang='lat' dir='ltr'>Oppianicum,</span> <span class='ocrx_word' id='word_1_177' title='bbox 948 1546 993 1576; x_wconf 92' lang='lat' dir='ltr'>ut</span> <span class='ocrx_word' id='word_1_178' title='bbox 1013 1536 1170 1577; x_wconf 87' lang='lat' dir='ltr'>honeste</span> <span class='ocrx_word' id='word_1_179' title='bbox 1195 1539 1340 1579; x_wconf 89' lang='lat' dir='ltr'>absolvi</span> <span class='ocrx_word' id='word_1_180' title='bbox 1367 1540 1478 1580; x_wconf 92' lang='lat' dir='ltr'>nullo</span> <span class='ocrx_word' id='word_1_181' title='bbox 1509 1541 1629 1581; x_wconf 90' lang='lat' dir='ltr'>modo</span> <span class='ocrx_word' id='word_1_182' title='bbox 1658 1556 1735 1596; x_wconf 56' lang='lat' dir='ltr'>pou</span> 
     </span>
     <span class='ocr_line' id='line_1_22' title="bbox 330 1602 1733 1655; baseline 0.006 -16"><span class='ocrx_word' id='word_1_183' title='bbox 330 1603 462 1641; x_wconf 82' lang='lat' dir='ltr'>tuerit.</span> <span class='ocrx_word' id='word_1_184' title='bbox 487 1602 719 1655; x_wconf 88' lang='lat' dir='ltr'>Cognoscite</span> <span class='ocrx_word' id='word_1_185' title='bbox 740 1617 844 1642; x_wconf 89' lang='lat' dir='ltr'>nunc</span> <span class='ocrx_word' id='word_1_186' title='bbox 859 1604 914 1642; x_wconf 91' lang='lat' dir='ltr'>ita</span> <span class='ocrx_word' id='word_1_187' title='bbox 932 1617 1044 1642; x_wconf 89' lang='lat' dir='ltr'>reum</span> <span class='ocrx_word' id='word_1_188' title='bbox 1063 1605 1229 1644; x_wconf 86' lang='lat' dir='ltr'>citatum</span> <span class='ocrx_word' id='word_1_189' title='bbox 1244 1605 1315 1645; x_wconf 84' lang='lat' dir='ltr'>effe</span> <span class='ocrx_word' id='word_1_190' title='bbox 1333 1607 1465 1654; x_wconf 90' lang='lat' dir='ltr'>illurn,</span> <span class='ocrx_word' id='word_1_191' title='bbox 1485 1617 1543 1655; x_wconf 90' lang='lat' dir='ltr'>ut,</span> <span class='ocrx_word' id='word_1_192' title='bbox 1559 1622 1599 1647; x_wconf 91' lang='lat' dir='ltr'>re</span> <span class='ocrx_word' id='word_1_193' title='bbox 1618 1608 1733 1648; x_wconf 85' lang='lat' dir='ltr'>semel</span> 
     </span>
     <span class='ocr_line' id='line_1_23' title="bbox 329 1669 1732 1726; baseline 0.006 -20"><span class='ocrx_word' id='word_1_194' title='bbox 329 1677 446 1721; x_wconf 88' lang='lat' dir='ltr'>atque</span> <span class='ocrx_word' id='word_1_195' title='bbox 479 1669 622 1707; x_wconf 91' lang='lat' dir='ltr'>iterum</span> <span class='ocrx_word' id='word_1_196' title='bbox 656 1670 915 1723; x_wconf 87' lang='lat' dir='ltr'>praejudicata‚</span> <span class='ocrx_word' id='word_1_197' title='bbox 951 1671 1230 1710; x_wconf 86' lang='lat' dir='ltr'>condemnatus</span> <span class='ocrx_word' id='word_1_198' title='bbox 1265 1672 1306 1710; x_wconf 89' lang='lat' dir='ltr'>in</span> <span class='ocrx_word' id='word_1_199' title='bbox 1333 1673 1535 1726; x_wconf 89' lang='lat' dir='ltr'>judicium</span> <span class='ocrx_word' id='word_1_200' title='bbox 1570 1676 1732 1715; x_wconf 88' lang='lat' dir='ltr'>venerit.</span> 
     </span>
     <span class='ocr_line' id='line_1_24' title="bbox 330 1734 1732 1794; baseline 0.006 -23"><span class='ocrx_word' id='word_1_201' title='bbox 330 1734 439 1773; x_wconf 89' lang='lat' dir='ltr'>Nam</span> <span class='ocrx_word' id='word_1_202' title='bbox 471 1734 694 1780; x_wconf 84' lang='lat' dir='ltr'>Cluentius,</span> <span class='ocrx_word' id='word_1_203' title='bbox 726 1736 899 1786; x_wconf 84' lang='lat' dir='ltr'>JudiceS,</span> <span class='ocrx_word' id='word_1_204' title='bbox 941 1737 1118 1790; x_wconf 89' lang='lat' dir='ltr'>primum</span> <span class='ocrx_word' id='word_1_205' title='bbox 1148 1752 1293 1777; x_wconf 88' lang='lat' dir='ltr'>nomen</span> <span class='ocrx_word' id='word_1_206' title='bbox 1323 1740 1404 1792; x_wconf 90' lang='lat' dir='ltr'>ejus</span> <span class='ocrx_word' id='word_1_207' title='bbox 1436 1740 1590 1786; x_wconf 90' lang='lat' dir='ltr'>detulit,</span> <span class='ocrx_word' id='word_1_208' title='bbox 1621 1742 1732 1794; x_wconf 87' lang='lat' dir='ltr'>cujus</span> 
     </span>
     <span class='ocr_line' id='line_1_25' title="bbox 330 1801 1730 1856; baseline 0.006 -18"><span class='ocrx_word' id='word_1_209' title='bbox 330 1801 372 1839; x_wconf 88' lang='lat' dir='ltr'>in</span> <span class='ocrx_word' id='word_1_210' title='bbox 392 1801 573 1839; x_wconf 88' lang='lat' dir='ltr'>manibus</span> <span class='ocrx_word' id='word_1_211' title='bbox 593 1814 788 1840; x_wconf 88' lang='lat' dir='ltr'>venenum</span> <span class='ocrx_word' id='word_1_212' title='bbox 817 1801 1145 1856; x_wconf 87' lang='lat' dir='ltr'>deprehenderat:</span> <span class='ocrx_word' id='word_1_213' title='bbox 1178 1805 1209 1843; x_wconf 88' lang='lat' dir='ltr'>is</span> <span class='ocrx_word' id='word_1_214' title='bbox 1230 1814 1309 1843; x_wconf 88' lang='lat' dir='ltr'>erat</span> <span class='ocrx_word' id='word_1_215' title='bbox 1340 1806 1501 1844; x_wconf 88' lang='lat' dir='ltr'>libertus</span> <span class='ocrx_word' id='word_1_216' title='bbox 1529 1807 1730 1846; x_wconf 77' lang='lat' dir='ltr'>Fabricio-</span> 
     </span>
     <span class='ocr_line' id='line_1_26' title="bbox 330 1867 1733 1927; baseline 0.006 -23"><span class='ocrx_word' id='word_1_217' title='bbox 330 1881 434 1913; x_wconf 87' lang='lat' dir='ltr'>rum,</span> <span class='ocrx_word' id='word_1_218' title='bbox 465 1867 709 1906; x_wconf 85' lang='lat' dir='ltr'>Scamander.</span> <span class='ocrx_word' id='word_1_219' title='bbox 742 1870 946 1922; x_wconf 89' lang='lat' dir='ltr'>Integrum</span> <span class='ocrx_word' id='word_1_220' title='bbox 979 1871 1185 1910; x_wconf 87' lang='lat' dir='ltr'>confilium</span> <span class='ocrx_word' id='word_1_221' title='bbox 1202 1889 1215 1917; x_wconf 81' lang='lat'>3</span> <span class='ocrx_word' id='word_1_222' title='bbox 1245 1871 1388 1924; x_wconf 89' lang='lat' dir='ltr'>judicii</span> <span class='ocrx_word' id='word_1_223' title='bbox 1417 1874 1591 1927; x_wconf 88' lang='lat' dir='ltr'>corrupti</span> <span class='ocrx_word' id='word_1_224' title='bbox 1625 1874 1733 1913; x_wconf 81' lang='lat' dir='ltr'>nulla</span> 
     </span>
     <span class='ocr_line' id='line_1_27' title="bbox 330 1933 1731 1988; baseline 0.006 -17"><span class='ocrx_word' id='word_1_225' title='bbox 330 1933 493 1987; x_wconf 90' lang='lat' dir='ltr'>suspicio</span> <span class='ocrx_word' id='word_1_226' title='bbox 507 1952 520 1979; x_wconf 73' lang='lat'>3</span> <span class='ocrx_word' id='word_1_227' title='bbox 552 1934 716 1987; x_wconf 80' lang='lat' dir='ltr'>simplex</span> <span class='ocrx_word' id='word_1_228' title='bbox 741 1934 781 1973; x_wconf 90' lang='lat' dir='ltr'>in</span> <span class='ocrx_word' id='word_1_229' title='bbox 804 1935 1003 1988; x_wconf 84' lang='lat' dir='ltr'>judicium</span> <span class='ocrx_word' id='word_1_230' title='bbox 1035 1937 1156 1983; x_wconf 86' lang='lat' dir='ltr'>causa,</span> <span class='ocrx_word' id='word_1_231' title='bbox 1187 1947 1291 1976; x_wconf 89' lang='lat' dir='ltr'>certa</span> <span class='ocrx_word' id='word_1_232' title='bbox 1310 1952 1382 1984; x_wconf 83' lang='lat' dir='ltr'>res,</span> <span class='ocrx_word' id='word_1_233' title='bbox 1413 1953 1548 1978; x_wconf 88' lang='lat' dir='ltr'>verum</span> <span class='ocrx_word' id='word_1_234' title='bbox 1582 1940 1731 1979; x_wconf 88' lang='lat' dir='ltr'>crimen</span> 
     </span>
     <span class='ocr_line' id='line_1_28' title="bbox 329 1999 1729 2059; baseline 0.006 -22"><span class='ocrx_word' id='word_1_235' title='bbox 329 1999 489 2038; x_wconf 88' lang='lat' dir='ltr'>allatum</span> <span class='ocrx_word' id='word_1_236' title='bbox 510 2000 577 2039; x_wconf 82' lang='lat' dir='ltr'>est.</span> <span class='ocrx_word' id='word_1_237' title='bbox 637 2001 719 2039; x_wconf 90' lang='lat' dir='ltr'>Hic</span> <span class='ocrx_word' id='word_1_238' title='bbox 747 2011 833 2040; x_wconf 88' lang='lat' dir='ltr'>turn</span> <span class='ocrx_word' id='word_1_239' title='bbox 855 2002 1072 2049; x_wconf 87' lang='lat' dir='ltr'>Fabricius,</span> <span class='ocrx_word' id='word_1_240' title='bbox 1093 2004 1141 2048; x_wconf 91' lang='lat' dir='ltr'>is,</span> <span class='ocrx_word' id='word_1_241' title='bbox 1172 2004 1219 2042; x_wconf 92' lang='lat' dir='ltr'>de</span> <span class='ocrx_word' id='word_1_242' title='bbox 1239 2019 1318 2057; x_wconf 92' lang='lat' dir='ltr'>quo</span> <span class='ocrx_word' id='word_1_243' title='bbox 1343 2015 1430 2043; x_wconf 88' lang='lat' dir='ltr'>ante</span> <span class='ocrx_word' id='word_1_244' title='bbox 1452 2006 1549 2052; x_wconf 85' lang='lat' dir='ltr'>dixi,</span> <span class='ocrx_word' id='word_1_245' title='bbox 1578 2008 1660 2059; x_wconf 89' lang='lat' dir='ltr'>qui,</span> <span class='ocrx_word' id='word_1_246' title='bbox 1679 2007 1729 2045; x_wconf 89' lang='lat' dir='ltr'>li-</span> 
     </span>
     <span class='ocr_line' id='line_1_29' title="bbox 329 2067 1729 2126; baseline 0.006 -22"><span class='ocrx_word' id='word_1_247' title='bbox 329 2067 438 2105; x_wconf 90' lang='lat' dir='ltr'>berto</span> <span class='ocrx_word' id='word_1_248' title='bbox 450 2068 646 2113; x_wconf 86' lang='lat' dir='ltr'>damnato,</span> <span class='ocrx_word' id='word_1_249' title='bbox 661 2067 731 2106; x_wconf 90' lang='lat' dir='ltr'>fibi</span> <span class='ocrx_word' id='word_1_250' title='bbox 743 2068 842 2107; x_wconf 91' lang='lat' dir='ltr'>illud</span> <span class='ocrx_word' id='word_1_251' title='bbox 855 2069 1080 2123; x_wconf 87' lang='lat' dir='ltr'>impendere</span> <span class='ocrx_word' id='word_1_252' title='bbox 1092 2071 1313 2124; x_wconf 88' lang='lat' dir='ltr'>periculum</span> <span class='ocrx_word' id='word_1_253' title='bbox 1327 2072 1492 2118; x_wconf 87' lang='lat' dir='ltr'>videret,-</span> <span class='ocrx_word' id='word_1_254' title='bbox 1512 2074 1617 2126; x_wconf 90' lang='lat' dir='ltr'>quod</span> <span class='ocrx_word' id='word_1_255' title='bbox 1631 2074 1729 2112; x_wconf 85' lang='lat' dir='ltr'>mihi</span> 
     </span>
     <span class='ocr_line' id='line_1_30' title="bbox 328 2134 1728 2191; baseline 0.005 -20"><span class='ocrx_word' id='word_1_256' title='bbox 328 2147 422 2172; x_wconf 89' lang='lat' dir='ltr'>cum</span> <span class='ocrx_word' id='word_1_257' title='bbox 443 2134 727 2173; x_wconf 89' lang='lat' dir='ltr'>Aletrinatibus</span> <span class='ocrx_word' id='word_1_258' title='bbox 757 2136 1013 2182; x_wconf 86' lang='lat' dir='ltr'>vicinitatem,</span> <span class='ocrx_word' id='word_1_259' title='bbox 1044 2146 1082 2176; x_wconf 89' lang='lat' dir='ltr'>et</span> <span class='ocrx_word' id='word_1_260' title='bbox 1116 2151 1208 2176; x_wconf 88' lang='lat' dir='ltr'>cum</span> <span class='ocrx_word' id='word_1_261' title='bbox 1228 2138 1419 2191; x_wconf 85' lang='lat' dir='ltr'>plerisque</span> <span class='ocrx_word' id='word_1_262' title='bbox 1449 2153 1586 2178; x_wconf 89' lang='lat' dir='ltr'>eorum</span> <span class='ocrx_word' id='word_1_263' title='bbox 1617 2154 1728 2191; x_wconf 83' lang='lat' dir='ltr'>mag-</span> 
     </span>
     <span class='ocr_line' id='line_1_31' title="bbox 330 2200 1726 2255; baseline 0.006 -18"><span class='ocrx_word' id='word_1_264' title='bbox 330 2212 427 2238; x_wconf 87' lang='lat' dir='ltr'>num</span> <span class='ocrx_word' id='word_1_265' title='bbox 447 2201 575 2247; x_wconf 89' lang='lat' dir='ltr'>usum,</span> <span class='ocrx_word' id='word_1_266' title='bbox 597 2200 667 2239; x_wconf 84' lang='lat' dir='ltr'>effe</span> <span class='ocrx_word' id='word_1_267' title='bbox 688 2201 842 2248; x_wconf 86' lang='lat' dir='ltr'>sciebat,</span> <span class='ocrx_word' id='word_1_268' title='bbox 874 2201 1095 2255; x_wconf 89' lang='lat' dir='ltr'>frequentes</span> <span class='ocrx_word' id='word_1_269' title='bbox 1126 2218 1189 2243; x_wconf 90' lang='lat' dir='ltr'>eos</span> <span class='ocrx_word' id='word_1_270' title='bbox 1210 2205 1256 2242; x_wconf 89' lang='lat' dir='ltr'>ad</span> <span class='ocrx_word' id='word_1_271' title='bbox 1277 2219 1340 2243; x_wconf 87' lang='lat' dir='ltr'>me</span> <span class='ocrx_word' id='word_1_272' title='bbox 1366 2205 1532 2245; x_wconf 89' lang='lat' dir='ltr'>domum</span> <span class='ocrx_word' id='word_1_273' title='bbox 1552 2207 1726 2245; x_wconf 72' lang='lat' dir='ltr'>adduxit.</span> 
     </span>
     <span class='ocr_line' id='line_1_32' title="bbox 331 2266 1725 2320; baseline 0.005 -17"><span class='ocrx_word' id='word_1_274' title='bbox 331 2266 428 2316; x_wconf 66' lang='lat' dir='ltr'>Qu,</span> <span class='ocrx_word' id='word_1_275' title='bbox 461 2281 684 2320; x_wconf 86' lang='lat' dir='ltr'>quanquam</span> <span class='ocrx_word' id='word_1_276' title='bbox 715 2269 763 2307; x_wconf 88' lang='lat' dir='ltr'>de</span> <span class='ocrx_word' id='word_1_277' title='bbox 793 2268 969 2316; x_wconf 90' lang='lat' dir='ltr'>homine,</span> <span class='ocrx_word' id='word_1_278' title='bbox 1001 2270 1096 2309; x_wconf 88' lang='lat' dir='ltr'>ficut</span> <span class='ocrx_word' id='word_1_279' title='bbox 1126 2271 1270 2310; x_wconf 85' lang='lat' dir='ltr'>neceffe</span> <span class='ocrx_word' id='word_1_280' title='bbox 1301 2281 1394 2317; x_wconf 86' lang='lat' dir='ltr'>erat,</span> <span class='ocrx_word' id='word_1_281' title='bbox 1426 2273 1725 2318; x_wconf 69' lang='lat' dir='ltr'>existimabant,</span> 
     </span>
     <span class='ocr_line' id='line_1_33' title="bbox 333 2334 1726 2391; baseline 0.006 -23"><span class='ocrx_word' id='word_1_282' title='bbox 333 2341 476 2376; x_wconf 83' lang='lat' dir='ltr'>tamen,</span> <span class='ocrx_word' id='word_1_283' title='bbox 509 2334 614 2384; x_wconf 88' lang='lat' dir='ltr'>quod</span> <span class='ocrx_word' id='word_1_284' title='bbox 632 2344 710 2373; x_wconf 92' lang='lat' dir='ltr'>erat</span> <span class='ocrx_word' id='word_1_285' title='bbox 729 2349 777 2373; x_wconf 83' lang='lat' dir='ltr'>ex</span> <span class='ocrx_word' id='word_1_286' title='bbox 796 2336 934 2375; x_wconf 86' lang='lat' dir='ltr'>eodem</span> <span class='ocrx_word' id='word_1_287' title='bbox 954 2337 1187 2391; x_wconf 85' lang='lat' dir='ltr'>municipio,</span> <span class='ocrx_word' id='word_1_288' title='bbox 1219 2338 1292 2376; x_wconf 84' lang='lat' dir='ltr'>suae</span> <span class='ocrx_word' id='word_1_289' title='bbox 1312 2338 1510 2391; x_wconf 82' lang='lat' dir='ltr'>dignitatis</span> <span class='ocrx_word' id='word_1_290' title='bbox 1531 2337 1603 2375; x_wconf 83' lang='lat' dir='ltr'>effe</span> <span class='ocrx_word' id='word_1_291' title='bbox 1623 2339 1726 2377; x_wconf 84' lang='lat' dir='ltr'>arbi-</span> 
     </span>
     <span class='ocr_line' id='line_1_34' title="bbox 281 2398 1726 2457; baseline 0.006 -22"><span class='ocrx_word' id='word_1_292' title='bbox 281 2446 285 2449; x_wconf 27' lang='lat'>,</span> <span class='ocrx_word' id='word_1_293' title='bbox 331 2398 544 2443; x_wconf 85' lang='lat' dir='ltr'>trabantur,</span> <span class='ocrx_word' id='word_1_294' title='bbox 577 2412 682 2445; x_wconf 89' lang='lat' dir='ltr'>eum,</span> <span class='ocrx_word' id='word_1_295' title='bbox 715 2402 858 2454; x_wconf 87' lang='lat' dir='ltr'>quibus</span> <span class='ocrx_word' id='word_1_296' title='bbox 890 2403 1003 2442; x_wconf 89' lang='lat' dir='ltr'>rebus</span> <span class='ocrx_word' id='word_1_297' title='bbox 1023 2403 1185 2456; x_wconf 72' lang='lat' dir='ltr'>possent,</span> <span class='ocrx_word' id='word_1_298' title='bbox 1207 2403 1435 2443; x_wconf 87' lang='lat' dir='ltr'>defendere:</span> <span class='ocrx_word' id='word_1_299' title='bbox 1468 2404 1584 2457; x_wconf 87' lang='lat' dir='ltr'>idque</span> <span class='ocrx_word' id='word_1_300' title='bbox 1610 2419 1630 2443; x_wconf 86' lang='lat' dir='ltr'>a</span> <span class='ocrx_word' id='word_1_301' title='bbox 1648 2419 1726 2451; x_wconf 89' lang='lat' dir='ltr'>me,</span> 
     </span>
    </p>
   </div>
   <div class='ocr_carea' id='block_1_3' title="bbox 332 2463 1725 2575">
    <p class='ocr_par' dir='ltr' id='par_1_5' title="bbox 332 2463 1725 2575">
     <span class='ocr_line' id='line_1_35' title="bbox 332 2463 1725 2524; baseline 0.005 -21"><span class='ocrx_word' id='word_1_302' title='bbox 332 2474 373 2503; x_wconf 88' lang='lat' dir='ltr'>ut</span> <span class='ocrx_word' id='word_1_303' title='bbox 392 2463 576 2510; x_wconf 86' lang='lat' dir='ltr'>facerem,</span> <span class='ocrx_word' id='word_1_304' title='bbox 607 2474 646 2503; x_wconf 88' lang='lat' dir='ltr'>et</span> <span class='ocrx_word' id='word_1_305' title='bbox 677 2476 721 2506; x_wconf 90' lang='lat' dir='ltr'>ut</span> <span class='ocrx_word' id='word_1_306' title='bbox 751 2469 903 2509; x_wconf 83' lang='lat' dir='ltr'>causam</span> <span class='ocrx_word' id='word_1_307' title='bbox 924 2471 1147 2510; x_wconf 84' lang='lat' dir='ltr'>Scamandri</span> <span class='ocrx_word' id='word_1_308' title='bbox 1172 2471 1416 2524; x_wconf 79' lang='lat' dir='ltr'>susciperem,</span> <span class='ocrx_word' id='word_1_309' title='bbox 1448 2471 1654 2524; x_wconf 74' lang='lat' dir='ltr'>petebant,</span> <span class='ocrx_word' id='word_1_310' title='bbox 1689 2474 1725 2510; x_wconf 86' lang='lat' dir='ltr'>in</span> 
     </span>
     <span class='ocr_line' id='line_1_36' title="bbox 470 2532 1421 2575; baseline 0.005 -5"><span class='ocrx_word' id='word_1_311' title='bbox 470 2532 538 2570; x_wconf 93' lang='lat' dir='ltr'>To</span> <span class='ocrx_word' id='word_1_312' title='bbox 551 2544 602 2571; x_wconf 81' lang='lat' dir='ltr'>M.</span> <span class='ocrx_word' id='word_1_313' title='bbox 625 2532 677 2572; x_wconf 87' lang='lat' dir='ltr'>V.</span> <span class='ocrx_word' id='word_1_314' title='bbox 1390 2537 1421 2575; x_wconf 80' lang='lat' dir='ltr'>F</span> 
     </span>
    </p>
   </div>
  </div>
 </body>
</html>
