<?xml version="1.0" encoding="UTF-8"?>
<!DOCTYPE html PUBLIC "-//W3C//DTD XHTML 1.0 Transitional//EN"
    "http://www.w3.org/TR/xhtml1/DTD/xhtml1-transitional.dtd">
<html xmlns="http://www.w3.org/1999/xhtml" xml:lang="en" lang="en">
 <head>
  <title>
</title>
<meta http-equiv="Content-Type" content="text/html;charset=utf-8" />
  <meta name='ocr-system' content='tesseract 3.04.00' />
  <meta name='ocr-capabilities' content='ocr_page ocr_carea ocr_par ocr_line ocrx_word'/>
</head>
<body>
  <div class='ocr_page' id='page_1' title='image "./operacumindicibu05ciceuoft_0027.png"; bbox 0 0 2212 2835; ppageno 0'>
   <div class='ocr_carea' id='block_1_1' title="bbox 614 173 1703 223">
    <p class='ocr_par' dir='ltr' id='par_1_1' title="bbox 614 173 1703 223">
     <span class='ocr_line' id='line_1_1' title="bbox 614 173 1703 223; baseline -0.006 -8"><span class='ocrx_word' id='word_1_1' title='bbox 614 178 746 215; x_wconf 90' lang='lat' dir='ltr'>PRO</span> <span class='ocrx_word' id='word_1_2' title='bbox 806 176 989 214; x_wconf 86' lang='lat' dir='ltr'>LEGE</span> <span class='ocrx_word' id='word_1_3' title='bbox 1050 173 1398 214; x_wconf 77' lang='lat' dir='ltr'>MANILIA,</span> <span class='ocrx_word' id='word_1_4' title='bbox 1659 186 1703 223; x_wconf 66' lang='grc' dir='ltr'>ῖς)</span> 
     </span>
    </p>
   </div>
   <div class='ocr_carea' id='block_1_2' title="bbox 288 266 1718 2572">
    <p class='ocr_par' dir='ltr' id='par_1_2' title="bbox 310 266 1708 857">
     <span class='ocr_line' id='line_1_2' title="bbox 311 266 1705 320; baseline -0.005 -9"><span class='ocrx_word' id='word_1_5' title='bbox 311 273 372 311; x_wconf 83' lang='lat' dir='ltr'>sed</span> <span class='ocrx_word' id='word_1_6' title='bbox 392 284 526 311; x_wconf 85' lang='lat' dir='ltr'>omnes</span> <span class='ocrx_word' id='word_1_7' title='bbox 548 271 667 310; x_wconf 88' lang='lat' dir='ltr'>socios</span> <span class='ocrx_word' id='word_1_8' title='bbox 699 272 739 309; x_wconf 87' lang='lat' dir='ltr'>in</span> <span class='ocrx_word' id='word_1_9' title='bbox 762 270 912 309; x_wconf 86' lang='lat' dir='ltr'><strong>ultimis</strong></span> <span class='ocrx_word' id='word_1_10' title='bbox 933 269 1008 308; x_wconf 86' lang='lat' dir='ltr'>oris</span> <span class='ocrx_word' id='word_1_11' title='bbox 1029 269 1251 309; x_wconf 60' lang='lat' dir='ltr'>auetoritate</span> <span class='ocrx_word' id='word_1_12' title='bbox 1275 268 1391 307; x_wconf 87' lang='lat' dir='ltr'>nostri</span> <span class='ocrx_word' id='word_1_13' title='bbox 1412 266 1567 320; x_wconf 87' lang='lat' dir='ltr'>imperii</span> <span class='ocrx_word' id='word_1_14' title='bbox 1586 266 1705 305; x_wconf 76' lang='lat' dir='ltr'>salvos</span> 
     </span>
     <span class='ocr_line' id='line_1_3' title="bbox 313 334 1707 393; baseline -0.004 -17"><span class='ocrx_word' id='word_1_15' title='bbox 313 340 483 393; x_wconf 80' lang='lat' dir='ltr'>praestare</span> <span class='ocrx_word' id='word_1_16' title='bbox 502 348 735 392; x_wconf 75' lang='lat' dir='ltr'>poteramus,</span> <span class='ocrx_word' id='word_1_17' title='bbox 768 348 868 382; x_wconf 85' lang='lat' dir='ltr'>tum,</span> <span class='ocrx_word' id='word_1_18' title='bbox 900 350 994 375; x_wconf 87' lang='lat' dir='ltr'>cum</span> <span class='ocrx_word' id='word_1_19' title='bbox 1014 336 1137 374; x_wconf 85' lang='lat' dir='ltr'>insula</span> <span class='ocrx_word' id='word_1_20' title='bbox 1156 336 1277 375; x_wconf 86' lang='lat' dir='ltr'>Delos</span> <span class='ocrx_word' id='word_1_21' title='bbox 1299 345 1378 374; x_wconf 85' lang='lat' dir='ltr'>tam</span> <span class='ocrx_word' id='word_1_22' title='bbox 1400 334 1536 388; x_wconf 86' lang='lat' dir='ltr'>procul</span> <span class='ocrx_word' id='word_1_23' title='bbox 1556 348 1576 372; x_wconf 89' lang='lat' dir='ltr'>a</span> <span class='ocrx_word' id='word_1_24' title='bbox 1595 334 1707 372; x_wconf 83' lang='lat' dir='ltr'>nobis</span> 
     </span>
     <span class='ocr_line' id='line_1_4' title="bbox 312 401 1708 459; baseline -0.006 -13"><span class='ocrx_word' id='word_1_25' title='bbox 312 407 354 447; x_wconf 85' lang='lat' dir='ltr'>in</span> <span class='ocrx_word' id='word_1_26' title='bbox 374 408 498 459; x_wconf 86' lang='lat' dir='ltr'>AEgeo</span> <span class='ocrx_word' id='word_1_27' title='bbox 519 406 616 445; x_wconf 85' lang='lat' dir='ltr'>mari</span> <span class='ocrx_word' id='word_1_28' title='bbox 635 405 768 458; x_wconf 87' lang='lat' dir='ltr'>pofita,</span> <span class='ocrx_word' id='word_1_29' title='bbox 799 418 878 456; x_wconf 87' lang='lat' dir='ltr'>quo</span> <span class='ocrx_word' id='word_1_30' title='bbox 898 416 1032 441; x_wconf 88' lang='lat' dir='ltr'>omnes</span> <span class='ocrx_word' id='word_1_31' title='bbox 1055 401 1228 454; x_wconf 88' lang='lat' dir='ltr'>undique</span> <span class='ocrx_word' id='word_1_32' title='bbox 1258 416 1350 440; x_wconf 89' lang='lat' dir='ltr'>cum</span> <span class='ocrx_word' id='word_1_33' title='bbox 1378 401 1572 440; x_wconf 82' lang='lat' dir='ltr'>mercibus</span> <span class='ocrx_word' id='word_1_34' title='bbox 1593 411 1708 453; x_wconf 83' lang='lat' dir='ltr'>atque</span> 
     </span>
     <span class='ocr_line' id='line_1_5' title="bbox 311 467 1706 521; baseline -0.004 -11"><span class='ocrx_word' id='word_1_35' title='bbox 311 473 491 515; x_wconf 83' lang='lat' dir='ltr'>oneribus</span> <span class='ocrx_word' id='word_1_36' title='bbox 510 470 798 515; x_wconf 79' lang='lat' dir='ltr'>commeabant,</span> <span class='ocrx_word' id='word_1_37' title='bbox 829 468 966 511; x_wconf 79' lang='lat' dir='ltr'>referta</span> <span class='ocrx_word' id='word_1_38' title='bbox 987 468 1147 513; x_wconf 88' lang='lat' dir='ltr'>divitiis,</span> <span class='ocrx_word' id='word_1_39' title='bbox 1179 481 1306 521; x_wconf 84' lang='lat' dir='ltr'>parva,</span> <span class='ocrx_word' id='word_1_40' title='bbox 1337 469 1414 507; x_wconf 89' lang='lat' dir='ltr'>fine</span> <span class='ocrx_word' id='word_1_41' title='bbox 1448 482 1576 512; x_wconf 85' lang='lat' dir='ltr'>muro,</span> <span class='ocrx_word' id='word_1_42' title='bbox 1607 467 1706 505; x_wconf 86' lang='lat' dir='ltr'>nihil</span> 
     </span>
     <span class='ocr_line' id='line_1_6' title="bbox 312 534 1705 589; baseline -0.005 -11"><span class='ocrx_word' id='word_1_43' title='bbox 312 539 502 583; x_wconf 81' lang='lat' dir='ltr'>timebat;</span> <span class='ocrx_word' id='word_1_44' title='bbox 534 538 655 577; x_wconf 88' lang='lat' dir='ltr'>iidem</span> <span class='ocrx_word' id='word_1_45' title='bbox 682 551 760 577; x_wconf 85' lang='lat' dir='ltr'>non</span> <span class='ocrx_word' id='word_1_46' title='bbox 781 537 900 576; x_wconf 91' lang='lat' dir='ltr'>modo</span> <span class='ocrx_word' id='word_1_47' title='bbox 920 535 1143 589; x_wconf 86' lang='lat' dir='ltr'>provinciis,</span> <span class='ocrx_word' id='word_1_48' title='bbox 1173 544 1289 586; x_wconf 88' lang='lat' dir='ltr'>atque</span> <span class='ocrx_word' id='word_1_49' title='bbox 1319 534 1394 573; x_wconf 88' lang='lat' dir='ltr'>oris</span> <span class='ocrx_word' id='word_1_50' title='bbox 1416 534 1535 572; x_wconf 85' lang='lat' dir='ltr'>Italiae</span> <span class='ocrx_word' id='word_1_51' title='bbox 1555 535 1705 572; x_wconf 81' lang='lat' dir='ltr'>mariti-</span> 
     </span>
     <span class='ocr_line' id='line_1_7' title="bbox 312 599 1705 658; baseline -0.004 -15"><span class='ocrx_word' id='word_1_52' title='bbox 312 604 403 650; x_wconf 81' lang='lat' dir='ltr'>mis,</span> <span class='ocrx_word' id='word_1_53' title='bbox 435 618 478 643; x_wconf 84' lang='lat' dir='ltr'>ac</span> <span class='ocrx_word' id='word_1_54' title='bbox 498 604 686 658; x_wconf 85' lang='lat' dir='ltr'>portubus</span> <span class='ocrx_word' id='word_1_55' title='bbox 718 603 867 648; x_wconf 88' lang='lat' dir='ltr'>nostris,</span> <span class='ocrx_word' id='word_1_56' title='bbox 899 601 961 644; x_wconf 83' lang='lat' dir='ltr'>sed</span> <span class='ocrx_word' id='word_1_57' title='bbox 981 602 1098 640; x_wconf 85' lang='lat' dir='ltr'>etiam</span> <span class='ocrx_word' id='word_1_58' title='bbox 1117 601 1344 654; x_wconf 86' lang='lat' dir='ltr'>Appiajam</span> <span class='ocrx_word' id='word_1_59' title='bbox 1363 601 1437 645; x_wconf 78' lang='lat' dir='ltr'>via,</span> <span class='ocrx_word' id='word_1_60' title='bbox 1459 599 1680 639; x_wconf 85' lang='lat' dir='ltr'>carebamus</span> <span class='ocrx_word' id='word_1_61' title='bbox 1695 615 1705 647; x_wconf 68' lang='grc' dir='ltr'><em>ς</em></span> 
     </span>
     <span class='ocr_line' id='line_1_8' title="bbox 310 667 1706 724; baseline -0.004 -15"><span class='ocrx_word' id='word_1_62' title='bbox 310 681 352 712; x_wconf 77' lang='lat' dir='ltr'>et</span> <span class='ocrx_word' id='word_1_63' title='bbox 369 670 432 711; x_wconf 81' lang='lat' dir='ltr'>his</span> <span class='ocrx_word' id='word_1_64' title='bbox 453 671 692 724; x_wconf 79' lang='lat' dir='ltr'>temporibus</span> <span class='ocrx_word' id='word_1_65' title='bbox 713 684 790 709; x_wconf 87' lang='lat' dir='ltr'>non</span> <span class='ocrx_word' id='word_1_66' title='bbox 820 669 989 723; x_wconf 84' lang='lat' dir='ltr'>pudebat</span> <span class='ocrx_word' id='word_1_67' title='bbox 1015 668 1256 722; x_wconf 75' lang='lat' dir='ltr'>magistratus</span> <span class='ocrx_word' id='word_1_68' title='bbox 1286 668 1423 721; x_wconf 82' lang='lat' dir='ltr'>populi</span> <span class='ocrx_word' id='word_1_69' title='bbox 1443 667 1630 710; x_wconf 87' lang='lat' dir='ltr'>Romani,</span> <span class='ocrx_word' id='word_1_70' title='bbox 1666 668 1706 704; x_wconf 80' lang='lat' dir='ltr'>in</span> 
     </span>
     <span class='ocr_line' id='line_1_9' title="bbox 312 734 1707 792; baseline -0.003 -16"><span class='ocrx_word' id='word_1_71' title='bbox 312 738 419 777; x_wconf 90' lang='lat' dir='ltr'>hunc</span> <span class='ocrx_word' id='word_1_72' title='bbox 438 739 566 792; x_wconf 89' lang='lat' dir='ltr'>ipsum</span> <span class='ocrx_word' id='word_1_73' title='bbox 586 738 718 777; x_wconf 87' lang='lat' dir='ltr'>locum</span> <span class='ocrx_word' id='word_1_74' title='bbox 740 737 951 781; x_wconf 83' lang='lat' dir='ltr'>ascendere,</span> <span class='ocrx_word' id='word_1_75' title='bbox 966 750 1061 777; x_wconf 74' lang='lat' dir='ltr'>cum</span> <span class='ocrx_word' id='word_1_76' title='bbox 1076 750 1167 775; x_wconf 87' lang='lat' dir='ltr'>eum</span> <span class='ocrx_word' id='word_1_77' title='bbox 1181 735 1292 774; x_wconf 74' lang='lat' dir='ltr'>vobis</span> <span class='ocrx_word' id='word_1_78' title='bbox 1307 735 1469 788; x_wconf 83' lang='lat' dir='ltr'>majores</span> <span class='ocrx_word' id='word_1_79' title='bbox 1486 734 1597 773; x_wconf 87' lang='lat' dir='ltr'>vestri</span> <span class='ocrx_word' id='word_1_80' title='bbox 1613 747 1707 772; x_wconf 82' lang='lat' dir='ltr'>exu-</span> 
     </span>
     <span class='ocr_line' id='line_1_10' title="bbox 311 801 1473 857; baseline -0.003 -13"><span class='ocrx_word' id='word_1_81' title='bbox 311 805 383 845; x_wconf 75' lang='lat' dir='ltr'>viis</span> <span class='ocrx_word' id='word_1_82' title='bbox 400 806 582 851; x_wconf 82' lang='lat' dir='ltr'><strong>nauticis,</strong></span> <span class='ocrx_word' id='word_1_83' title='bbox 603 814 642 844; x_wconf 89' lang='lat' dir='ltr'>et</span> <span class='ocrx_word' id='word_1_84' title='bbox 662 805 834 844; x_wconf 84' lang='lat' dir='ltr'>claffium</span> <span class='ocrx_word' id='word_1_85' title='bbox 855 803 1001 857; x_wconf 81' lang='lat' dir='ltr'>spoliiS,</span> <span class='ocrx_word' id='word_1_86' title='bbox 1022 812 1202 842; x_wconf 83' lang='lat' dir='ltr'>ornatum</span> <span class='ocrx_word' id='word_1_87' title='bbox 1223 801 1473 855; x_wconf 84' lang='lat' dir='ltr'>reliquiffent.</span> 
     </span>
    </p>

    <p class='ocr_par' dir='ltr' id='par_1_3' title="bbox 311 868 1713 1392">
     <span class='ocr_line' id='line_1_11' title="bbox 367 868 1708 923; baseline -0.004 -12"><span class='ocrx_word' id='word_1_88' title='bbox 367 873 481 913; x_wconf 91' lang='lat' dir='ltr'>XIX.</span> <span class='ocrx_word' id='word_1_89' title='bbox 514 873 624 913; x_wconf 84' lang='lat' dir='ltr'>Bono</span> <span class='ocrx_word' id='word_1_90' title='bbox 642 880 682 911; x_wconf 80' lang='lat' dir='ltr'>te</span> <span class='ocrx_word' id='word_1_91' title='bbox 706 872 839 911; x_wconf 77' lang='lat' dir='ltr'>animo</span> <span class='ocrx_word' id='word_1_92' title='bbox 859 879 961 915; x_wconf 87' lang='lat' dir='ltr'>tum,</span> <span class='ocrx_word' id='word_1_93' title='bbox 990 869 1270 923; x_wconf 73' lang='lat' dir='ltr'>QHortenfi,</span> <span class='ocrx_word' id='word_1_94' title='bbox 1301 868 1470 922; x_wconf 87' lang='lat' dir='ltr'>populus</span> <span class='ocrx_word' id='word_1_95' title='bbox 1491 868 1708 911; x_wconf 80' lang='lat' dir='ltr'>Romanus,</span> 
     </span>
     <span class='ocr_line' id='line_1_12' title="bbox 311 926 1709 991; baseline -0.003 -15"><span class='ocrx_word' id='word_1_96' title='bbox 311 947 352 976; x_wconf 89' lang='lat' dir='ltr'>et</span> <span class='ocrx_word' id='word_1_97' title='bbox 369 926 552 984; x_wconf 74' lang='lat' dir='ltr'>caeteros,</span> <span class='ocrx_word' id='word_1_98' title='bbox 571 939 644 991; x_wconf 57' lang='lat' dir='ltr'>,qui</span> <span class='ocrx_word' id='word_1_99' title='bbox 663 946 769 978; x_wconf 83' lang='lat' dir='ltr'>erant</span> <span class='ocrx_word' id='word_1_100' title='bbox 799 938 841 978; x_wconf 86' lang='lat' dir='ltr'>in</span> <span class='ocrx_word' id='word_1_101' title='bbox 870 937 1005 977; x_wconf 78' lang='lat' dir='ltr'>eadem</span> <span class='ocrx_word' id='word_1_102' title='bbox 1026 936 1224 981; x_wconf 75' lang='lat' dir='ltr'>sententia,</span> <span class='ocrx_word' id='word_1_103' title='bbox 1245 935 1371 975; x_wconf 83' lang='lat' dir='ltr'>dicere</span> <span class='ocrx_word' id='word_1_104' title='bbox 1390 935 1623 974; x_wconf 83' lang='lat' dir='ltr'>existimavit</span> <span class='ocrx_word' id='word_1_105' title='bbox 1655 947 1709 978; x_wconf 74' lang='lat' dir='ltr'>ea,</span> 
     </span>
     <span class='ocr_line' id='line_1_13' title="bbox 313 1001 1710 1057; baseline -0.004 -13"><span class='ocrx_word' id='word_1_106' title='bbox 313 1018 400 1057; x_wconf 81' lang='lat' dir='ltr'>quae</span> <span class='ocrx_word' id='word_1_107' title='bbox 419 1005 665 1049; x_wconf 85' lang='lat' dir='ltr'>sentiebatis;</span> <span class='ocrx_word' id='word_1_108' title='bbox 697 1004 760 1043; x_wconf 76' lang='lat' dir='ltr'>sed</span> <span class='ocrx_word' id='word_1_109' title='bbox 788 1013 921 1044; x_wconf 72' lang='lat' dir='ltr'>tamen</span> <span class='ocrx_word' id='word_1_110' title='bbox 950 1004 993 1041; x_wconf 84' lang='lat' dir='ltr'>in</span> <span class='ocrx_word' id='word_1_111' title='bbox 1024 1003 1145 1044; x_wconf 79' lang='lat' dir='ltr'>salute</span> <span class='ocrx_word' id='word_1_112' title='bbox 1170 1002 1377 1042; x_wconf 79' lang='lat' dir='ltr'>communi</span> <span class='ocrx_word' id='word_1_113' title='bbox 1407 1002 1512 1040; x_wconf 89' lang='lat' dir='ltr'>idern</span> <span class='ocrx_word' id='word_1_114' title='bbox 1544 1001 1710 1054; x_wconf 83' lang='lat' dir='ltr'>populus</span> 
     </span>
     <span class='ocr_line' id='line_1_14' title="bbox 314 1068 1711 1121; baseline -0.004 -11"><span class='ocrx_word' id='word_1_115' title='bbox 314 1072 516 1112; x_wconf 81' lang='lat' dir='ltr'>Romanus</span> <span class='ocrx_word' id='word_1_116' title='bbox 535 1070 661 1110; x_wconf 82' lang='lat' dir='ltr'>dolori</span> <span class='ocrx_word' id='word_1_117' title='bbox 691 1070 758 1108; x_wconf 82' lang='lat' dir='ltr'>suo</span> <span class='ocrx_word' id='word_1_118' title='bbox 777 1069 930 1114; x_wconf 71' lang='lat' dir='ltr'>maluit,</span> <span class='ocrx_word' id='word_1_119' title='bbox 952 1082 1072 1121; x_wconf 85' lang='lat' dir='ltr'>quam</span> <span class='ocrx_word' id='word_1_120' title='bbox 1091 1068 1310 1108; x_wconf 65' lang='lat' dir='ltr'>austeritati</span> <span class='ocrx_word' id='word_1_121' title='bbox 1330 1068 1471 1112; x_wconf 77' lang='lat' dir='ltr'>vestrae‚</span> <span class='ocrx_word' id='word_1_122' title='bbox 1504 1069 1711 1120; x_wconf 87' lang='lat' dir='ltr'>obtempe-</span> 
     </span>
     <span class='ocr_line' id='line_1_15' title="bbox 313 1131 1713 1190; baseline -0.004 -13"><span class='ocrx_word' id='word_1_123' title='bbox 313 1151 407 1177; x_wconf 79' lang='lat' dir='ltr'>rare.</span> <span class='ocrx_word' id='word_1_124' title='bbox 429 1139 566 1190; x_wconf 72' lang='lat' dir='ltr'>Itaque</span> <span class='ocrx_word' id='word_1_125' title='bbox 586 1150 661 1175; x_wconf 85' lang='lat' dir='ltr'>una</span> <span class='ocrx_word' id='word_1_126' title='bbox 679 1136 756 1180; x_wconf 82' lang='lat' dir='ltr'>lex,</span> <span class='ocrx_word' id='word_1_127' title='bbox 790 1149 889 1175; x_wconf 85' lang='lat' dir='ltr'>unns</span> <span class='ocrx_word' id='word_1_128' title='bbox 910 1136 981 1180; x_wconf 91' lang='lat' dir='ltr'>vir,</span> <span class='ocrx_word' id='word_1_129' title='bbox 1018 1148 1117 1174; x_wconf 75' lang='lat' dir='ltr'>unus</span> <span class='ocrx_word' id='word_1_130' title='bbox 1137 1147 1274 1179; x_wconf 83' lang='lat' dir='ltr'>annus,</span> <span class='ocrx_word' id='word_1_131' title='bbox 1307 1131 1387 1172; x_wconf 72' lang='lat' dir='ltr'>non</span> <span class='ocrx_word' id='word_1_132' title='bbox 1405 1134 1526 1173; x_wconf 76' lang='lat' dir='ltr'>modo</span> <span class='ocrx_word' id='word_1_133' title='bbox 1547 1148 1615 1175; x_wconf 89' lang='lat' dir='ltr'>nos</span> <span class='ocrx_word' id='word_1_134' title='bbox 1647 1134 1713 1172; x_wconf 77' lang='lat' dir='ltr'>illa</span> 
     </span>
     <span class='ocr_line' id='line_1_16' title="bbox 313 1200 1712 1257; baseline -0.004 -12"><span class='ocrx_word' id='word_1_135' title='bbox 313 1205 466 1245; x_wconf 65' lang='lat' dir='ltr'>miseria</span> <span class='ocrx_word' id='word_1_136' title='bbox 484 1217 527 1242; x_wconf 75' lang='lat' dir='ltr'>ac</span> <span class='ocrx_word' id='word_1_137' title='bbox 546 1203 789 1257; x_wconf 78' lang='lat' dir='ltr'><strong>turpitudine</strong></span> <span class='ocrx_word' id='word_1_138' title='bbox 808 1203 986 1241; x_wconf 84' lang='lat' dir='ltr'>liberavit</span> <span class='ocrx_word' id='word_1_139' title='bbox 1002 1220 1014 1247; x_wconf 85' lang='lat'>;</span> <span class='ocrx_word' id='word_1_140' title='bbox 1046 1201 1245 1240; x_wconf 81' lang='lat' dir='ltr'>sedetiam</span> <span class='ocrx_word' id='word_1_141' title='bbox 1265 1200 1410 1246; x_wconf 76' lang='lat' dir='ltr'>effecit,</span> <span class='ocrx_word' id='word_1_142' title='bbox 1443 1210 1487 1239; x_wconf 83' lang='lat' dir='ltr'>ut</span> <span class='ocrx_word' id='word_1_143' title='bbox 1505 1201 1712 1254; x_wconf 75' lang='lat' dir='ltr'>aliquando</span> 
     </span>
     <span class='ocr_line' id='line_1_17' title="bbox 314 1267 1710 1323; baseline -0.004 -12"><span class='ocrx_word' id='word_1_144' title='bbox 314 1285 400 1311; x_wconf 85' lang='lat' dir='ltr'>vere</span> <span class='ocrx_word' id='word_1_145' title='bbox 419 1271 638 1310; x_wconf 67' lang='lat' dir='ltr'>videremur</span> <span class='ocrx_word' id='word_1_146' title='bbox 666 1269 851 1311; x_wconf 83' lang='lat' dir='ltr'>omnibus</span> <span class='ocrx_word' id='word_1_147' title='bbox 869 1269 1053 1323; x_wconf 74' lang='lat' dir='ltr'>gentibus</span> <span class='ocrx_word' id='word_1_148' title='bbox 1074 1282 1117 1307; x_wconf 79' lang='lat' dir='ltr'>ac</span> <span class='ocrx_word' id='word_1_149' title='bbox 1135 1267 1376 1313; x_wconf 84' lang='lat' dir='ltr'>nationibus,</span> <span class='ocrx_word' id='word_1_150' title='bbox 1404 1276 1501 1307; x_wconf 86' lang='lat' dir='ltr'>terra</span> <span class='ocrx_word' id='word_1_151' title='bbox 1519 1269 1710 1321; x_wconf 79' lang='lat' dir='ltr'>marique,</span> 
     </span>
     <span class='ocr_line' id='line_1_18' title="bbox 314 1339 515 1392; baseline 0 -15"><span class='ocrx_word' id='word_1_152' title='bbox 314 1339 515 1392; x_wconf 75' lang='lat' dir='ltr'>imperare.</span> 
     </span>
    </p>

    <p class='ocr_par' dir='ltr' id='par_1_4' title="bbox 288 1402 1718 2521">
     <span class='ocr_line' id='line_1_19' title="bbox 370 1402 1711 1457; baseline -0.004 -11"><span class='ocrx_word' id='word_1_153' title='bbox 370 1407 466 1457; x_wconf 83' lang='lat' dir='ltr'>Qo</span> <span class='ocrx_word' id='word_1_154' title='bbox 489 1404 591 1445; x_wconf 79' lang='lat' dir='ltr'>mihi</span> <span class='ocrx_word' id='word_1_155' title='bbox 623 1405 742 1445; x_wconf 78' lang='lat' dir='ltr'>etiam</span> <span class='ocrx_word' id='word_1_156' title='bbox 759 1404 960 1457; x_wconf 73' lang='lat' dir='ltr'>indignius</span> <span class='ocrx_word' id='word_1_157' title='bbox 991 1403 1145 1443; x_wconf 83' lang='lat' dir='ltr'>videtur</span> <span class='ocrx_word' id='word_1_158' title='bbox 1175 1403 1433 1442; x_wconf 68' lang='lat' dir='ltr'>obtreetatum</span> <span class='ocrx_word' id='word_1_159' title='bbox 1464 1402 1540 1441; x_wconf 73' lang='lat' dir='ltr'>effe</span> <span class='ocrx_word' id='word_1_160' title='bbox 1570 1402 1711 1448; x_wconf 86' lang='lat' dir='ltr'>adhuc,</span> 
     </span>
     <span class='ocr_line' id='line_1_20' title="bbox 317 1469 1710 1525; baseline -0.003 -14"><span class='ocrx_word' id='word_1_161' title='bbox 317 1474 489 1512; x_wconf 86' lang='lat' dir='ltr'>Gabinio</span> <span class='ocrx_word' id='word_1_162' title='bbox 504 1473 646 1518; x_wconf 86' lang='lat' dir='ltr'>dicam,</span> <span class='ocrx_word' id='word_1_163' title='bbox 663 1486 761 1511; x_wconf 89' lang='lat' dir='ltr'>anne</span> <span class='ocrx_word' id='word_1_164' title='bbox 774 1471 978 1525; x_wconf 86' lang='lat' dir='ltr'>Pompeio,</span> <span class='ocrx_word' id='word_1_165' title='bbox 996 1484 1044 1509; x_wconf 86' lang='lat' dir='ltr'>an</span> <span class='ocrx_word' id='word_1_166' title='bbox 1059 1470 1215 1523; x_wconf 77' lang='lat' dir='ltr'>utrique</span> <span class='ocrx_word' id='word_1_167' title='bbox 1234 1471 1246 1508; x_wconf 91' lang='lat'>?</span> <span class='ocrx_word' id='word_1_168' title='bbox 1264 1470 1327 1522; x_wconf 79' lang='lat' dir='ltr'>(id</span> <span class='ocrx_word' id='word_1_169' title='bbox 1346 1469 1452 1523; x_wconf 88' lang='lat' dir='ltr'>quod</span> <span class='ocrx_word' id='word_1_170' title='bbox 1465 1469 1519 1507; x_wconf 87' lang='lat' dir='ltr'>est</span> <span class='ocrx_word' id='word_1_171' title='bbox 1538 1470 1664 1508; x_wconf 88' lang='lat' dir='ltr'>verius</span> <span class='ocrx_word' id='word_1_172' title='bbox 1680 1470 1710 1521; x_wconf 81' lang='lat' dir='ltr'>z)</span> 
     </span>
     <span class='ocr_line' id='line_1_21' title="bbox 315 1535 1710 1592; baseline -0.004 -14"><span class='ocrx_word' id='word_1_173' title='bbox 315 1552 364 1577; x_wconf 84' lang='lat' dir='ltr'>ne</span> <span class='ocrx_word' id='word_1_174' title='bbox 391 1539 581 1592; x_wconf 84' lang='lat' dir='ltr'>legaretur</span> <span class='ocrx_word' id='word_1_175' title='bbox 601 1539 652 1578; x_wconf 91' lang='lat' dir='ltr'>A.</span> <span class='ocrx_word' id='word_1_176' title='bbox 672 1537 870 1577; x_wconf 80' lang='lat' dir='ltr'>Gabinius</span> <span class='ocrx_word' id='word_1_177' title='bbox 892 1538 970 1576; x_wconf 87' lang='lat' dir='ltr'>Cn.</span> <span class='ocrx_word' id='word_1_178' title='bbox 994 1536 1184 1588; x_wconf 87' lang='lat' dir='ltr'>Pompeio</span> <span class='ocrx_word' id='word_1_179' title='bbox 1202 1536 1398 1589; x_wconf 84' lang='lat' dir='ltr'>expetenti</span> <span class='ocrx_word' id='word_1_180' title='bbox 1424 1549 1467 1574; x_wconf 85' lang='lat' dir='ltr'>ac</span> <span class='ocrx_word' id='word_1_181' title='bbox 1486 1535 1710 1588; x_wconf 85' lang='lat' dir='ltr'>postulanti.</span> 
     </span>
     <span class='ocr_line' id='line_1_22' title="bbox 316 1601 1710 1657; baseline -0.002 -14"><span class='ocrx_word' id='word_1_182' title='bbox 316 1606 464 1643; x_wconf 88' lang='lat' dir='ltr'>Utrum</span> <span class='ocrx_word' id='word_1_183' title='bbox 484 1605 564 1650; x_wconf 86' lang='lat' dir='ltr'>ille,</span> <span class='ocrx_word' id='word_1_184' title='bbox 582 1605 650 1656; x_wconf 87' lang='lat' dir='ltr'>qui</span> <span class='ocrx_word' id='word_1_185' title='bbox 670 1604 835 1657; x_wconf 76' lang='lat' dir='ltr'>postulat</span> <span class='ocrx_word' id='word_1_186' title='bbox 854 1603 1028 1655; x_wconf 80' lang='lat' dir='ltr'>legatum</span> <span class='ocrx_word' id='word_1_187' title='bbox 1048 1601 1095 1640; x_wconf 85' lang='lat' dir='ltr'>ad</span> <span class='ocrx_word' id='word_1_188' title='bbox 1111 1610 1263 1640; x_wconf 85' lang='lat' dir='ltr'>tantum</span> <span class='ocrx_word' id='word_1_189' title='bbox 1281 1602 1443 1647; x_wconf 87' lang='lat' dir='ltr'>bellum,</span> <span class='ocrx_word' id='word_1_190' title='bbox 1464 1616 1584 1654; x_wconf 89' lang='lat' dir='ltr'>quem</span> <span class='ocrx_word' id='word_1_191' title='bbox 1604 1602 1710 1647; x_wconf 88' lang='lat' dir='ltr'>velit,</span> 
     </span>
     <span class='ocr_line' id='line_1_23' title="bbox 316 1668 1712 1723; baseline -0.003 -13"><span class='ocrx_word' id='word_1_192' title='bbox 316 1671 477 1710; x_wconf 86' lang='lat' dir='ltr'>idoneus</span> <span class='ocrx_word' id='word_1_193' title='bbox 496 1685 575 1709; x_wconf 84' lang='lat' dir='ltr'>non</span> <span class='ocrx_word' id='word_1_194' title='bbox 592 1670 662 1715; x_wconf 78' lang='lat' dir='ltr'>est,</span> <span class='ocrx_word' id='word_1_195' title='bbox 695 1670 763 1723; x_wconf 89' lang='lat' dir='ltr'>qui</span> <span class='ocrx_word' id='word_1_196' title='bbox 782 1670 980 1722; x_wconf 79' lang='lat' dir='ltr'>impetret,</span> <span class='ocrx_word' id='word_1_197' title='bbox 1011 1682 1104 1706; x_wconf 87' lang='lat' dir='ltr'>cum</span> <span class='ocrx_word' id='word_1_198' title='bbox 1125 1668 1250 1706; x_wconf 86' lang='lat' dir='ltr'>caeteri</span> <span class='ocrx_word' id='word_1_199' title='bbox 1278 1668 1324 1706; x_wconf 85' lang='lat' dir='ltr'>ad</span> <span class='ocrx_word' id='word_1_200' title='bbox 1344 1668 1569 1721; x_wconf 82' lang='lat' dir='ltr'>expilandos</span> <span class='ocrx_word' id='word_1_201' title='bbox 1590 1668 1712 1707; x_wconf 83' lang='lat' dir='ltr'>socios</span> 
     </span>
     <span class='ocr_line' id='line_1_24' title="bbox 315 1735 1713 1791; baseline -0.003 -14"><span class='ocrx_word' id='word_1_202' title='bbox 315 1737 622 1791; x_wconf 79' lang='lat' dir='ltr'>diripiendasque</span> <span class='ocrx_word' id='word_1_203' title='bbox 641 1736 871 1789; x_wconf 83' lang='lat' dir='ltr'>provincias,</span> <span class='ocrx_word' id='word_1_204' title='bbox 894 1749 990 1788; x_wconf 86' lang='lat' dir='ltr'>quos</span> <span class='ocrx_word' id='word_1_205' title='bbox 1011 1735 1228 1781; x_wconf 84' lang='lat' dir='ltr'>voluerunt,</span> <span class='ocrx_word' id='word_1_206' title='bbox 1252 1735 1395 1787; x_wconf 73' lang='lat' dir='ltr'>legatos</span> <span class='ocrx_word' id='word_1_207' title='bbox 1411 1735 1640 1779; x_wconf 73' lang='lat' dir='ltr'>eduxerint3</span> <span class='ocrx_word' id='word_1_208' title='bbox 1666 1749 1713 1773; x_wconf 76' lang='lat' dir='ltr'>an</span> 
     </span>
     <span class='ocr_line' id='line_1_25' title="bbox 316 1801 1712 1858; baseline -0.002 -15"><span class='ocrx_word' id='word_1_209' title='bbox 316 1805 408 1858; x_wconf 88' lang='lat' dir='ltr'>ipse,</span> <span class='ocrx_word' id='word_1_210' title='bbox 430 1805 543 1857; x_wconf 83' lang='lat' dir='ltr'>cujus</span> <span class='ocrx_word' id='word_1_211' title='bbox 565 1804 648 1856; x_wconf 83' lang='lat' dir='ltr'>lege</span> <span class='ocrx_word' id='word_1_212' title='bbox 667 1803 764 1843; x_wconf 74' lang='lat' dir='ltr'>salus</span> <span class='ocrx_word' id='word_1_213' title='bbox 786 1817 828 1841; x_wconf 83' lang='lat' dir='ltr'>ac</span> <span class='ocrx_word' id='word_1_214' title='bbox 849 1803 1015 1856; x_wconf 84' lang='lat' dir='ltr'>dignitas</span> <span class='ocrx_word' id='word_1_215' title='bbox 1034 1802 1182 1855; x_wconf 84' lang='lat' dir='ltr'>populo</span> <span class='ocrx_word' id='word_1_216' title='bbox 1199 1803 1379 1840; x_wconf 86' lang='lat' dir='ltr'>Romano</span> <span class='ocrx_word' id='word_1_217' title='bbox 1394 1811 1508 1853; x_wconf 83' lang='lat' dir='ltr'>atque</span> <span class='ocrx_word' id='word_1_218' title='bbox 1527 1801 1712 1840; x_wconf 79' lang='lat' dir='ltr'>omnibus</span> 
     </span>
     <span class='ocr_line' id='line_1_26' title="bbox 315 1867 1712 1925; baseline -0.003 -15"><span class='ocrx_word' id='word_1_219' title='bbox 315 1871 496 1925; x_wconf 84' lang='lat' dir='ltr'>gentibus</span> <span class='ocrx_word' id='word_1_220' title='bbox 516 1870 724 1909; x_wconf 83' lang='lat' dir='ltr'>constituta</span> <span class='ocrx_word' id='word_1_221' title='bbox 745 1869 810 1915; x_wconf 88' lang='lat' dir='ltr'>est,</span> <span class='ocrx_word' id='word_1_222' title='bbox 828 1883 961 1923; x_wconf 75' lang='lat' dir='ltr'>expers</span> <span class='ocrx_word' id='word_1_223' title='bbox 983 1869 1055 1908; x_wconf 87' lang='lat' dir='ltr'>effe</span> <span class='ocrx_word' id='word_1_224' title='bbox 1071 1868 1186 1907; x_wconf 87' lang='lat' dir='ltr'>debet</span> <span class='ocrx_word' id='word_1_225' title='bbox 1204 1867 1336 1921; x_wconf 86' lang='lat' dir='ltr'>gloriae</span> <span class='ocrx_word' id='word_1_226' title='bbox 1355 1868 1436 1919; x_wconf 82' lang='lat' dir='ltr'>ejus</span> <span class='ocrx_word' id='word_1_227' title='bbox 1457 1867 1712 1920; x_wconf 81' lang='lat' dir='ltr'>imperatoris,</span> 
     </span>
     <span class='ocr_line' id='line_1_27' title="bbox 315 1934 1712 1991; baseline -0.004 -14"><span class='ocrx_word' id='word_1_228' title='bbox 315 1948 431 1991; x_wconf 86' lang='lat' dir='ltr'>atque</span> <span class='ocrx_word' id='word_1_229' title='bbox 451 1939 532 1990; x_wconf 88' lang='lat' dir='ltr'>ejus</span> <span class='ocrx_word' id='word_1_230' title='bbox 551 1938 756 1984; x_wconf 78' lang='lat' dir='ltr'>exercitus,</span> <span class='ocrx_word' id='word_1_231' title='bbox 789 1937 858 1989; x_wconf 88' lang='lat' dir='ltr'>qui</span> <span class='ocrx_word' id='word_1_232' title='bbox 878 1936 1039 1976; x_wconf 71' lang='lat' dir='ltr'>consilio</span> <span class='ocrx_word' id='word_1_233' title='bbox 1068 1935 1184 1989; x_wconf 79' lang='lat' dir='ltr'>ipfius</span> <span class='ocrx_word' id='word_1_234' title='bbox 1204 1945 1319 1988; x_wconf 83' lang='lat' dir='ltr'>atque</span> <span class='ocrx_word' id='word_1_235' title='bbox 1340 1934 1512 1988; x_wconf 81' lang='lat' dir='ltr'>periculo</span> <span class='ocrx_word' id='word_1_236' title='bbox 1541 1934 1593 1973; x_wconf 83' lang='lat' dir='ltr'>est</span> <span class='ocrx_word' id='word_1_237' title='bbox 1616 1948 1712 1973; x_wconf 87' lang='lat' dir='ltr'>con-</span> 
     </span>
     <span class='ocr_line' id='line_1_28' title="bbox 316 2001 1712 2055; baseline -0.003 -12"><span class='ocrx_word' id='word_1_238' title='bbox 316 2005 499 2044; x_wconf 86' lang='lat' dir='ltr'>stitutus?</span> <span class='ocrx_word' id='word_1_239' title='bbox 530 2005 596 2043; x_wconf 90' lang='lat' dir='ltr'>An</span> <span class='ocrx_word' id='word_1_240' title='bbox 619 2005 672 2042; x_wconf 85' lang='lat' dir='ltr'>C.</span> <span class='ocrx_word' id='word_1_241' title='bbox 693 2004 904 2049; x_wconf 76' lang='lat' dir='ltr'>Falcidius,</span> <span class='ocrx_word' id='word_1_242' title='bbox 926 2003 1203 2055; x_wconf 76' lang='lat' dir='ltr'>QMetellus,</span> <span class='ocrx_word' id='word_1_243' title='bbox 1226 2002 1447 2055; x_wconf 72' lang='lat' dir='ltr'>QCaelius</span> <span class='ocrx_word' id='word_1_244' title='bbox 1466 2001 1712 2047; x_wconf 82' lang='lat' dir='ltr'>Latinienfis,</span> 
     </span>
     <span class='ocr_line' id='line_1_29' title="bbox 318 2069 1715 2124; baseline -0.004 -13"><span class='ocrx_word' id='word_1_245' title='bbox 318 2074 394 2111; x_wconf 89' lang='lat' dir='ltr'>Cn.</span> <span class='ocrx_word' id='word_1_246' title='bbox 414 2071 621 2116; x_wconf 78' lang='lat' dir='ltr'>Lentulus,</span> <span class='ocrx_word' id='word_1_247' title='bbox 654 2085 751 2124; x_wconf 83' lang='lat' dir='ltr'>quos</span> <span class='ocrx_word' id='word_1_248' title='bbox 773 2084 905 2109; x_wconf 88' lang='lat' dir='ltr'>omnes</span> <span class='ocrx_word' id='word_1_249' title='bbox 928 2070 1087 2110; x_wconf 85' lang='lat' dir='ltr'>honoris</span> <span class='ocrx_word' id='word_1_250' title='bbox 1112 2071 1222 2109; x_wconf 75' lang='lat' dir='ltr'>causa</span> <span class='ocrx_word' id='word_1_251' title='bbox 1241 2070 1418 2113; x_wconf 88' lang='lat' dir='ltr'>nomino,</span> <span class='ocrx_word' id='word_1_252' title='bbox 1452 2083 1544 2107; x_wconf 86' lang='lat' dir='ltr'>cum</span> <span class='ocrx_word' id='word_1_253' title='bbox 1566 2069 1715 2107; x_wconf 89' lang='lat' dir='ltr'>tribuni</span> 
     </span>
     <span class='ocr_line' id='line_1_30' title="bbox 319 2135 1715 2192; baseline -0.004 -15"><span class='ocrx_word' id='word_1_254' title='bbox 319 2139 441 2192; x_wconf 88' lang='lat' dir='ltr'>plebis</span> <span class='ocrx_word' id='word_1_255' title='bbox 460 2137 632 2183; x_wconf 74' lang='lat' dir='ltr'>fuissent,</span> <span class='ocrx_word' id='word_1_256' title='bbox 663 2152 764 2176; x_wconf 86' lang='lat' dir='ltr'>anno</span> <span class='ocrx_word' id='word_1_257' title='bbox 784 2139 964 2191; x_wconf 74' lang='lat' dir='ltr'>proximo</span> <span class='ocrx_word' id='word_1_258' title='bbox 985 2138 1100 2190; x_wconf 73' lang='lat' dir='ltr'>legati</span> <span class='ocrx_word' id='word_1_259' title='bbox 1121 2137 1192 2176; x_wconf 82' lang='lat' dir='ltr'>effe</span> <span class='ocrx_word' id='word_1_260' title='bbox 1209 2146 1446 2190; x_wconf 85' lang='lat' dir='ltr'>potuerunt:</span> <span class='ocrx_word' id='word_1_261' title='bbox 1479 2136 1520 2173; x_wconf 84' lang='lat' dir='ltr'>in</span> <span class='ocrx_word' id='word_1_262' title='bbox 1540 2135 1616 2173; x_wconf 88' lang='lat' dir='ltr'>hoc</span> <span class='ocrx_word' id='word_1_263' title='bbox 1636 2146 1715 2173; x_wconf 87' lang='lat' dir='ltr'>uno</span> 
     </span>
     <span class='ocr_line' id='line_1_31' title="bbox 319 2202 1714 2257; baseline -0.001 -16"><span class='ocrx_word' id='word_1_264' title='bbox 319 2205 491 2243; x_wconf 88' lang='lat' dir='ltr'>Gabinio</span> <span class='ocrx_word' id='word_1_265' title='bbox 510 2204 599 2243; x_wconf 89' lang='lat' dir='ltr'>sunt</span> <span class='ocrx_word' id='word_1_266' title='bbox 619 2213 698 2243; x_wconf 87' lang='lat' dir='ltr'>tam</span> <span class='ocrx_word' id='word_1_267' title='bbox 720 2205 938 2257; x_wconf 80' lang='lat' dir='ltr'>diligentes,</span> <span class='ocrx_word' id='word_1_268' title='bbox 961 2205 1029 2256; x_wconf 83' lang='lat' dir='ltr'>qui</span> <span class='ocrx_word' id='word_1_269' title='bbox 1051 2204 1090 2241; x_wconf 88' lang='lat' dir='ltr'>in</span> <span class='ocrx_word' id='word_1_270' title='bbox 1110 2203 1186 2242; x_wconf 87' lang='lat' dir='ltr'>hoc</span> <span class='ocrx_word' id='word_1_271' title='bbox 1207 2203 1326 2248; x_wconf 81' lang='lat' dir='ltr'>bello,</span> <span class='ocrx_word' id='word_1_272' title='bbox 1355 2202 1459 2255; x_wconf 86' lang='lat' dir='ltr'>quod</span> <span class='ocrx_word' id='word_1_273' title='bbox 1482 2202 1568 2254; x_wconf 84' lang='lat' dir='ltr'>lege</span> <span class='ocrx_word' id='word_1_274' title='bbox 1587 2202 1714 2239; x_wconf 82' lang='lat' dir='ltr'>Gabi-</span> 
     </span>
     <span class='ocr_line' id='line_1_32' title="bbox 320 2266 1715 2323; baseline -0.002 -16"><span class='ocrx_word' id='word_1_275' title='bbox 320 2270 382 2308; x_wconf 89' lang='lat' dir='ltr'>nia</span> <span class='ocrx_word' id='word_1_276' title='bbox 401 2272 559 2322; x_wconf 73' lang='lat' dir='ltr'>geritur,</span> <span class='ocrx_word' id='word_1_277' title='bbox 590 2271 632 2309; x_wconf 87' lang='lat' dir='ltr'>in</span> <span class='ocrx_word' id='word_1_278' title='bbox 652 2270 727 2309; x_wconf 88' lang='lat' dir='ltr'>hoc</span> <span class='ocrx_word' id='word_1_279' title='bbox 747 2272 977 2323; x_wconf 82' lang='lat' dir='ltr'>imperatore</span> <span class='ocrx_word' id='word_1_280' title='bbox 997 2279 1112 2322; x_wconf 82' lang='lat' dir='ltr'>atque</span> <span class='ocrx_word' id='word_1_281' title='bbox 1138 2269 1323 2314; x_wconf 83' lang='lat' dir='ltr'>exercitu,</span> <span class='ocrx_word' id='word_1_282' title='bbox 1358 2282 1476 2321; x_wconf 87' lang='lat' dir='ltr'>quem</span> <span class='ocrx_word' id='word_1_283' title='bbox 1498 2281 1565 2320; x_wconf 88' lang='lat' dir='ltr'>per</span> <span class='ocrx_word' id='word_1_284' title='bbox 1584 2267 1618 2304; x_wconf 87' lang='lat' dir='ltr'>se</span> <span class='ocrx_word' id='word_1_285' title='bbox 1638 2266 1715 2318; x_wconf 84' lang='lat' dir='ltr'>ipse</span> 
     </span>
     <span class='ocr_line' id='line_1_33' title="bbox 320 2332 1717 2390; baseline -0.002 -16"><span class='ocrx_word' id='word_1_286' title='bbox 320 2336 534 2380; x_wconf 86' lang='lat' dir='ltr'>constituit,</span> <span class='ocrx_word' id='word_1_287' title='bbox 567 2337 683 2375; x_wconf 80' lang='lat' dir='ltr'>etlam</span> <span class='ocrx_word' id='word_1_288' title='bbox 720 2338 912 2390; x_wconf 77' lang='lat' dir='ltr'>praeeipuo</span> <span class='ocrx_word' id='word_1_289' title='bbox 939 2338 1024 2389; x_wconf 82' lang='lat' dir='ltr'>jure</span> <span class='ocrx_word' id='word_1_290' title='bbox 1044 2337 1115 2375; x_wconf 80' lang='lat' dir='ltr'>effe</span> <span class='ocrx_word' id='word_1_291' title='bbox 1135 2335 1317 2375; x_wconf 84' lang='lat' dir='ltr'>deberet?</span> <span class='ocrx_word' id='word_1_292' title='bbox 1349 2336 1412 2373; x_wconf 85' lang='lat' dir='ltr'>De</span> <span class='ocrx_word' id='word_1_293' title='bbox 1444 2348 1522 2386; x_wconf 86' lang='lat' dir='ltr'>quo</span> <span class='ocrx_word' id='word_1_294' title='bbox 1553 2332 1717 2384; x_wconf 80' lang='lat' dir='ltr'>legando</span> 
     </span>
     <span class='ocr_line' id='line_1_34' title="bbox 288 2400 1718 2455; baseline -0.002 -16"><span class='ocrx_word' id='word_1_295' title='bbox 288 2446 292 2451; x_wconf 27' lang='grc' dir='ltr'><em>ι</em></span> <span class='ocrx_word' id='word_1_296' title='bbox 321 2402 427 2455; x_wconf 86' lang='lat' dir='ltr'>spero</span> <span class='ocrx_word' id='word_1_297' title='bbox 453 2401 639 2440; x_wconf 86' lang='lat' dir='ltr'>Consules</span> <span class='ocrx_word' id='word_1_298' title='bbox 670 2404 716 2440; x_wconf 84' lang='lat' dir='ltr'>ad</span> <span class='ocrx_word' id='word_1_299' title='bbox 748 2402 921 2441; x_wconf 77' lang='lat' dir='ltr'>senatum</span> <span class='ocrx_word' id='word_1_300' title='bbox 954 2405 1150 2442; x_wconf 76' lang='lat' dir='ltr'>relaturos.</span> <span class='ocrx_word' id='word_1_301' title='bbox 1246 2403 1283 2440; x_wconf 86' lang='lat' dir='ltr'>ui</span> <span class='ocrx_word' id='word_1_302' title='bbox 1314 2403 1341 2440; x_wconf 88' lang='lat' dir='ltr'>fi</span> <span class='ocrx_word' id='word_1_303' title='bbox 1369 2400 1618 2444; x_wconf 77' lang='lat' dir='ltr'>dubitabunt,</span> <span class='ocrx_word' id='word_1_304' title='bbox 1652 2407 1718 2437; x_wconf 81' lang='lat' dir='ltr'>aut</span> 
     </span>
     <span class='ocr_line' id='line_1_35' title="bbox 321 2466 1718 2521; baseline -0.003 -14"><span class='ocrx_word' id='word_1_305' title='bbox 321 2468 593 2521; x_wconf 88' lang='lat' dir='ltr'>gravabuntur,</span> <span class='ocrx_word' id='word_1_306' title='bbox 625 2482 696 2521; x_wconf 84' lang='lat' dir='ltr'>ego</span> <span class='ocrx_word' id='word_1_307' title='bbox 717 2482 779 2507; x_wconf 79' lang='lat' dir='ltr'>me</span> <span class='ocrx_word' id='word_1_308' title='bbox 807 2470 986 2521; x_wconf 73' lang='lat' dir='ltr'>profiteor</span> <span class='ocrx_word' id='word_1_309' title='bbox 1016 2471 1253 2508; x_wconf 68' lang='lat' dir='ltr'>relaturum:</span> <span class='ocrx_word' id='word_1_310' title='bbox 1288 2480 1412 2518; x_wconf 83' lang='lat' dir='ltr'>neque</span> <span class='ocrx_word' id='word_1_311' title='bbox 1446 2480 1506 2505; x_wconf 78' lang='lat' dir='ltr'>ine</span> <span class='ocrx_word' id='word_1_312' title='bbox 1532 2466 1718 2519; x_wconf 84' lang='lat' dir='ltr'>impediet</span> 
     </span>
    </p>

    <p class='ocr_par' dir='ltr' id='par_1_5' title="bbox 1325 2535 1412 2572">
     <span class='ocr_line' id='line_1_36' title="bbox 1325 2535 1412 2572; baseline 0 0"><span class='ocrx_word' id='word_1_313' title='bbox 1325 2535 1357 2572; x_wconf 85' lang='lat' dir='ltr'>C</span> <span class='ocrx_word' id='word_1_314' title='bbox 1392 2546 1412 2572; x_wconf 80' lang='lat'>2</span> 
     </span>
    </p>
   </div>
  </div>
 </body>
</html>
