2212 2835
620 180 756 219 PRO
817 183 867 220 A.
930 183 1340 223 CLUENTiO.

1639 204 1687 242 57

318 277 453 327 Quid?
479 277 542 316 iila
563 280 717 322 tandem
739 281 908 333 quaestio,
930 292 994 320 aut
1015 283 1254 336 disceptatio,
1277 295 1340 323 aut
1355 285 1567 337 judicium,
1586 287 1684 326 fuit?

291 344 444 382 Putabo
463 344 586 384 fuiffe.
619 347 749 391 Dicat,
782 348 850 399 qui
881 347 964 384 vult
995 347 1110 387 hodie
1132 350 1177 387 de
1207 351 1277 389 illo
1299 352 1446 404 populo
1477 355 1685 398 concitato,

291 411 355 447 cui
374 420 458 448 tum
476 424 559 448 mos
576 411 700 463 gestus
717 412 792 456 est;
816 426 892 464 qua
907 412 953 450 de
973 426 1011 450 re
1027 415 1167 464 Junius
1186 417 1336 454 causam
1353 418 1506 456 dixerit.
1532 420 1687 473 Qem-

290 489 444 528 cunque
464 477 619 528 rogaris,
638 476 713 514 hoc
735 477 990 530 respondebit,
1008 480 1113 531 quod
1133 482 1339 533 pecuniam
1361 485 1564 535 acceperit,
1584 487 1689 537 quod

289 543 538 580 innocentem
570 543 881 582 circumvenerit.
925 544 993 582 Est
1023 544 1106 583 haec
1137 547 1284 599 opinio.
1329 550 1396 593 At,
1433 549 1459 586 fi
1491 550 1543 587 ita
1573 551 1685 596 effet;

288 607 361 646 hac
382 607 464 661 lege
484 609 703 647 accusatum
723 609 792 648 effe
813 611 1000 664 oportuit,
1034 625 1109 664 qua
1129 613 1325 651 accusatur
1347 615 1500 653 Avitus.
1536 617 1590 654 At
1611 617 1688 669 ipse

287 687 330 712 ea
358 674 444 727 lege
474 676 681 728 quaerebat.
714 677 860 715 Paucos
884 677 962 715 dies
994 678 1221 730 expectasset
1242 681 1446 731 Qintius.
1481 684 1535 720 At
1562 696 1687 735 neque

288 741 457 793 privatus
478 742 663 787 accusare,
679 756 762 788 nec,
785 743 908 781 sedata
922 745 1003 797 jam
1024 744 1182 791 invidia,
1205 746 1371 786 volebat.
1395 748 1545 786 Videtis
1567 749 1687 801 igitur

288 822 367 847 non
388 808 427 846 in
448 808 570 855 causa,
592 809 654 847 sed
673 810 714 848 in
735 819 909 864 ternpore
928 824 970 848 ac
989 811 1187 864 potestate,
1221 812 1326 866 spem
1353 827 1513 853 omnem
1534 816 1687 854 accusa-

288 876 381 915 toris
401 875 526 915 fuiffe.

345 943 520 982 Multam
540 945 690 997 petivit.
723 945 812 996 Qa
830 945 914 999 lege
931 947 944 984 ?
967 947 1073 999 quod
1093 947 1134 985 in
1154 947 1280 1001 legem
1302 963 1381 987 non
1393 949 1551 1002 juraffet
1568 969 1578 994 3
1603 965 1688 1003 qua:

289 1023 346 1047 res
368 1011 516 1049 nemini
538 1024 711 1062 unquam
730 1010 856 1049 fraudi
875 1011 978 1056 fuit,
1011 1022 1049 1050 et
1079 1014 1184 1065 quod
1212 1016 1259 1053 C.
1283 1016 1433 1060 Verres,
1456 1017 1599 1054 Praetor
1619 1031 1686 1055 ur-

289 1076 426 1122 banus,
448 1076 569 1115 homo
589 1076 736 1115 sanetus
757 1086 795 1115 et
816 1077 996 1130 diligens,
1017 1079 1328 1119 subsortitionem
1349 1082 1428 1133 ejus
1449 1082 1489 1119 in
1510 1096 1556 1120 eo
1576 1084 1686 1121 codi-

289 1157 332 1181 ce
352 1157 430 1182 non
450 1142 619 1188 haberet,
653 1143 827 1195 quitum
859 1143 1053 1183 interlitus
1083 1145 1360 1198 proferebatur.
1393 1149 1470 1185 His
1503 1149 1548 1186 de
1569 1150 1686 1189 causis

291 1211 338 1248 C.
359 1210 499 1261 Junius
520 1209 800 1247 condemnatus
820 1210 887 1255 est,
909 1211 1082 1261 Judices,
1111 1211 1308 1251 leviffimis
1329 1222 1367 1251 et
1387 1213 1683 1261 infirmissimis,

289 1290 382 1329 quas
403 1277 566 1315 omnino
587 1277 628 1314 in
642 1276 840 1328 judicium
862 1276 986 1315 afferri
1007 1291 1085 1316 non
1110 1279 1298 1332 oportuit.
1331 1281 1466 1332 Itaque
1492 1283 1685 1334 oppreffus

287 1343 340 1381 est
360 1357 439 1382 non
459 1343 578 1389 causa,
601 1343 662 1381 sed
685 1352 874 1398 tempore.

342 1411 536 1450 XXXIV.
569 1411 661 1449 Hoc
682 1425 749 1449 vos
767 1411 951 1451 Cluentio
964 1412 1160 1465 judicium
1180 1413 1322 1467 putatis
1343 1413 1467 1453 obeffe
1481 1416 1684 1468 oportere?

289 1478 420 1530 Qam
440 1478 490 1516 ob
511 1477 660 1516 causam
681 1477 693 1514 ?
722 1479 759 1516 Si
780 1492 827 1517 ex
847 1479 932 1532 lege
951 1479 1176 1518 subsortitus
1198 1494 1276 1518 non
1296 1490 1374 1519 erat
1394 1482 1550 1532 Junius,
1573 1491 1638 1520 aut
1658 1482 1685 1520 fi

287 1543 328 1581 in
355 1545 482 1597 legem
523 1545 730 1596 aliquando
761 1559 839 1582 non
865 1546 1082 1598 juraverat,
1126 1546 1272 1585 idcirco
1303 1547 1408 1585 illius
1440 1548 1686 1587 damnatione

287 1609 434 1662 aliquid
455 1610 501 1648 de
522 1610 707 1648 Cluentio
733 1610 1005 1663 judicabatur?
1038 1611 1147 1657 Non,
1170 1613 1323 1664 inquit:
1357 1613 1419 1651 sed
1446 1614 1512 1651 ille
1539 1614 1685 1653 idcirco

287 1675 348 1714 his
369 1677 519 1729 legibus
549 1676 828 1715 condemnatus
851 1677 916 1723 est,
938 1678 1044 1730 quod
1072 1687 1205 1716 contra
1224 1679 1337 1717 aliam
1363 1679 1491 1732 legem
1512 1682 1684 1719 cornmi-

287 1744 394 1783 serat.
430 1744 512 1796 Qi
532 1743 608 1782 hoc
629 1744 878 1790 confitentur,
900 1745 1067 1798 possunt,
1098 1745 1197 1783 illud
1220 1746 1323 1784 idern
1339 1747 1537 1799 judicium
1557 1746 1683 1794 fuiffe,

285 1810 502 1849 defendere.
525 1811 630 1864 Ergo
650 1811 809 1857 idcirco,
831 1812 975 1865 inquit,
1003 1811 1162 1851 infestus
1184 1822 1268 1851 tum
1290 1814 1434 1852 Praetor
1452 1815 1571 1865 Junio
1592 1813 1683 1860 fuit,

287 1877 393 1930 quod
412 1877 720 1930 illudjudicium
742 1888 969 1932 corruptum
989 1892 1056 1931 per
1075 1892 1167 1917 eum
1188 1880 1405 1932 putabatur.
1430 1880 1543 1919 Num
1565 1881 1684 1933 igitur

288 1943 363 1982 hoc
394 1954 570 1997 tempore
601 1944 709 1982 causa
741 1953 889 1983 mutata
908 1944 991 1983 est?
1026 1959 1123 1983 num
1151 1945 1221 1983 alia
1242 1959 1312 1990 res,
1346 1945 1417 1983 alia
1448 1946 1544 1983 ratio
1576 1947 1682 1984 illius

281 2010 436 2062 judicii,
468 2011 541 2049 alia
571 2019 704 2049 natura
725 2012 843 2050 totius
871 2012 1031 2065 negotii,
1055 2025 1157 2049 nunc
1178 2011 1243 2056 est,
1276 2025 1319 2050 ac
1341 2021 1427 2050 turn
1448 2011 1556 2050 fuit?
1589 2012 1684 2051 Non

288 2078 438 2131 opinor,
456 2092 501 2117 ex
519 2079 564 2116 iis
581 2078 708 2124 rebus,
731 2093 815 2132 quae
835 2078 945 2132 gestae
967 2079 1067 2123 sunt,
1085 2092 1166 2117 rem
1187 2079 1307 2117 ullam
1329 2079 1490 2133 potuisse
1507 2080 1663 2119 mutari.

334 2144 442 2195 Qid
463 2158 553 2198 ergo
573 2145 626 2183 est
646 2145 777 2190 causae,
799 2146 903 2197 quod
925 2159 1028 2183 nunc
1049 2145 1171 2183 nostra
1190 2144 1358 2183 defensio
1381 2146 1556 2184 audiatur
1576 2155 1683 2184 tanto

289 2209 450 2255 silentio,
473 2222 565 2249 tunc
586 2212 705 2263 Junio
725 2210 955 2250 defendendi
976 2211 1029 2249 sui
1051 2212 1210 2264 potestas
1232 2220 1361 2264 erepta
1380 2212 1452 2249 sit?
1476 2213 1579 2263 Qia
1598 2222 1684 2250 tum

287 2276 328 2313 in
350 2276 457 2314 causa
477 2276 575 2315 nihil
596 2287 688 2324 erat,
711 2287 846 2332 praeter
867 2278 1066 2323 invidiam,
1089 2291 1269 2323 errorem,
1293 2277 1561 2330 suspicionem,
1584 2291 1681 2315 con-

286 2342 418 2380 ciones
439 2343 691 2394 quotidianas,
715 2344 886 2383 seditiose
906 2358 947 2383 ac
969 2345 1203 2398 populariter
1223 2344 1447 2382 concitatas.
1470 2343 1684 2381 Accusabat

287 2409 466 2450 ‚tribunus
487 2408 610 2461 plebis
631 2410 734 2449 idem
755 2411 796 2449 in
817 2412 1086 2456 concionibus,
1118 2411 1222 2449 idem
1244 2411 1289 2453 ad
1309 2410 1483 2448 subsellia
1501 2424 1509 2446 :
1542 2409 1587 2446 ad
1613 2410 1682 2461 ju·-

288 2476 437 2514 dicium
468 2488 546 2512 non
578 2476 696 2515 modo
727 2476 773 2514 de
804 2478 1004 2522 concione,
1036 2477 1097 2516 sed
1118 2477 1235 2515 etiam
1261 2490 1352 2513 curn
1384 2475 1462 2528 ipsa
1481 2475 1682 2521 concione,

368 2542 441 2581 To
458 2554 510 2581 M.
541 2541 592 2581 V.
1339 2539 1382 2579 H
