2212 2835
747 157 887 196 PRO
947 158 1163 196 DOMO
1223 160 1370 198 sUA.
1677 169 1754 215 403

359 267 452 293 cum
473 254 514 292 in
535 255 712 293 Deorum
733 254 1019 293 immortalium
1040 255 1216 299 numine,
1244 264 1329 293 tum
1350 255 1494 295 veroin
1514 255 1590 308 ipsa
1611 257 1755 309 repub-

359 320 446 359 lica.
490 321 561 359 Dii
587 321 854 367 immortales,
886 321 1043 359 suorum
1072 321 1309 374 templorum
1339 322 1537 360 custodem
1566 336 1608 360 ac
1629 323 1755 376 praefi-

358 388 449 426 dem
470 388 746 426 sceleratiffime
765 388 921 441 pulsum
942 402 1034 426 cum
1052 388 1238 432 viderent,
1269 401 1316 425 ex
1337 388 1413 426 suis
1436 389 1591 442 templis
1613 391 1652 428 in
1673 392 1755 443 ejus

359 454 454 492 aedes
489 455 712 507 immigrare
749 455 930 493 nolebant
948 469 956 492 :
993 455 1123 506 itaque
1157 453 1263 491 istius
1298 454 1555 493 vecordiffimi
1584 467 1757 495 mentem

359 534 450 558 cura
466 529 651 572 metuque
672 520 876 559 terrebant.
921 520 999 557 Res
1020 533 1110 557 vero
1129 518 1286 572 publica
1302 548 1314 564 ,
1345 533 1570 572 quanquam
1590 532 1668 561 erat
1686 537 1755 561 ex-

359 586 562 624 terminata
591 599 764 631 mecum,
796 595 925 624 tamen
953 585 1223 624 obversabatur
1256 594 1343 624 ante
1370 586 1505 625 oculos
1535 589 1757 627 extinftoris

356 652 427 696 sui,
459 662 496 690 et
527 653 574 690 ab
605 652 710 690 istius
741 651 984 691 inflammato
1010 660 1125 705 atque
1151 652 1277 705 ignito
1304 651 1432 691 furore
1452 654 1536 706 jam
1566 663 1653 693 tum
1679 669 1757 701 me,

356 718 485 770 seque,
517 719 723 772 repetebat.
756 719 885 770 Qare
905 719 1000 771 quid
1020 719 1072 757 est
1092 719 1253 764 mirum,
1284 719 1311 757 fi
1331 719 1399 758 iste
1419 730 1543 766 metu,
1565 720 1592 759 fi
1611 719 1755 766 furore,

354 784 571 830 instinetus,
590 785 726 823 scelere
746 799 928 838 praeceps,
947 798 1072 838 neque
1092 785 1283 824 institutas
1301 787 1546 826 caeremonias
1566 788 1756 842 persequi,

356 864 483 904 neque
503 852 666 890 verbum
688 852 815 890 ullum
835 852 1021 890 sollemne
1039 852 1167 905 potuit
1186 851 1293 890 effari
1313 853 1325 890 ?

411 918 522 956 LVI.
555 919 653 970 Qae
674 932 765 957 cum
785 919 838 957 ita
857 919 944 964 fint,
968 918 1190 964 Pontifices,
1212 927 1385 958 revocate
1398 920 1483 972 jam
1503 920 1651 960 animos
1672 921 1754 960 ves-

356 992 434 1023 tros
461 985 508 1023 ab
537 984 609 1024 hac
636 985 768 1024 subtili
795 986 919 1024 nostra
944 985 1201 1039 disputatione
1226 985 1273 1024 ad
1304 986 1518 1025 universam
1538 988 1756 1041 rempubli-

356 1065 443 1090 cam
462 1080 474 1097 ‚
505 1065 623 1105 quam
644 1060 753 1090 antea
773 1065 865 1090 cum
884 1052 974 1091 viris
994 1052 1161 1091 fortibus
1182 1052 1317 1091 multis
1334 1082 1346 1098 ,
1377 1053 1418 1091 in
1444 1052 1517 1092 hac
1541 1067 1629 1093 vero
1649 1054 1757 1093 causa

355 1118 442 1157 solis
463 1119 592 1158 vestris
612 1119 825 1157 cervicibus
847 1119 1051 1158 sustinetis.
1083 1119 1206 1157 Vobis
1227 1120 1388 1158 univerfi
1408 1120 1555 1159 senatus
1576 1130 1760 1174 perpetua

355 1186 572 1231 auctoritas,
603 1186 668 1223 cui
703 1185 918 1238 vosmetipsi
954 1185 1246 1238 praestantiffimi
1279 1186 1427 1238 semper
1458 1187 1499 1224 in
1532 1201 1619 1225 mea
1649 1187 1758 1226 causa

355 1251 558 1305 praefuistis
575 1271 587 1297 ς
620 1251 729 1290 vobis
751 1252 870 1290 Italiae
890 1251 1289 1304 magnificentissimus
1310 1252 1376 1290 ille
1397 1262 1526 1291 motus
1540 1282 1552 1298 ‚
1583 1254 1755 1292 munici-

356 1317 591 1371 piorumque
611 1317 816 1356 concursus
833 1336 846 1363 5
878 1317 986 1355 vobis
1008 1331 1168 1370 campus
1182 1346 1194 1363 ,
1225 1318 1565 1371 centuriarumque
1587 1333 1662 1357 una
1681 1333 1756 1358 vox

356 1383 555 1428 omniurn,
591 1397 757 1436 quarum
792 1397 857 1422 vos
892 1383 1084 1436 principes
1119 1392 1233 1436 atque
1263 1385 1432 1422 austeres
1462 1383 1615 1430 fuistis3
1647 1385 1756 1424 vobis

356 1462 492 1488 omnes
514 1450 723 1495 societates,
749 1463 883 1488 omnes
903 1450 1069 1494 ordines,
1091 1462 1240 1494 omnes,
1261 1450 1330 1502 qui
1350 1459 1416 1488 aut
1435 1464 1488 1495 re,
1520 1460 1584 1489 aut
1604 1451 1668 1504 spe
1688 1452 1755 1490 de-

357 1515 475 1567 nique
492 1545 503 1561 ,
534 1516 621 1554 sunt
648 1516 768 1561 boni,
799 1528 916 1553 omne
944 1515 1051 1553 vobis
1075 1529 1163 1567 erga
1183 1528 1311 1553 meam
1331 1515 1563 1569 dignitatem
1583 1517 1756 1557 studium

356 1591 396 1620 et
419 1582 617 1633 judicium
648 1595 726 1620 non
756 1582 874 1620 modo
904 1581 1167 1627 commissum,
1199 1595 1332 1620 verum
1359 1584 1475 1621 etiam
1502 1585 1756 1623 commenda-

358 1658 460 1694 tum,
491 1648 562 1686 effe
582 1649 826 1687 arbitrantur.

412 1715 594 1767 Denique
614 1715 683 1767 ipfi
705 1715 773 1752 Dii
794 1714 1046 1759 immortales,
1078 1715 1147 1766 qui
1171 1712 1268 1752 hanc
1290 1716 1427 1753 urbem
1448 1724 1562 1768 atque
1581 1713 1656 1754 hoc
1677 1716 1756 1755 im-

356 1782 509 1835 perium
529 1789 698 1826 tuentur,
728 1789 771 1818 ut
791 1781 877 1819 effet
897 1780 1080 1819 omnibus
1100 1781 1280 1833 gentibus
1302 1781 1589 1834 posteritatique
1608 1783 1756 1835 perspi-

355 1861 493 1892 cuum,
524 1847 657 1885 divino
678 1860 741 1885 me
760 1847 923 1885 numine
942 1845 1013 1884 effe
1030 1847 1252 1900 reipublicae
1272 1847 1482 1892 redditum,
1510 1847 1655 1886 idcirco
1676 1848 1755 1886 mi-

357 1914 400 1952 hi
421 1914 599 1952 videntur
618 1913 790 1951 fructum
810 1913 938 1966 ipsum
961 1913 1103 1952 reditus
1124 1922 1161 1951 et
1180 1914 1446 1966 gratulationis
1473 1928 1568 1953 meae
1595 1915 1640 1952 ad
1667 1914 1755 1953 suo-

358 1994 446 2018 rum
467 1979 704 2018 sacerdotum
726 1979 948 2031 potestatem
964 1979 1240 2032 judiciumque
1260 1980 1455 2018 revocasse.
1478 1982 1558 2019 Hic
1578 1980 1629 2018 est
1648 1981 1755 2019 enim

358 2046 517 2090 reditus,
541 2045 762 2090 Pontifices,
793 2044 874 2083 haec
896 2046 1098 2089 restitutio,
1126 2045 1166 2082 in
1187 2046 1317 2098 cilonio,
1349 2046 1389 2084 in
1411 2045 1576 2091 sedibus,
1607 2047 1647 2084 In
1668 2047 1754 2091 aris,

360 2113 399 2149 in
421 2110 516 2149 focis
534 2139 545 2154 ,
576 2111 617 2148 in
640 2110 728 2148 Diis
750 2111 953 2163 penatibus
970 2140 981 2155 ‚
1013 2112 1291 2163 recuperandis.
1336 2112 1518 2162 Qorum
1539 2112 1565 2150 fi
1586 2111 1652 2149 iste
1678 2111 1752 2148 suis

358 2175 645 2215 sceleratissimis
667 2177 844 2214 manibus
867 2178 962 2214 tedia
984 2176 1159 2229 sedesque
1179 2177 1376 2221 convellit,
1399 2177 1636 2229 ducibusque
1656 2190 1751 2215 con-

359 2244 505 2281 sulibus
521 2272 531 2287 ‚
564 2251 745 2293 tanquam
767 2243 860 2280 urbe
880 2252 1012 2295 capta,
1043 2242 1142 2280 hanc
1165 2256 1279 2280 unam
1303 2243 1466 2282 domum
1481 2273 1491 2288 ‚
1524 2243 1625 2295 quali
1646 2255 1752 2280 acer-

359 2310 447 2348 rimi
470 2309 759 2361 propugnatoris
778 2338 788 2354 ,
822 2308 888 2346 fibi
911 2309 1110 2346 delendam
1141 2309 1316 2361 putavit3
1350 2319 1478 2347 tamen
1509 2308 1566 2346 illi
1595 2307 1663 2345 Dii
1685 2321 1752 2360 pe-

359 2385 463 2414 nates
485 2389 526 2413 ac
547 2374 751 2412 familiares
774 2376 850 2412 mei
869 2388 935 2427 per
953 2389 1018 2414 vos
1039 2376 1079 2413 in
1109 2389 1237 2413 meam
1263 2375 1426 2412 domum
1458 2388 1614 2413 mecum
1641 2382 1753 2412 erunt

360 2444 536 2482 restituti.

1264 2508 1298 2545 E
1328 2520 1348 2545 e
1377 2520 1396 2544 e
1428 2519 1449 2545 2
