2212 2835
717 165 900 205 POST
958 165 1333 205 REDITUM.
1644 182 1715 222 331

327 261 540 313 perniciem
562 275 694 300 vocem
717 262 822 300 suam
842 264 1120 301 communibus
1143 263 1314 302 hostibus
1336 263 1562 317 praebuiffet,
1587 264 1720 318 spiritu

328 326 512 366 duntaxat
545 329 701 372 viveret,
733 342 771 366 re
802 329 963 381 quidem
992 328 1093 368 infra
1123 343 1258 368 omnes
1291 340 1464 369 mortuos
1496 331 1720 370 amandatus

325 394 427 434 effet.

384 462 433 499 V.
467 463 684 515 Nunquam
706 462 752 499 de
772 463 816 500 P.
836 462 1005 514 Popillio
1027 463 1074 500 L.
1095 462 1295 515 OpimiuS‚
1327 462 1551 502 fortiffimus
1573 464 1720 509 consul,

327 540 527 578 nunquam
549 527 595 565 de
617 527 860 580 QMetello
881 540 960 564 non
980 527 1099 565 modo
1121 529 1169 565 C.
1193 528 1359 573 MarIus,
1391 529 1459 581 qui
1480 539 1558 566 erat
1586 530 1722 567 inimi-

327 606 410 637 cus,
441 593 503 631 sed
535 607 583 631 ne
613 595 644 632 is
677 594 853 646 quidem,
885 594 954 646 qui
987 594 1135 633 secutus
1166 594 1233 640 est,
1265 595 1329 634 M.
1364 596 1573 641 Antonius,
1604 595 1725 636 homo

327 658 674 711 eloquenfiffimus,
705 674 798 698 cum
823 661 875 698 A.
898 660 1047 700 Albino
1066 660 1226 714 collega,
1256 661 1429 700 senatum
1449 670 1514 700 aut
1534 662 1726 715 populum

326 724 381 762 est
399 724 636 765 cohortatus.
669 728 724 764 At
744 740 813 779 pro
833 740 896 765 me
917 726 1124 780 superiores
1144 726 1317 765 consules
1339 727 1511 781 semper,
1544 737 1587 766 ut
1607 727 1725 767 refer-

327 801 437 838 rent,
469 792 667 846 efflagitati
698 793 812 832 sunt:
845 793 907 832 sed
941 794 1051 832 veriti
1083 793 1197 839 sunt,
1229 807 1277 832 ne
1306 795 1436 848 gratiae
1464 795 1575 834 causa
1604 795 1727 834 facere

328 859 549 898 viderentur
562 889 574 905 ,
605 861 712 913 quod
732 860 825 899 alter
845 860 946 899 mihi
965 861 1090 900 affinis
1110 870 1190 899 erat
1205 890 1216 906 ‚
1247 861 1401 900 alterius
1422 862 1572 901 causam
1591 862 1727 916 capitis

329 938 569 978 receperam:
603 927 687 979 qui,
718 928 1005 980 provinciarum
1026 927 1340 973 foedere‘irretiti,
1372 937 1501 967 totum
1522 928 1637 968 illum
1657 942 1725 967 an-

330 1005 428 1030 num
449 993 619 1045 querelas
640 993 804 1038 senatus,
836 994 989 1032 luc'tum
1014 995 1221 1039 bonorum,
1253 994 1372 1033 Italiae
1398 995 1608 1048 gemitum,
1639 1009 1727 1050 per-

325 1058 518 1097 tulerunt.
551 1060 736 1098 Kalendis
768 1073 856 1099 vero
887 1061 1076 1111 Januariis
1111 1061 1358 1114 posteaquam
1393 1061 1486 1100 orba
1516 1062 1730 1115 respublica

320 1125 497 1163 «consulis
519 1125 652 1171 fidem,
683 1135 868 1179 tanquam
889 1126 1056 1179 legitimi
1077 1127 1229 1172 tutoris,
1251 1127 1488 1180 imploravit,
1510 1128 1555 1167 P.
1578 1128 1729 1167 Lentu-

328 1192 390 1230 lus
410 1192 558 1238 consul,
588 1205 738 1245 parens,
769 1193 876 1238 deus,
908 1193 1005 1232 salus
1026 1193 1160 1232 nostrae
1179 1194 1280 1239 vitae‚
1310 1192 1490 1240 fortunae,
1513 1195 1726 1240 memoriae,

330 1259 502 1297 nominis
517 1288 529 1304 ‚
560 1259 673 1298 fimul
692 1273 736 1298 ac
757 1260 804 1298 de
823 1259 1001 1298 sollemni
1022 1260 1208 1314 religione
1229 1260 1385 1306 retulit,
1417 1260 1518 1300 nihil
1539 1259 1729 1300 humana-

325 1338 418 1364 rum
440 1339 568 1365 rerum
589 1326 659 1365 fibi
680 1327 799 1379 prius,
830 1340 949 1379 quam
969 1326 1016 1365 de
1034 1340 1111 1372 me,
1142 1327 1337 1380 agendum
1351 1327 1555 1379 judicavit.

386 1393 521 1446 Atque
540 1407 585 1431 eo
604 1393 666 1432 die
686 1392 862 1432 confecta
881 1407 939 1432 res
958 1393 1061 1438 esset,
1092 1394 1161 1432 nifi
1182 1394 1214 1432 is
1235 1394 1414 1433 tribunus
1441 1394 1581 1448 plebis,
1611 1407 1731 1448 quem

331 1471 404 1512 ego
434 1459 616 1498 maximis
651 1460 847 1498 beneficiis
878 1459 1105 1512 quaestorem
1135 1459 1269 1498 consul
1303 1473 1539 1507 ornaveram,
1570 1474 1664 1500 cum
1695 1469 1733 1500 et

333 1527 495 1564 cunCtus
515 1526 610 1564 ordo
629 1535 667 1564 et
686 1526 804 1565 multi
823 1539 915 1564 eum
935 1525 1079 1564 summi
1106 1525 1179 1564 viri
1205 1534 1378 1571 orarent,
1409 1535 1447 1565 et
1475 1527 1552 1566 Cn.
1575 1527 1731 1581 Oppius

332 1590 463 1636 socer,
494 1592 667 1645 optimus
688 1593 769 1637 vir,
801 1592 847 1630 ad
869 1591 984 1645 pedes
1005 1592 1086 1644 ejus
1107 1590 1199 1630 flens
1214 1592 1381 1644 jaceret,
1413 1594 1566 1632 noctem
1589 1593 1659 1631 fibi
1686 1594 1732 1631 ad

334 1658 628 1697 deliberandum
662 1658 904 1712 postulaffet:
947 1672 1032 1711 quae
1068 1658 1290 1697 deliberatio
1326 1673 1403 1697 non
1437 1659 1477 1697 in
1512 1658 1730 1704 reddenda,

334 1724 670 1776 quemadmodum
691 1724 872 1763 nonnulli
892 1724 1192 1770 arbitrabantur,
1224 1725 1307 1770 sed,
1340 1736 1383 1764 ut
1402 1724 1636 1779 patefat‘tum
1657 1725 1730 1771 est,

334 1790 376 1828 in
396 1791 583 1845 augenda,
605 1791 783 1831 mercede
802 1791 1028 1845 consumpta
1047 1792 1113 1830 est.
1143 1791 1274 1831 Postea
1294 1805 1349 1831 res
1371 1794 1450 1831 aaa
1470 1792 1522 1832 est
1542 1792 1582 1832 in
1602 1792 1733 1831 senatu

333 1856 407 1894 alia
440 1857 574 1903 nulla3
604 1867 670 1903 et,
702 1871 795 1896 cum
829 1857 941 1896 variis
977 1857 1188 1897 rationibus
1222 1857 1503 1911 impediretur,
1536 1858 1733 1896 voluntate

335 1931 468 1961 tamen
498 1923 690 1978 perspecta
720 1924 883 1969 senatus,
916 1924 1023 1963 causa
1052 1925 1099 1963 ad
1126 1938 1192 1963 vos
1220 1925 1349 1964 mense
1375 1926 1557 1977 Januario
1583 1924 1731 1964 defere-

337 1988 463 2027 batur.

392 2054 474 2092 Hic
499 2064 652 2094 tantum
673 2055 850 2094 interfuit
870 2056 970 2095 inter
996 2070 1059 2095 me
1078 2065 1117 2094 et
1143 2056 1325 2095 inimicos
1354 2070 1475 2096 meos.
1508 2058 1609 2110 Ego,
1640 2070 1732 2095 curn

334 2119 516 2158 homines
536 2122 577 2159 in
599 2122 783 2160 tribunali
810 2123 972 2161 Aurelio
998 2123 1125 2176 palam
1152 2123 1342 2162 conscribi
1370 2124 1651 2175 centuriarique
1672 2123 1730 2175 vi-¹

335 2186 501 2232 diffem3
533 2201 626 2226 cum
648 2189 904 2241 intelligerem
923 2218 933 2234 ,
966 2198 1107 2227 veteres
1135 2190 1180 2227 ad
1202 2189 1305 2242 spem
1328 2190 1440 2228 caedis
1463 2189 1640 2228 Catilina:
1661 2201 1730 2226 co-

338 2254 419 2307 pias
440 2254 511 2292 effe
532 2265 719 2293 revocatas
738 2274 749 2300 ;
781 2269 873 2294 cum
895 2256 1063 2295 viderem
1078 2286 1089 2301 ,
1121 2270 1167 2294 ex
1187 2269 1228 2293 ea
1252 2266 1357 2309 parte
1384 2255 1560 2294 homines
1579 2283 1589 2299 ,
1620 2255 1729 2306 cujus

339 2320 455 2373 partis
483 2334 550 2358 nos
577 2321 634 2358 vel
663 2322 854 2373 principes
883 2323 1207 2366 numerabamus,
1239 2323 1378 2374 partim
1407 2321 1511 2373 quod
1539 2318 1638 2357 mihi
1667 2321 1729 2358 in·-

338 2387 540 2431 viderent,
572 2387 710 2440 partim
737 2388 842 2439 quod
869 2388 937 2425 fibi
965 2390 1146 2426 timerent
1163 2418 1173 2433 ,
1205 2397 1271 2425 aut
1297 2387 1509 2439 proditores
1536 2386 1607 2424 effe
1624 2415 1634 2431 ‚
1667 2396 1731 2424 aut

339 2453 572 2499 desertores,
608 2452 736 2492 salutis
773 2467 896 2499 meae5
928 2467 1021 2492 cum
1055 2454 1133 2492 duo
1168 2452 1369 2497 consules,
1401 2453 1522 2506 empti
1556 2453 1731 2508 paetione

1290 2520 1328 2556 T
1361 2526 1374 2555 t
1406 2531 1426 2557 2
