2212 2835
705 145 844 185 PRo
903 146 952 184 L.
1012 145 1321 184 FLACCO.
1646 146 1721 199 263

335 245 519 285 omnibus
554 246 840 298 maledictisque
873 246 1036 284 vexavit.
1076 246 1160 290 Sed,
1193 260 1284 284 cum
1320 246 1355 284 se
1389 244 1509 285 homo
1543 246 1723 284 volubilis

335 313 501 365 quadam
534 313 722 366 praecipiti
757 312 948 350 celeritate
982 312 1135 350 dicendi
1168 313 1209 350 in
1247 312 1312 350 illa
1349 314 1519 351 oratione
1552 314 1722 365 jaCtaret‚

335 388 501 431 repente,
540 378 767 416 testimoniis
804 377 1005 416 Fufiorum
1047 377 1346 428 nominibusque
1385 379 1563 423 recitatis,
1603 378 1724 416 homo

335 445 598 483 audaciffimus
618 443 834 496 pertimuit,
856 442 1143 495 loquaciffimus
1165 442 1390 480 obmutuit:
1413 444 1541 495 itaque
1562 458 1722 497 recupe-

334 520 474 549 ratores
495 519 626 548 contra
644 509 759 547 istum
778 522 860 547 rem
881 509 1045 547 minime
1065 508 1224 546 dubiam
1251 509 1376 561 prima
1401 511 1547 547 actione
1568 512 1722 562 judica-

333 585 481 614 verunt.
514 577 618 614 Cum
632 576 853 627 judicatum
874 588 952 613 non
972 573 1124 619 faceret,
1155 574 1326 613 addi-{tus
1348 576 1583 629 Hermippo,
1615 587 1651 615 et
1677 578 1723 615 ab

329 640 405 680 hoc
425 642 560 680 duc‘tus
586 641 651 679 est.

387 708 499 746 XXI.
534 707 697 746 Habetis
725 715 762 744 et
788 705 1026 744 honestatem
1052 705 1238 752 hominis,
1269 716 1307 745 et
1330 708 1595 747 aucf'toritatem
1616 709 1721 748 testi—

332 774 468 819 monii,
499 782 537 812 et
571 773 721 811 causam
754 787 914 811 omnem
948 772 1164 811 fimultatis.
1203 775 1334 825 Atque
1363 775 1395 812 is
1425 774 1472 812 ab
1504 776 1724 829 Hermippo

332 840 477 885 miffus,
499 853 591 877 cum
612 840 646 876 ei
666 852 786 891 pauca
806 839 998 891 mancipia
1017 838 1254 884 vendidisset,
1283 840 1454 878 Romam
1475 840 1509 878 se
1528 842 1720 880 contulit:

331 906 469 944 deinde
489 907 530 944 in
550 905 680 945 Afiam
702 906 827 951 rediit,
850 919 940 943 cum
952 906 1034 957 jam
1054 904 1169 943 frater
1189 919 1297 943 meus
1319 906 1458 945 Flacco
1479 907 1718 946 succeffiffet:

331 972 377 1010 ad
397 985 514 1024 quem
535 972 642 1016 adiit,
673 972 900 1023 causamque
925 971 978 1009 ita
1003 971 1168 1016 detulit3
1202 983 1492 1025 recuperatores,
1525 975 1562 1012 vi
1591 975 1721 1014 Flacci

332 1039 496 1083 coaetos,
529 1047 567 1075 et
597 1046 720 1083 metu,
754 1037 892 1074 falsum
921 1037 1061 1075 invitos
1089 1037 1324 1089 judicavisse.
1360 1040 1491 1077 Frater
1518 1054 1624 1078 meus
1652 1055 1722 1094 pro

330 1104 393 1142 sua
411 1105 588 1157 aequitate
606 1103 885 1157 prudentiaque
904 1103 1085 1147 decrevit,
1118 1112 1174 1148 ut,
1205 1103 1230 1140 fi
1245 1105 1463 1156 judicatum
1486 1116 1650 1159 negaret,
1681 1108 1721 1145 in

331 1171 496 1224 duplum
519 1172 617 1215 iret;
649 1171 675 1208 fi
696 1179 801 1208 metu
823 1171 971 1208 coaetos
993 1169 1149 1214 diceret,
1171 1169 1328 1208 haberet
1349 1172 1498 1210 eosdem
1520 1187 1720 1226 recupera-

331 1247 444 1275 tores.
476 1236 708 1274 Recusavit:
741 1245 792 1281 et,
824 1236 926 1288 quafi
953 1235 1053 1274 nihil
1080 1235 1168 1273 effet
1195 1238 1338 1282 actum,
1369 1237 1718 1290 nihiljudicatum,

329 1304 375 1341 ab
396 1305 620 1357 Hermippo
647 1303 793 1341 ibidem
821 1303 1026 1356 mancipia,
1058 1317 1142 1355 quae
1169 1303 1245 1356 ipse
1269 1304 1303 1342 ei
1330 1305 1563 1351 vendiderat,
1595 1316 1721 1359 petere

329 1371 462 1423 coepit.
495 1371 557 1408 M.
582 1370 796 1416 Gratidius,
827 1370 987 1422 legatus,
1009 1369 1054 1407 ad
1075 1383 1194 1422 quem
1215 1370 1267 1408 est
1286 1371 1450 1417 aditum,
1472 1372 1662 1411 adtionem
1685 1373 1720 1411 se

329 1437 508 1476 daturum
529 1438 682 1491 negavit
699 1452 708 1476 :
740 1451 780 1475 re
793 1437 964 1489 judicata
983 1436 1067 1474 stari
1087 1436 1250 1476 ostendit
1270 1438 1432 1490 placere.

384 1504 529 1542 Iterum
557 1504 639 1549 iste,
670 1503 734 1541 cui
761 1503 891 1541 nullus
918 1502 1006 1540 effet
1036 1502 1196 1554 usquam
1227 1504 1452 1542 confistendi
1480 1506 1602 1551 locus,
1634 1507 1719 1545 Ro-

328 1583 433 1609 mam
465 1569 501 1607 se
532 1569 689 1607 retulit:
725 1569 963 1621 persequitur
993 1568 1252 1621 Hermippus,
1284 1569 1351 1621 qui
1381 1583 1582 1623 nunquam
1613 1573 1718 1611 istius

328 1634 578 1688 impudentiae
610 1635 728 1674 ceffit.
757 1636 859 1673 Petit
889 1634 1114 1673 Heraclides
1146 1648 1166 1672 a
1194 1636 1241 1673 C.
1267 1635 1395 1673 Plotio
1426 1635 1606 1684 senatore,
1638 1640 1719 1677 viro

328 1702 523 1754 primario,
546 1702 615 1754 qui
635 1702 780 1754 legatus
801 1702 841 1739 in
862 1701 950 1739 Afia
968 1700 1105 1746 fuerat,
1135 1702 1328 1754 mancipia
1348 1703 1538 1754 quaedam,
1562 1718 1646 1756 quae
1667 1705 1716 1749 se,

328 1780 420 1806 cum
435 1767 656 1819 judicatum
677 1766 779 1812 esset,
810 1781 878 1820 per
897 1768 977 1805 vim
1005 1767 1211 1806 vendidiffe
1239 1768 1403 1806 dicebat.
1437 1770 1629 1820 QNasQ
1662 1771 1719 1808 vir

328 1833 598 1879 ornatiffimus‚
630 1834 699 1886 qui
727 1842 864 1886 praetor
895 1833 1018 1872 fuerat
1042 1834 1163 1886 judex
1194 1834 1383 1873 sumitur:
1416 1836 1483 1887 qui
1513 1851 1605 1875 cum
1632 1838 1717 1875 sen-

329 1901 492 1939 tentiam
526 1901 736 1939 secundum
768 1900 943 1939 Plotium
974 1901 1009 1939 se
1039 1901 1234 1940 dicturum
1264 1902 1490 1947 ostenderet,
1526 1913 1563 1941 et
1594 1905 1640 1942 ab
1672 1919 1716 1942 eo

322 1967 455 2019 judice
474 1967 606 2012 abiret,
638 1967 742 2019 quod
756 1968 952 2019 judicium
974 1967 1057 2020 lege
1078 1981 1155 2006 non
1175 1978 1266 2013 erat,
1298 1969 1447 2007 causam
1477 1980 1597 2008 totam
1625 1972 1715 2009 reli-

328 2033 428 2085 quit.
461 2032 601 2070 Satisne
622 2033 744 2078 vobis,
776 2033 945 2084 Judices,
977 2034 1107 2072 videor
1126 2034 1171 2072 ad
1195 2034 1362 2087 singulos
1390 2035 1497 2074 testes
1524 2037 1714 2082 accedere,

327 2112 467 2151 neque,
482 2107 524 2136 ut
542 2099 668 2151 primo
685 2099 972 2145 constitueram,
994 2101 1266 2139 tantummodo
1282 2115 1373 2139 cum
1393 2102 1564 2140 un1verso
1579 2117 1715 2155 genere

328 2165 561 2217 confligere?

383 2231 510 2268 Venio
547 2231 593 2268 ad
631 2232 831 2283 Lysaniam
870 2232 1038 2285 ejusdem
1076 2233 1264 2278 civitatis,
1305 2234 1536 2286 peculiarem
1573 2243 1710 2278 tuum,

329 2298 512 2342 Deciane,
545 2297 705 2342 testem;
738 2312 855 2350 quem
890 2308 932 2336 tu
968 2313 1059 2337 cum
1094 2298 1291 2351 ephebum
1327 2301 1470 2337 Temni
1503 2299 1710 2350 cognoffes‚

328 2364 514 2417 quoniam
552 2373 588 2401 te
627 2363 750 2401 nudus
790 2364 1016 2409 demetam,
1066 2365 1213 2417 semper
1251 2366 1398 2402 nudum
1437 2365 1507 2401 esse
1547 2364 1709 2403 voluisti.

328 2430 534 2469 Abduxisti
556 2431 712 2468 Temno
733 2430 1035 2482 Apollonidem:
1059 2432 1261 2484 pecuniam
1283 2430 1562 2468 adolescentulo
1579 2431 1714 2481 grandi
