2212 2835
477 212 551 253 352
823 193 1226 233 ORATIO
1303 193 1356 231 Ii.
1435 194 1510 233 &a

528 296 640 336 Alter
659 293 735 332 fuit
755 301 1017 346 propugnator
1038 305 1212 330 mearum
1235 290 1500 337 fortunarum,
1533 301 1570 330 et
1591 291 1762 330 defensor
1782 293 1866 332 affi-

473 364 585 407 dum,
618 361 770 400 summa
789 360 931 397 virtute
952 368 989 397 et
1011 359 1164 412 pietate,
1197 359 1245 396 C.
1269 358 1369 403 Piso,
1390 372 1533 411 gener:
1557 359 1625 411 qui
1646 359 1770 397 minas
1791 359 1868 397 ini-

474 430 669 469 micorum
692 440 896 471 meorum3
930 426 998 478 qui
1019 425 1244 464 inimicitias
1266 425 1389 463 affinis
1411 426 1487 463 mei
1505 455 1515 471 ,
1548 426 1758 479 propinqui
1785 425 1840 463 sui
1857 453 1869 470 ,

472 496 666 540 consulis;
699 494 766 546 qui
800 494 972 531 Pontum
1003 501 1041 530 et
1073 490 1299 544 Bithyniam
1331 491 1505 544 quaestor,
1537 506 1606 545 pro
1638 506 1723 531 mea
1753 491 1871 530 salute

473 562 658 615 neglexit.
690 558 808 598 Nihil
839 571 1013 611 unquam
1041 558 1189 596 senatus
1217 557 1263 595 de
1286 559 1329 596 P.
1354 558 1524 611 Popillio
1551 559 1732 604 decrevit,
1764 571 1865 596 nun-

473 642 593 682 quam
613 628 654 665 in
674 625 749 664 hoc
770 625 903 663 ordine
923 624 1154 676 QMetelli
1174 624 1321 662 mentio
1341 622 1438 662 faeta
1457 624 1529 663 est:
1553 625 1765 663 tribunitiis
1785 623 1872 662 sunt

474 697 533 734 illi
555 693 818 747 rogationibus
837 721 848 737 ‚
879 690 1088 729 interfee‘cis
1108 690 1279 728 inimicis
1298 720 1308 735 ,
1340 690 1505 744 denique
1526 692 1632 730 nulla
1650 691 1872 730 auctoritate

474 762 638 804 senatus,
670 758 860 802 restituti;
894 769 985 794 cum
1007 756 1101 793 alter
1119 769 1254 793 eorum
1276 756 1421 793 senatui
1450 757 1641 809 paruisset,
1671 758 1765 796 alter
1788 757 1871 796 vim

473 827 696 877 caedemque
715 822 882 876 fugiffet.
915 821 1024 860 Nam
1046 822 1094 860 C.
1113 820 1274 874 quidem
1295 821 1460 867 Marius,
1482 823 1550 874 qui
1570 821 1642 860 hac
1662 822 1872 861 hominum

473 892 662 932 memoria
692 890 827 928 tertius
862 897 949 927 ante
981 902 1044 927 me
1070 887 1279 926 consularis
1307 887 1530 940 tempestate
1556 888 1665 927 civili
1691 888 1870 941 expulsus

474 960 527 998 est
543 988 554 1004 ,
586 971 663 996 non
690 955 810 995 modo
833 969 854 993 a
873 955 1003 993 senatu
1023 968 1102 993 non
1121 954 1176 993 est
1196 953 1391 992 restitutus
1407 972 1420 1000 ;
1452 953 1514 993 sed
1534 955 1660 993 reditu
1680 954 1746 993 suo
1766 953 1873 993 sena-

473 1036 561 1064 tum
587 1025 774 1062 cunnum
806 1035 904 1076 pene
934 1021 1091 1060 delevit.
1123 1020 1247 1060 Nulla
1271 1021 1318 1059 de
1345 1020 1423 1059 illis
1451 1021 1745 1074 magistratuum
1774 1034 1873 1059 con-

473 1092 606 1136 senfio,
628 1089 734 1129 nulla
752 1089 799 1128 ad
819 1088 1106 1142 rempublicam
1126 1087 1408 1126 defendendam
1429 1088 1566 1141 populi
1586 1087 1757 1126 Romani
1777 1100 1874 1126 con-

472 1158 649 1202 vocatio,
680 1155 810 1194 nullus
840 1155 961 1193 Italiae
991 1164 1147 1200 motus,
1179 1154 1286 1192 nulla
1316 1154 1466 1192 decreta
1498 1153 1807 1207 municipiorum
1837 1161 1876 1192 et

473 1224 730 1275 coloniarum,
761 1221 987 1259 extiterunt.

531 1291 661 1342 Qare
674 1317 685 1333 ,
717 1301 810 1326 cum
831 1301 894 1326 me
914 1287 1031 1326 vestra
1051 1288 1253 1325 auctoritas
1273 1286 1474 1325 arceffierit
1490 1315 1502 1332 ‚
1532 1286 1700 1339 populus
1721 1287 1872 1324 Roma-

475 1370 547 1395 nus
568 1357 767 1399 revocarit,
799 1353 1012 1407 respublica
1031 1353 1261 1406 implorarit,
1293 1353 1402 1391 Italia
1421 1354 1560 1390 cuneta
1580 1365 1675 1405 pene
1695 1351 1770 1390 suis
1794 1351 1872 1390 hu-

474 1423 590 1462 meris
612 1421 839 1474 reportarit;
872 1434 950 1458 non
971 1420 1241 1464 committam,
1274 1420 1402 1458 Patres
1424 1419 1652 1471 conscripti,
1684 1428 1747 1463 ut,
1779 1432 1871 1457 cum

473 1503 516 1527 ea
546 1487 647 1526 mihi
678 1487 750 1525 fint
781 1486 965 1531 restituta,
996 1500 1082 1538 quae
1112 1485 1154 1523 in
1185 1485 1369 1538 potestate
1399 1498 1486 1523 mea
1515 1499 1595 1523 non
1625 1484 1798 1530 fuerunt,
1828 1498 1872 1522 ea

474 1569 554 1594 non
584 1553 747 1592 habeam
766 1582 776 1598 ,
813 1566 898 1605 quae
928 1552 1007 1605 ipse
1036 1551 1210 1606 praestare
1242 1551 1409 1605 poffim,
1445 1551 1654 1604 praesertim
1683 1564 1778 1590 cum
1809 1550 1875 1590 illa

471 1620 602 1673 amiffa
620 1619 892 1674 recuperarim‚
923 1619 1109 1658 virtutem
1128 1627 1166 1658 et
1185 1617 1305 1658 fidem
1325 1631 1528 1672 nunquam
1548 1616 1754 1657 amiserim.
