2212 2835
399 154 474 194 ioli<
858 148 1351 189 ORATIOI.

392 261 525 294 tuum,
557 251 683 287 virum
711 248 921 301 optimum,
954 248 1017 286 M.
1046 247 1294 292 Marcellum,
1326 246 1572 300 demigrasti:
1605 260 1722 299 quem
1743 256 1786 286 tu

397 317 574 354 videlicet
593 325 629 352 et
651 315 696 352 ad
717 314 1011 352 custodiendum
1031 323 1068 352 te
1089 313 1438 367 diligentiffimum,
1469 322 1507 351 et
1526 313 1573 351 ad
1593 313 1785 366 suspican-

390 382 491 419 dum
512 381 803 433 sagaciffimum,
825 389 863 418 et
882 380 927 418 ad
947 380 1224 418 vindicandum
1245 379 1508 425 forfiffimum,
1530 377 1613 417 fore
1632 378 1786 431 putasti.

398 448 469 486 Sed
490 461 606 499 quam
627 448 739 500 longe
760 447 909 485 videtur
929 461 950 485 a
968 459 1116 485 carcere
1137 456 1251 498 atque
1271 460 1290 483 a
1311 446 1475 484 vinculis
1497 445 1616 484 abesse
1637 444 1786 490 debere,

397 514 465 566 qui
488 513 521 551 se
541 513 666 566 ipsum
682 514 764 566 jam
785 513 948 566 dignum
968 512 1137 550 custodia
1151 512 1380 564 judicaverit
1398 512 1410 549 ?

454 580 551 631 Qae
571 593 663 618 cum
684 581 736 617 ita
756 579 842 625 sint,
864 578 1043 623 Catilina,
1066 579 1230 623 dubitas,
1257 578 1282 616 si
1302 577 1368 616 hic
1386 578 1507 616 emori
1528 591 1638 630 aequo
1657 578 1790 616 animo

398 659 476 683 non
499 654 619 697 potes,
651 645 752 683 abire
773 646 813 683 in
840 645 984 697 aliquas
1012 653 1140 689 terras,
1172 653 1210 682 et
1236 644 1356 682 vitam
1384 644 1507 689 istam,
1539 643 1674 682 multis
1696 643 1787 695 sup-

398 712 525 763 pliciis
546 712 657 763 justis
686 710 902 763 debitisque
930 720 1114 764 ereptam,
1146 709 1247 762 fugae
1274 710 1550 762 solitudinique
1577 709 1787 748 mandare?

401 777 530 822 Refer,
562 778 706 829 inquis,
736 777 783 815 ad
808 777 995 821 senatum,
1027 776 1095 827 (id
1122 776 1226 813 enim
1251 776 1439 828 postulas)
1468 784 1520 820 et,
1556 775 1582 813 fi
1610 775 1676 813 hic
1696 774 1790 812 ordo

399 843 545 895 placere
568 843 635 880 fibi
656 843 876 887 decreverit,
899 851 935 880 te
956 842 1008 879 ire
1030 842 1069 879 in
1087 841 1263 885 exilium,
1285 841 1642 892 obtemperaturum
1662 850 1700 878 te
1719 839 1790 878 effe

399 909 509 946 dicis.
543 908 637 946 Non
659 907 817 946 referam
840 908 893 952 id,
925 907 1029 960 quod
1059 905 1238 944 abhorret
1265 920 1284 944 a
1312 906 1407 944 meis
1435 906 1637 943 moribus:
1668 915 1706 943 et
1732 914 1789 943 ta·-

399 989 490 1012 men
516 974 670 1019 faciam,
703 983 744 1012 ut
774 974 976 1026 intelligas,
1009 973 1103 1025 quid
1130 971 1172 1010 hi
1199 972 1245 1010 de
1273 982 1309 1010 te
1328 972 1502 1010 sentiant.
1536 971 1726 1024 Egredere
1744 985 1792 1010 ex

400 1041 506 1085 urbe,
539 1041 732 1079 Catilina:
765 1039 884 1078 libera
904 1039 1187 1092 rempublicam
1207 1047 1316 1077 metu
1335 1053 1344 1077 :
1376 1038 1417 1076 in
1438 1038 1615 1083 exilium,
1646 1037 1673 1075 fi
1692 1037 1792 1076 hanc

400 1120 536 1144 vocem
556 1108 744 1159 expefftas,
776 1105 1026 1159 proficiscere.
1059 1104 1165 1155 Qid
1186 1104 1251 1150 est,
1274 1104 1443 1142 Catilina
1462 1105 1474 1142 ?
1506 1103 1647 1156 ecquid
1665 1112 1791 1142 atten-

400 1173 473 1217 dis,
504 1173 646 1225 ecquid
666 1171 950 1216 animadvertis,
981 1169 1122 1208 horum
1144 1170 1366 1208 silentium?
1398 1170 1616 1215 Patiuntur,
1648 1178 1790 1209 tacent.

402 1239 510 1289 Qid
544 1241 716 1292 expeetas
754 1237 1020 1277 auctoritatem
1054 1236 1314 1290 loquentium,
1351 1249 1519 1290 quorum
1554 1235 1793 1275 voluntatem

403 1306 608 1344 tacitorum
629 1306 808 1359 perspicis
827 1306 840 1343 ?

457 1375 525 1417 At,
548 1373 573 1410 fi
594 1371 669 1411 hoc
689 1373 794 1410 idem
814 1371 907 1410 huic
927 1371 1154 1411 adolescenti
1178 1372 1342 1426 optimo,
1374 1373 1419 1411 P.
1443 1372 1584 1417 Sextio,
1615 1371 1641 1410 fi
1662 1369 1792 1409 fortis-

400 1437 496 1475 fimo
517 1438 610 1483 viro,
642 1439 705 1476 M.
731 1438 935 1483 Marcello,
965 1437 1170 1483 dixiffem3
1196 1440 1279 1490 jam
1300 1437 1401 1476 mihi
1421 1437 1583 1482 consuli,
1616 1436 1692 1476 hoc
1711 1435 1794 1489 ipso

401 1503 442 1540 in
464 1504 623 1556 templo,
649 1505 734 1556 jure
759 1505 911 1557 optimo
939 1503 1084 1542 senatus
1110 1504 1191 1542 vim
1217 1514 1255 1542 et
1282 1518 1417 1542 manus
1444 1502 1642 1542 intulisset.
1675 1503 1737 1542 De
1757 1510 1795 1540 te

402 1578 546 1614 autem,
579 1570 758 1615 Catilina,
789 1583 882 1607 curn
902 1569 1116 1621 quiescunt,
1147 1570 1336 1622 probant;
1367 1583 1459 1608 cum
1481 1569 1695 1622 patiuntur,
1725 1567 1795 1605 de-

398 1646 565 1673 cernunt
581 1655 592 1680 3
625 1649 716 1674 cum
738 1645 878 1680 tacent,
910 1635 1091 1674 clamant.
1124 1636 1265 1688 Neque
1292 1635 1335 1674 hi
1363 1635 1502 1681 solum,
1533 1648 1701 1688 quorum
1721 1633 1796 1672 tibi

402 1702 602 1740 auetoritas
623 1702 675 1740 est
695 1702 873 1740 videlicet
893 1715 988 1746 cara,
1019 1702 1098 1739 vita
1116 1702 1318 1746 viliffima;
1350 1702 1411 1739 sed
1431 1702 1545 1739 etiam
1567 1701 1625 1738 illi
1645 1700 1794 1752 equites

404 1769 588 1813 Romani,
618 1768 870 1807 honestiffimi
889 1777 1005 1820 atque
1024 1768 1164 1820 optimi
1184 1768 1269 1812 viri,
1297 1768 1500 1819 caeterique
1520 1766 1715 1804 fortiffimi
1735 1766 1794 1803 ci-

404 1848 481 1879 veS,
505 1835 572 1886 qui
592 1835 840 1872 circumstant
859 1834 1050 1872 senatum:
1074 1847 1242 1885 quorum
1263 1843 1305 1871 tu
1326 1842 1363 1871 et
1378 1832 1633 1886 frequentiam
1653 1831 1795 1878 videre,

404 1910 441 1938 et
461 1900 582 1938 studia
603 1900 824 1952 perspicere,
854 1909 892 1937 et
913 1913 1022 1938 voces
1043 1899 1157 1952 paulo
1177 1909 1263 1938 ante
1281 1899 1472 1944 exaudire,
1495 1898 1671 1951 potuisti;
1694 1911 1794 1950 quo-

407 1980 494 2004 rum
514 1980 585 2018 ego
602 1966 665 2004 vix
683 1966 748 2004 abs
766 1975 802 2004 te
816 1966 966 2017 jamdiu
988 1979 1122 2003 manus
1141 1979 1182 2003 ac
1198 1965 1272 2003 tela
1287 1966 1491 2009 contineo,
1514 1963 1665 2002 eosdem
1682 1962 1796 2002 facile

405 2032 608 2077 adducam,
640 2041 682 2069 ut
703 2041 739 2069 te
760 2031 856 2076 haec,
887 2045 970 2084 quae
985 2031 1221 2084 jampridem
1241 2031 1379 2070 vastare
1400 2030 1539 2075 studes,
1572 2030 1796 2082 relinquen-

405 2107 485 2136 tem
507 2097 624 2149 usque
644 2098 688 2135 ad
710 2107 834 2149 portas
855 2096 1142 2149 prosequantur.

463 2164 535 2202 IX.
568 2164 804 2215 Qanquam
831 2163 927 2215 quid
952 2163 1121 2215 loquor?
1153 2172 1190 2202 te
1217 2172 1261 2201 ut
1289 2163 1367 2201 ulla
1393 2176 1449 2201 res
1476 2161 1657 2216 frangat?
1691 2171 1732 2200 tu
1754 2171 1797 2200 ut

408 2244 579 2282 unquam
602 2239 638 2268 te
657 2230 821 2281 corrigas
840 2230 853 2266 ?
886 2238 926 2267 tu
949 2238 992 2267 ut
1012 2229 1131 2267 ullam
1151 2228 1285 2281 fugam
1307 2229 1520 2267 meditere?
1543 2238 1586 2267 ut
1608 2227 1732 2267 ullum
1754 2236 1795 2266 tu

405 2297 570 2334 exilium
601 2296 776 2348 cogites?
814 2296 976 2334 Utinam
1008 2295 1080 2334 tibi
1110 2295 1219 2334 istam
1252 2304 1424 2333 mentem
1458 2295 1527 2333 Dii
1557 2293 1796 2333 immortales

408 2364 590 2400 donarent
609 2361 615 2398 ἔ
649 2361 820 2400 Tametsi
840 2361 964 2406 video,
994 2361 1019 2399 s1
1041 2374 1125 2399 mea
1144 2374 1236 2399 voce
1257 2361 1478 2413 perterritus
1499 2361 1552 2399 ire
1572 2361 1612 2398 in
1632 2359 1796 2398 exilium

407 2428 583 2467 animum
603 2427 812 2473 induxeris,
844 2436 984 2480 quanta
1004 2427 1203 2480 tempestas
1224 2426 1376 2467 invidiae
1394 2427 1520 2473 nobis,
1551 2426 1577 2465 fi
1598 2426 1727 2465 minus
1754 2425 1796 2463 in
