2212 2835
625 186 715 225 DE
774 184 968 224 LEGE
1027 184 1386 225 AGRARIA.
1648 199 1721 240 135

321 300 397 340 qua
430 296 501 326 nec
537 285 809 326 Gracchorum
843 285 1058 338 benignitas
1095 299 1195 332 eam,
1234 300 1307 325 nec
1342 285 1454 339 Syllae
1492 287 1721 333 dominatio,

321 353 527 407 dejeciffet.

378 420 510 458 XXX.
543 419 676 470 Qem
704 430 841 470 agrum
869 430 974 455 nunc
1004 425 1274 469 praetereuntes
1297 418 1465 457 vestrum
1487 419 1557 458 effe
1577 421 1720 467 dicitis,

321 494 360 524 et
379 498 498 538 quem
518 498 585 537 per
605 485 676 522 iter
694 483 764 537 qui
784 482 947 528 faciunt,
979 484 1126 522 externi
1148 483 1343 530 homines,
1374 486 1541 524 vestrum
1561 487 1632 525 effe
1651 502 1721 526 au-

321 552 433 591 diunt
448 570 460 596 ;
482 551 529 596 is,
551 565 643 590 cum
663 551 734 589 erit
754 550 910 596 divisus,
932 563 1057 603 neque
1077 551 1162 595 erit,
1184 563 1310 604 neque
1327 551 1445 590 vester
1464 552 1535 591 effe
1556 554 1718 592 dicetur.

320 620 377 657 At
409 619 479 671 qui
510 617 689 657 homines
723 617 999 671 poffidebunt?
1036 617 1171 656 Primo
1205 619 1366 670 quidem
1400 632 1515 665 acres,
1558 621 1603 659 ad
1639 622 1722 660 vim

319 684 507 738 prompti,
537 684 584 722 ad
603 683 833 723 seditionem
852 684 987 737 parati,
1018 684 1102 736 qui,
1133 684 1248 723 fimul
1268 698 1311 723 ac
1332 685 1541 724 decemviri
1561 700 1722 725 concre-

320 751 491 804 puerint,
521 740 659 789 atinati
692 751 734 788 in
768 751 885 796 cives,
915 760 954 789 et
987 750 1157 803 expediti
1191 752 1237 789 ad
1271 752 1430 797 caedem,
1463 752 1534 791 effe
1566 753 1720 807 poffint„

316 817 470 856 Deinde
505 817 552 856 ad
586 831 742 871 paucos,
773 817 913 870 opibus
948 826 986 856 et
1020 817 1142 870 copiis
1174 817 1389 866 affluentes,
1422 828 1552 858 totum
1585 834 1722 873 agrum

322 884 570 936 Campanum
590 883 750 936 perferri
768 883 963 922 videbitis.
994 884 1119 922 Vobis
1139 884 1297 930 interea,
1329 885 1397 938 qui
1418 886 1502 924 illas
1522 900 1542 924 a
1562 888 1720 939 majori-

321 950 394 987 bus
415 948 694 1002 pulcherrimas
715 950 962 1002 veetigalium
985 950 1085 988 sedes
1101 951 1217 989 armis
1233 961 1360 1004 captas
1377 953 1587 1005 accepistis,
1610 953 1723 1006 gleba

322 1016 431 1055 nulla
448 1017 494 1055 de
514 1017 680 1068 paternis
701 1026 816 1069 atque
837 1016 948 1055 avitis
968 1016 1255 1070 poffeffionibus
1276 1019 1540 1072 relinquetur:
1572 1033 1614 1058 ac
1635 1030 1721 1059 tan-

323 1092 412 1121 tum
441 1083 617 1122 intererit
645 1084 747 1121 inter
778 1083 939 1121 vestram
970 1091 1008 1120 et
1038 1084 1278 1135 privatorum
1309 1085 1567 1138 diligentiam,
1601 1087 1721 1139 quod,

323 1162 416 1188 cum
435 1163 457 1188 a
476 1150 685 1201 majoribus
706 1147 841 1186 nostris
862 1149 907 1187 P.
931 1149 1138 1194 Lentulus,
1161 1151 1227 1201 qui
1244 1150 1423 1204 princeps
1440 1151 1603 1198 senatus,
1625 1154 1665 1191 in
1682 1167 1725 1192 ea

323 1216 409 1254 loca
427 1214 559 1254 mifi‘us
579 1214 682 1260 effet,
713 1224 758 1253 ut
776 1224 814 1253 et
833 1215 1002 1268 privatos
1023 1228 1148 1267 agros,
1173 1216 1243 1268 qui
1262 1216 1303 1254 in
1323 1217 1529 1269 publicum
1553 1220 1721 1272 Campa-

323 1294 422 1320 num
440 1281 702 1326 incurrebant,
730 1281 895 1334 pecunia
914 1280 1072 1334 publica
1090 1291 1295 1327 coemeret,
1316 1283 1460 1321 dicitur
1479 1285 1721 1331 renuntiaffe,

322 1348 430 1388 nulla
449 1348 486 1387 se
504 1349 669 1402 pecunia
687 1346 857 1386 fundum
877 1347 1076 1401 cujusdam
1096 1361 1223 1386 emere
1239 1349 1424 1401 potuiffe:
1448 1364 1631 1403 eumque,
1654 1353 1723 1404 qui

323 1415 448 1455 nollet
467 1416 645 1461 vendere,
674 1415 761 1454 ideo
780 1415 927 1468 negaffe
947 1414 982 1453 se
1002 1415 1141 1453 adduci
1160 1415 1276 1468 poffe,
1308 1418 1366 1454 uti
1386 1418 1579 1462 venderte,
1602 1420 1723 1471 quod,

325 1495 418 1521 cum
439 1481 566 1535 plures
586 1482 727 1521 fundos
748 1481 920 1526 haberet,
950 1495 997 1520 ex
1017 1481 1087 1519 illo
1106 1482 1186 1519 solo
1205 1481 1330 1520 fundo
1350 1497 1552 1536 nunquam
1574 1485 1724 1525 malum

326 1548 511 1586 nuntium
531 1548 702 1586 audiffet.

382 1614 489 1652 Itane
507 1614 626 1652 vero?
659 1613 850 1667 privatum
870 1611 953 1652 haec
973 1613 1081 1651 causa
1105 1615 1344 1653 commovit:
1377 1615 1544 1668 populus
1573 1617 1724 1656 Roma-

327 1693 400 1720 nus
419 1694 467 1719 ne
487 1694 624 1733 agrum
645 1681 890 1733 Campanum
912 1680 1068 1733 privatis
1090 1682 1221 1734 gratiS,
1253 1681 1375 1720 Rullo
1391 1692 1562 1734 rogante,
1587 1685 1722 1729 tradat,

326 1759 406 1785 non
426 1745 692 1785 commovebit
710 1747 722 1782 ?
755 1747 879 1798 Atqui
900 1746 1004 1784 idem
1026 1746 1193 1799 populus
1214 1747 1416 1786 Romanus
1441 1749 1486 1785 de
1507 1748 1582 1787 hoc
1603 1751 1722 1788 veeti-

328 1812 406 1865 gali
426 1812 547 1866 potest
572 1811 712 1856 dicere,
744 1812 851 1864 quod
878 1811 944 1850 ine
970 1812 1018 1850 de
1043 1811 1110 1850 suo
1135 1811 1258 1851 fundo
1285 1813 1418 1852 dixiffe
1446 1814 1601 1852 dicitur.
1635 1816 1724 1854 Afia

328 1877 474 1916 multos
508 1891 628 1916 annos
661 1877 770 1916 vobis
806 1876 993 1922 fructum,
1031 1877 1306 1917 Mithridatico
1337 1879 1453 1924 bello,
1490 1893 1568 1918 non
1604 1882 1693 1920 tulit
1712 1896 1721 1920 z

328 1943 606 1996 Hispaniarum
632 1943 795 1996 vectigal
822 1944 1063 1997 temporibus
1091 1945 1316 1983 Sertorianis
1343 1945 1497 1983 nullum
1524 1945 1628 1985 fuit:
1663 1948 1723 1985 Si·

328 2009 425 2046 ciliae
444 2010 666 2048 civitatibus
689 2009 792 2048 bello
812 2008 1069 2062 fugitivorum
1090 2010 1166 2048 Μ’.
1195 2010 1379 2063 Aquilius
1399 2012 1516 2049 etiam
1539 2022 1721 2051 mutuum

332 2074 576 2116 frumentum
595 2076 702 2114 dedit
723 2091 732 2114 :
765 2085 803 2114 at
825 2090 872 2114 ex
889 2075 965 2115 hoc
985 2076 1161 2129 vectigali
1189 2091 1390 2130 nunquam
1418 2078 1541 2115 malus
1563 2081 1722 2117 nuntius

330 2141 482 2181 auditus
502 2143 567 2182 est.
601 2144 747 2182 Caetera
766 2143 965 2195 vestigalia
983 2143 1077 2181 belli
1095 2142 1345 2181 facultatibus
1366 2143 1615 2196 affliguntur,
1647 2146 1722 2183 hoc

331 2207 506 2259 vefflgali
526 2209 642 2246 etiam
663 2209 755 2247 belli
778 2208 975 2247 facultates
996 2209 1262 2247 sustentantur.

387 2273 541 2311 XXXI.
572 2275 724 2312 Deinde
744 2275 784 2312 in
805 2273 878 2313 hac
899 2275 1144 2327 afiignatione
1165 2288 1344 2327 agrorum
1374 2288 1421 2312 ne
1442 2274 1541 2312 illud
1563 2275 1720 2326 quidem

331 2339 408 2378 dici
429 2339 562 2392 potest,
593 2341 698 2391 quod
716 2341 757 2378 in
777 2342 935 2386 caeteris,
959 2355 1067 2394 agros
1090 2341 1253 2379 desertos
1275 2355 1295 2378 a
1314 2342 1440 2393 plebe,
1462 2351 1574 2391 atque
1595 2354 1613 2377 a
1634 2343 1719 2378 cul-

332 2416 416 2446 tura
436 2404 650 2444 hominum
670 2406 896 2452 liberorum,
918 2407 989 2445 effe
1010 2422 1087 2446 non
1105 2417 1293 2460 oportere.
1328 2408 1387 2444 Sic
1415 2407 1518 2443 enim
1547 2407 1634 2444 dico
1652 2422 1660 2443 :
1695 2407 1719 2445 fi

332 2475 553 2526 Campanus
574 2486 662 2527 ager
681 2473 886 2519 dividatur,
917 2475 1110 2513 exturbari
1130 2485 1167 2512 et
1195 2474 1334 2526 expelli
1363 2473 1515 2524 plebem
1536 2486 1581 2510 ex
1607 2475 1718 2525 agris,
