2212 2835
388 171 432 209 18
875 166 1271 205 ORATIO

437 267 544 319 Qid
577 266 696 318 igitur
726 266 777 302 ait
809 264 1066 302 Hortensius?
1098 263 1137 301 Si
1171 262 1238 300 uni
1269 261 1400 299 omnia
1428 259 1632 298 tribuenda
1660 258 1762 301 sunt,

383 347 504 370 uuum
528 331 791 384 dignissimum
812 329 882 367 effe
903 330 1134 382 Pompeium
1151 347 1163 374 ς
1195 328 1254 365 sed
1273 327 1319 365 ad
1339 339 1463 364 unum
1483 334 1612 364 tamen
1632 324 1762 362 omnia

381 398 517 437 deferri
537 411 614 436 non
633 406 819 449 oportere.
853 396 1054 434 Obsolevit
1067 397 1148 447 jam
1169 395 1235 433 ista
1255 394 1389 438 oratio,
1419 406 1458 430 re
1478 392 1604 430 multo
1624 389 1762 442 magis,

382 479 500 517 quam
520 464 658 509 verbis,
680 462 852 501 refutata.
885 463 990 501 Nam
1014 471 1055 500 tu
1075 463 1193 507 idem,
1222 462 1286 512 Q
1298 459 1493 504 Hortenfi,
1526 458 1662 502 multa,
1693 468 1762 508 pro

382 544 445 570 tua
465 532 614 570 summa
632 531 742 582 copia
760 543 802 567 ac
823 530 999 582 singulari
1019 529 1201 567 facultate
1221 528 1387 572 dicendi,
1408 535 1446 564 et
1461 527 1501 564 in
1522 526 1649 564 senatu
1664 536 1762 562 con-

381 608 436 636 tra
456 599 581 636 virum
601 596 743 635 fortem
764 597 814 633 A.
834 595 1050 633 Gabinium
1070 595 1232 647 graviter
1262 602 1470 645 ornateque
1495 590 1638 635 dixisti,
1669 601 1764 627 cum

382 663 411 700 is
431 662 476 701 de
497 675 574 700 uno
594 662 820 713 imperatore
846 669 979 698 contra
1004 660 1198 713 praedones
1229 657 1495 695 constituendo
1522 656 1650 708 legem
1670 666 1762 706 pro-

381 727 579 779 mulgaffet
595 745 606 772 3
629 736 666 764 et
687 739 733 763 ex
754 725 828 763 hoc
848 725 929 777 ipso
949 727 1034 763 loco
1054 724 1247 778 permulta
1265 724 1360 760 item
1380 731 1512 760 contra
1531 722 1657 774 legem
1677 732 1762 757 eam

380 795 494 832 verba
513 793 650 832 fecisti.
682 792 817 848 Qid?
849 801 949 837 tum,
984 805 1050 845 per
1081 793 1184 829 Deos
1205 788 1469 828 immortales!
1500 788 1527 826 fi
1553 787 1642 840 plus
1662 785 1764 839 apud

380 860 571 913 populum
592 860 816 897 Romanum
838 858 1037 896 auaoritas
1057 867 1136 902 tua,
1167 869 1284 909 quam
1305 856 1420 909 ipsius
1439 854 1576 908 populi
1595 851 1764 892 Romani

380 926 491 970 salus,
510 933 549 964 et
567 937 652 963 vera
669 923 791 968 causa,
810 923 994 968 valuisset,
1019 922 1135 962 hodie
1154 921 1254 959 hanc
1273 921 1452 973 gloriam,
1473 929 1587 972 atque
1604 918 1681 957 hoc
1699 930 1765 955 or-

380 992 439 1030 bis
457 1000 563 1029 terrae
574 990 802 1043 imperium,
817 998 1031 1027 teneremus
1047 989 1060 1024 ?
1091 989 1157 1025 An
1177 987 1250 1024 tibi
1270 984 1355 1023 tum
1373 986 1584 1037 imperium
1599 982 1671 1022 effe
1689 983 1766 1021 hoc

378 1056 593 1101 videbatur,
612 1067 705 1111 curn
722 1053 860 1107 populi
878 1053 1050 1091 Romani
1077 1052 1229 1104 Legati,
1258 1051 1455 1096 Praetores,
1476 1049 1767 1102 Qaestoresque

378 1122 627 1176 capiebantur
641 1111 671 1157 ?''
685 1113 778 1158 cffm
797 1132 845 1157 ex
864 1118 1047 1157 omnibus
1068 1115 1276 1171 provinciis
1296 1124 1532 1160 commeatu,
1560 1125 1598 1154 et
1616 1116 1766 1169 privato

380 1198 417 1227 et
446 1188 617 1241 publico,
653 1183 984 1238 prohibebamur?
1015 1197 1108 1222 curn
1136 1183 1190 1221 ita
1208 1182 1333 1221 clausa
1359 1191 1465 1221 erant
1493 1182 1604 1220 nobis
1633 1182 1766 1220 omnia

380 1255 510 1298 maria,
533 1263 576 1292 ut
596 1265 720 1303 neque
753 1251 939 1304 privatam
959 1264 1041 1289 rem
1068 1249 1370 1294 transmarinam,
1402 1261 1528 1301 neque
1547 1247 1763 1301 publicam,

374 1323 455 1373 jam
477 1320 584 1358 obire
603 1317 790 1371 possemus
806 1318 819 1354 ?

435 1387 590 1425 XVIII.
621 1385 720 1435 Qae
737 1383 869 1422 civitas
889 1392 998 1421 antea
1015 1395 1188 1435 unquam
1208 1381 1298 1427 fuit,
1327 1395 1405 1420 non
1436 1381 1524 1419 dico
1543 1379 1765 1419 Athenien-

381 1454 492 1498 fium,
509 1465 595 1504 quae
614 1450 698 1488 satis
720 1449 793 1486 late
810 1449 1006 1501 quondam
1022 1461 1126 1486 mare
1146 1447 1303 1486 tenuisse
1318 1447 1459 1486 dicitur
1471 1466 1484 1492 3
1505 1459 1583 1485 non
1601 1445 1765 1484 Cartha-

381 1518 608 1571 ginenfium,
630 1516 700 1568 qui
716 1515 955 1568 permultum
973 1513 1082 1551 claffe
1102 1513 1381 1566 maritimisque
1401 1514 1513 1551 rebus
1534 1512 1734 1551 valuerunt
1749 1530 1762 1557 ς

381 1598 459 1623 non
476 1581 736 1624 Rhodiorum,
755 1592 921 1631 quorum
943 1578 1060 1631 usque
1080 1578 1126 1616 ad
1141 1578 1306 1617 nostram
1320 1578 1549 1617 memoriam
1565 1577 1766 1630 disciplina

381 1648 519 1687 navalis
538 1656 577 1684 et
595 1646 716 1699 gloria
731 1645 908 1683 remanfit
922 1662 934 1689 ;
958 1658 1041 1696 quae
1056 1644 1189 1682 civitas
1211 1656 1383 1696 unquam
1403 1652 1604 1695 anteabtam
1621 1643 1763 1687 tenuis,

379 1729 463 1767 quae
484 1723 562 1752 tam
582 1725 695 1765 parva
713 1711 833 1749 insula
852 1709 941 1754 fuit,
960 1724 1044 1761 quae
1065 1724 1142 1748 non
1161 1718 1294 1762 portus
1314 1709 1414 1754 suos,
1431 1717 1470 1746 et
1489 1721 1612 1761 agros,
1631 1717 1671 1746 et
1689 1708 1762 1746 ali-

380 1793 497 1833 quam
517 1788 662 1832 partem
682 1776 860 1829 regionis,
883 1784 996 1828 atque
1016 1788 1089 1814 orae
1110 1776 1325 1820 maritimae‚
1345 1787 1412 1827 per
1432 1774 1466 1812 se
1483 1774 1561 1827 ipsa
1579 1773 1765 1812 defende-

380 1845 467 1884 ret?
499 1846 553 1882 At
585 1841 713 1880 hercle
734 1842 882 1893 aliquot
907 1853 1024 1879 annos
1055 1841 1258 1879 continuos
1289 1849 1375 1878 ante
1405 1840 1532 1892 legem
1552 1839 1763 1877 Gabiniam

380 1912 444 1949 ille
465 1909 630 1963 populus
651 1909 865 1952 Romanus,
887 1908 1012 1959 cujus,
1034 1907 1152 1960 usque
1172 1907 1217 1944 ad
1240 1906 1402 1945 nostram
1424 1906 1667 1950 memoriam,
1688 1919 1762 1944 no-

378 1991 468 2016 men
489 1976 675 2014 nivisium
693 1974 733 2012 in
749 1973 945 2012 navalibus
966 1974 1106 2025 pugnis
1124 1972 1390 2025 permanserat,
1408 1985 1560 2025 magna,
1576 1984 1619 2009 ac
1636 1972 1764 2010 multo

380 2042 561 2085 maxima,
582 2048 686 2092 parte
706 2053 783 2078 non
805 2039 921 2077 modo
941 2039 1133 2084 utilitatis,
1160 2038 1222 2076 sed
1242 2038 1438 2091 dignitatis
1459 2047 1572 2090 atque
1591 2038 1761 2090 imperii,

379 2117 512 2146 caru1t.

433 2174 533 2217 Nos,
569 2185 736 2224 quorum
768 2172 928 2223 majores
950 2169 1191 2209 Antiochum
1217 2183 1344 2222 regem
1376 2169 1499 2214 claffe,
1533 2168 1761 2222 Persenque,

380 2240 614 2292 superarunt,
641 2237 898 2289 omnibusque
929 2237 1125 2274 navalibus
1158 2237 1296 2288 pugnis
1324 2234 1655 2287 Carthaginenses,
1685 2233 1763 2273 ho-

379 2306 500 2343 mines
521 2305 560 2341 in
582 2303 784 2342 maritimis
811 2303 922 2341 rebus
943 2302 1267 2340 exercitatiffimos
1289 2300 1627 2354 paratissimosque,
1655 2300 1760 2338 vice-

379 2381 466 2408 runt
484 2389 496 2416 5
529 2370 556 2408 ii
579 2369 686 2407 nullo
719 2370 759 2407 in
789 2369 875 2407 loco
903 2370 985 2420 jam
1011 2368 1253 2421 praedonibus
1286 2381 1392 2421 pares
1423 2367 1493 2405 effe
1527 2375 1760 2420 poteramus.

378 2437 463 2474 Nos
495 2448 663 2487 quoque,
697 2435 765 2487 qui
796 2444 904 2473 antea
935 2449 1011 2473 non
1044 2434 1160 2473 modo
1184 2434 1333 2473 Italiam
1366 2443 1488 2472 tutam
1508 2430 1765 2476 habebamus,
