<?xml version="1.0" encoding="UTF-8"?>
<!DOCTYPE html PUBLIC "-//W3C//DTD XHTML 1.0 Transitional//EN"
    "http://www.w3.org/TR/xhtml1/DTD/xhtml1-transitional.dtd">
<html xmlns="http://www.w3.org/1999/xhtml" xml:lang="en" lang="en">
 <head>
  <title>
</title>
<meta http-equiv="Content-Type" content="text/html;charset=utf-8" />
  <meta name='ocr-system' content='tesseract 3.04.00' />
  <meta name='ocr-capabilities' content='ocr_page ocr_carea ocr_par ocr_line ocrx_word'/>
</head>
<body>
  <div class='ocr_page' id='page_1' title='image "./operacumindicibu05ciceuoft_0216.png"; bbox 0 0 2212 2835; ppageno 0'>
   <div class='ocr_carea' id='block_1_1' title="bbox 796 140 1339 181">
    <p class='ocr_par' dir='ltr' id='par_1_1' title="bbox 796 140 1339 181">
     <span class='ocr_line' id='line_1_1' title="bbox 796 140 1339 181; baseline 0 0"><span class='ocrx_word' id='word_1_1' title='bbox 796 140 1199 181; x_wconf 84' lang='lat' dir='ltr'><strong>ORATIO</strong></span> <span class='ocrx_word' id='word_1_2' title='bbox 1266 140 1339 181; x_wconf 90' lang='lat' dir='ltr'>IV.</span> 
     </span>
    </p>
   </div>
   <div class='ocr_carea' id='block_1_2' title="bbox 360 179 434 188">
    <p class='ocr_par' dir='ltr' id='par_1_2' title="bbox 360 179 434 188">
     <span class='ocr_line' id='line_1_2' title="bbox 360 179 434 188; baseline -0.014 0"><span class='ocrx_word' id='word_1_3' title='bbox 360 179 434 188; x_wconf 56' lang='lat' dir='ltr'>...v-e</span> 
     </span>
    </p>
   </div>
   <div class='ocr_carea' id='block_1_3' title="bbox 359 237 1758 2476">
    <p class='ocr_par' dir='ltr' id='par_1_3' title="bbox 359 237 1752 691">
     <span class='ocr_line' id='line_1_3' title="bbox 359 237 1746 294; baseline -0.006 -10"><span class='ocrx_word' id='word_1_4' title='bbox 359 255 437 284; x_wconf 81' lang='lat' dir='ltr'>tata</span> <span class='ocrx_word' id='word_1_5' title='bbox 456 257 590 283; x_wconf 82' lang='lat' dir='ltr'>manus</span> <span class='ocrx_word' id='word_1_6' title='bbox 612 243 676 281; x_wconf 86' lang='lat' dir='ltr'>ista</span> <span class='ocrx_word' id='word_1_7' title='bbox 704 242 790 294; x_wconf 86' lang='lat' dir='ltr'>plus</span> <span class='ocrx_word' id='word_1_8' title='bbox 817 239 992 283; x_wconf 89' lang='lat' dir='ltr'>valuerit,</span> <span class='ocrx_word' id='word_1_9' title='bbox 1023 252 1141 291; x_wconf 87' lang='lat' dir='ltr'>quam</span> <span class='ocrx_word' id='word_1_10' title='bbox 1167 237 1285 277; x_wconf 84' lang='lat' dir='ltr'>vestra</span> <span class='ocrx_word' id='word_1_11' title='bbox 1311 251 1352 275; x_wconf 87' lang='lat' dir='ltr'>ac</span> <span class='ocrx_word' id='word_1_12' title='bbox 1377 238 1598 291; x_wconf 76' lang='lat' dir='ltr'>reipublicae</span> <span class='ocrx_word' id='word_1_13' title='bbox 1617 239 1746 292; x_wconf 56' lang='lat' dir='ltr'>digni-⁶</span> 
     </span>
     <span class='ocr_line' id='line_1_4' title="bbox 360 304 1747 357; baseline -0.006 -7"><span class='ocrx_word' id='word_1_14' title='bbox 360 323 443 356; x_wconf 63' lang='lat' dir='ltr'>tas,</span> <span class='ocrx_word' id='word_1_15' title='bbox 477 324 539 349; x_wconf 91' lang='lat' dir='ltr'>me</span> <span class='ocrx_word' id='word_1_16' title='bbox 560 320 688 348; x_wconf 83' lang='lat' dir='ltr'>tamen</span> <span class='ocrx_word' id='word_1_17' title='bbox 710 321 884 346; x_wconf 87' lang='lat' dir='ltr'>meorum</span> <span class='ocrx_word' id='word_1_18' title='bbox 905 305 1096 344; x_wconf 63' lang='lat' dir='ltr'>factorum</span> <span class='ocrx_word' id='word_1_19' title='bbox 1122 313 1238 357; x_wconf 86' lang='lat' dir='ltr'>atque</span> <span class='ocrx_word' id='word_1_20' title='bbox 1266 304 1512 344; x_wconf 90' lang='lat' dir='ltr'>confiliorum</span> <span class='ocrx_word' id='word_1_21' title='bbox 1534 318 1747 357; x_wconf 90' lang='lat' dir='ltr'>nunquam,</span> 
     </span>
     <span class='ocr_line' id='line_1_5' title="bbox 362 370 1752 427; baseline -0.005 -12"><span class='ocrx_word' id='word_1_22' title='bbox 362 379 489 416; x_wconf 81' lang='lat' dir='ltr'>Patres</span> <span class='ocrx_word' id='word_1_23' title='bbox 524 375 743 427; x_wconf 82' lang='lat' dir='ltr'>conscripti,</span> <span class='ocrx_word' id='word_1_24' title='bbox 784 372 1004 427; x_wconf 86' lang='lat' dir='ltr'>poenitebit.</span> <span class='ocrx_word' id='word_1_25' title='bbox 1044 371 1204 410; x_wconf 86' lang='lat' dir='ltr'><strong>Etenim</strong></span> <span class='ocrx_word' id='word_1_26' title='bbox 1238 385 1356 415; x_wconf 89' lang='lat' dir='ltr'>mors,</span> <span class='ocrx_word' id='word_1_27' title='bbox 1396 385 1513 424; x_wconf 85' lang='lat' dir='ltr'>quam</span> <span class='ocrx_word' id='word_1_28' title='bbox 1552 371 1611 409; x_wconf 85' lang='lat' dir='ltr'>illi</span> <span class='ocrx_word' id='word_1_29' title='bbox 1650 370 1752 409; x_wconf 88' lang='lat' dir='ltr'>mihi</span> 
     </span>
     <span class='ocr_line' id='line_1_6' title="bbox 360 437 1749 490; baseline -0.004 -10"><span class='ocrx_word' id='word_1_30' title='bbox 360 441 510 480; x_wconf 77' lang='lat' dir='ltr'>fortasse</span> <span class='ocrx_word' id='word_1_31' title='bbox 540 442 783 484; x_wconf 78' lang='lat' dir='ltr'>minitantur,</span> <span class='ocrx_word' id='word_1_32' title='bbox 815 439 998 477; x_wconf 86' lang='lat' dir='ltr'>omnibus</span> <span class='ocrx_word' id='word_1_33' title='bbox 1027 438 1080 475; x_wconf 90' lang='lat' dir='ltr'>est</span> <span class='ocrx_word' id='word_1_34' title='bbox 1108 446 1260 490; x_wconf 86' lang='lat' dir='ltr'>parata:</span> <span class='ocrx_word' id='word_1_35' title='bbox 1292 438 1380 475; x_wconf 85' lang='lat' dir='ltr'>vitae</span> <span class='ocrx_word' id='word_1_36' title='bbox 1406 447 1552 476; x_wconf 86' lang='lat' dir='ltr'><strong>tantam</strong></span> <span class='ocrx_word' id='word_1_37' title='bbox 1581 437 1749 481; x_wconf 87' lang='lat' dir='ltr'>laudem,</span> 
     </span>
     <span class='ocr_line' id='line_1_7' title="bbox 362 503 1748 561; baseline -0.003 -16"><span class='ocrx_word' id='word_1_38' title='bbox 362 517 503 561; x_wconf 87' lang='lat' dir='ltr'>quanta</span> <span class='ocrx_word' id='word_1_39' title='bbox 531 521 595 545; x_wconf 78' lang='lat' dir='ltr'>vos</span> <span class='ocrx_word' id='word_1_40' title='bbox 623 520 685 545; x_wconf 89' lang='lat' dir='ltr'>me</span> <span class='ocrx_word' id='word_1_41' title='bbox 712 506 838 544; x_wconf 87' lang='lat' dir='ltr'>vestris</span> <span class='ocrx_word' id='word_1_42' title='bbox 866 505 1029 543; x_wconf 84' lang='lat' dir='ltr'>decretis</span> <span class='ocrx_word' id='word_1_43' title='bbox 1059 503 1294 548; x_wconf 80' lang='lat' dir='ltr'>honestastis,</span> <span class='ocrx_word' id='word_1_44' title='bbox 1326 517 1441 541; x_wconf 92' lang='lat' dir='ltr'>nemo</span> <span class='ocrx_word' id='word_1_45' title='bbox 1471 503 1524 541; x_wconf 90' lang='lat' dir='ltr'>est</span> <span class='ocrx_word' id='word_1_46' title='bbox 1550 503 1748 542; x_wconf 73' lang='lat' dir='ltr'>affecutuS.</span> 
     </span>
     <span class='ocr_line' id='line_1_8' title="bbox 363 569 1749 624; baseline -0.004 -12"><span class='ocrx_word' id='word_1_47' title='bbox 363 574 518 613; x_wconf 82' lang='lat' dir='ltr'>Caeteris</span> <span class='ocrx_word' id='word_1_48' title='bbox 537 574 642 611; x_wconf 88' lang='lat' dir='ltr'>enim</span> <span class='ocrx_word' id='word_1_49' title='bbox 663 572 808 624; x_wconf 84' lang='lat' dir='ltr'>semper</span> <span class='ocrx_word' id='word_1_50' title='bbox 827 571 924 609; x_wconf 91' lang='lat' dir='ltr'>bene</span> <span class='ocrx_word' id='word_1_51' title='bbox 943 569 1067 622; x_wconf 81' lang='lat' dir='ltr'>gestae,</span> <span class='ocrx_word' id='word_1_52' title='bbox 1093 569 1194 608; x_wconf 90' lang='lat' dir='ltr'>mihi</span> <span class='ocrx_word' id='word_1_53' title='bbox 1215 570 1281 607; x_wconf 90' lang='lat' dir='ltr'>uni</span> <span class='ocrx_word' id='word_1_54' title='bbox 1301 569 1540 615; x_wconf 61' lang='lat' dir='ltr'>conservatae,</span> <span class='ocrx_word' id='word_1_55' title='bbox 1562 569 1749 622; x_wconf 90' lang='lat' dir='ltr'>reipubli-</span> 
     </span>
     <span class='ocr_line' id='line_1_9' title="bbox 362 636 980 691; baseline -0.006 -14"><span class='ocrx_word' id='word_1_56' title='bbox 362 653 414 677; x_wconf 81' lang='lat' dir='ltr'>cae</span> <span class='ocrx_word' id='word_1_57' title='bbox 434 638 730 691; x_wconf 79' lang='lat' dir='ltr'>gratulationem</span> <span class='ocrx_word' id='word_1_58' title='bbox 749 636 980 674; x_wconf 83' lang='lat' dir='ltr'>decrevistis.</span> 
     </span>
    </p>

    <p class='ocr_par' dir='ltr' id='par_1_4' title="bbox 361 700 1756 1551">
     <span class='ocr_line' id='line_1_10' title="bbox 419 700 1749 757; baseline -0.004 -15"><span class='ocrx_word' id='word_1_59' title='bbox 419 706 474 742; x_wconf 91' lang='lat' dir='ltr'>Sit</span> <span class='ocrx_word' id='word_1_60' title='bbox 506 704 633 757; x_wconf 86' lang='lat' dir='ltr'>Scipio</span> <span class='ocrx_word' id='word_1_61' title='bbox 664 703 801 747; x_wconf 82' lang='lat' dir='ltr'>clarus,</span> <span class='ocrx_word' id='word_1_62' title='bbox 831 700 911 746; x_wconf 74' lang='lat' dir='ltr'>ille,</span> <span class='ocrx_word' id='word_1_63' title='bbox 943 702 1052 753; x_wconf 87' lang='lat' dir='ltr'>cujus</span> <span class='ocrx_word' id='word_1_64' title='bbox 1082 701 1241 740; x_wconf 88' lang='lat' dir='ltr'>confilio</span> <span class='ocrx_word' id='word_1_65' title='bbox 1271 709 1386 753; x_wconf 88' lang='lat' dir='ltr'>atque</span> <span class='ocrx_word' id='word_1_66' title='bbox 1407 701 1549 739; x_wconf 89' lang='lat' dir='ltr'>virtute</span> <span class='ocrx_word' id='word_1_67' title='bbox 1580 700 1749 739; x_wconf 82' lang='lat' dir='ltr'>Annibal</span> 
     </span>
     <span class='ocr_line' id='line_1_11' title="bbox 363 765 1749 817; baseline -0.004 -9"><span class='ocrx_word' id='word_1_68' title='bbox 363 770 402 808; x_wconf 88' lang='lat' dir='ltr'>in</span> <span class='ocrx_word' id='word_1_69' title='bbox 425 769 600 807; x_wconf 89' lang='lat' dir='ltr'>Africam</span> <span class='ocrx_word' id='word_1_70' title='bbox 620 768 754 811; x_wconf 89' lang='lat' dir='ltr'>redire,</span> <span class='ocrx_word' id='word_1_71' title='bbox 785 775 900 817; x_wconf 91' lang='lat' dir='ltr'>atque</span> <span class='ocrx_word' id='word_1_72' title='bbox 923 779 970 803; x_wconf 85' lang='lat' dir='ltr'>ex</span> <span class='ocrx_word' id='word_1_73' title='bbox 997 765 1105 803; x_wconf 85' lang='lat' dir='ltr'>Italia</span> <span class='ocrx_word' id='word_1_74' title='bbox 1130 765 1324 811; x_wconf 89' lang='lat' dir='ltr'>decedere,</span> <span class='ocrx_word' id='word_1_75' title='bbox 1354 768 1506 804; x_wconf 75' lang='lat' dir='ltr'>coaCtus</span> <span class='ocrx_word' id='word_1_76' title='bbox 1526 765 1604 803; x_wconf 87' lang='lat' dir='ltr'>est:</span> <span class='ocrx_word' id='word_1_77' title='bbox 1637 778 1749 803; x_wconf 90' lang='lat' dir='ltr'>orne-</span> 
     </span>
     <span class='ocr_line' id='line_1_12' title="bbox 361 830 1752 883; baseline -0.004 -9"><span class='ocrx_word' id='word_1_78' title='bbox 361 845 425 874; x_wconf 89' lang='lat' dir='ltr'>tur</span> <span class='ocrx_word' id='word_1_79' title='bbox 454 835 547 873; x_wconf 88' lang='lat' dir='ltr'>alter</span> <span class='ocrx_word' id='word_1_80' title='bbox 577 834 720 872; x_wconf 83' lang='lat' dir='ltr'>eximia</span> <span class='ocrx_word' id='word_1_81' title='bbox 746 832 856 870; x_wconf 91' lang='lat' dir='ltr'>laude</span> <span class='ocrx_word' id='word_1_82' title='bbox 881 830 1103 876; x_wconf 86' lang='lat' dir='ltr'>Africanus,</span> <span class='ocrx_word' id='word_1_83' title='bbox 1133 830 1202 883; x_wconf 91' lang='lat' dir='ltr'>qui</span> <span class='ocrx_word' id='word_1_84' title='bbox 1228 830 1320 869; x_wconf 84' lang='lat' dir='ltr'>duas</span> <span class='ocrx_word' id='word_1_85' title='bbox 1341 831 1452 869; x_wconf 87' lang='lat' dir='ltr'>urbes</span> <span class='ocrx_word' id='word_1_86' title='bbox 1473 831 1565 869; x_wconf 91' lang='lat' dir='ltr'>huic</span> <span class='ocrx_word' id='word_1_87' title='bbox 1586 831 1752 883; x_wconf 87' lang='lat' dir='ltr'>imperio</span> 
     </span>
     <span class='ocr_line' id='line_1_13' title="bbox 363 894 1754 952; baseline -0.004 -12"><span class='ocrx_word' id='word_1_88' title='bbox 363 900 630 945; x_wconf 86' lang='lat' dir='ltr'>infestiffimas,</span> <span class='ocrx_word' id='word_1_89' title='bbox 672 898 949 952; x_wconf 85' lang='lat' dir='ltr'>Carthaginem</span> <span class='ocrx_word' id='word_1_90' title='bbox 981 897 1333 950; x_wconf 84' lang='lat' dir='ltr'>Numantiamque,</span> <span class='ocrx_word' id='word_1_91' title='bbox 1368 897 1533 936; x_wconf 87' lang='lat' dir='ltr'>delevit:</span> <span class='ocrx_word' id='word_1_92' title='bbox 1570 894 1754 934; x_wconf 84' lang='lat' dir='ltr'>habeatur</span> 
     </span>
     <span class='ocr_line' id='line_1_14' title="bbox 363 962 1752 1021; baseline -0.004 -14"><span class='ocrx_word' id='word_1_93' title='bbox 363 969 420 1007; x_wconf 87' lang='lat' dir='ltr'>vir</span> <span class='ocrx_word' id='word_1_94' title='bbox 449 968 624 1021; x_wconf 84' lang='lat' dir='ltr'>egregius</span> <span class='ocrx_word' id='word_1_95' title='bbox 655 968 704 1005; x_wconf 91' lang='lat' dir='ltr'>L.</span> <span class='ocrx_word' id='word_1_96' title='bbox 738 965 893 1010; x_wconf 85' lang='lat' dir='ltr'>Paulus,</span> <span class='ocrx_word' id='word_1_97' title='bbox 929 964 1009 1009; x_wconf 86' lang='lat' dir='ltr'>ille,</span> <span class='ocrx_word' id='word_1_98' title='bbox 1044 964 1154 1017; x_wconf 84' lang='lat' dir='ltr'>cujus</span> <span class='ocrx_word' id='word_1_99' title='bbox 1185 978 1343 1002; x_wconf 90' lang='lat' dir='ltr'>currum</span> <span class='ocrx_word' id='word_1_100' title='bbox 1375 977 1440 1002; x_wconf 81' lang='lat' dir='ltr'>rex</span> <span class='ocrx_word' id='word_1_101' title='bbox 1470 962 1752 1017; x_wconf 72' lang='lat' dir='ltr'>potentissimus</span> 
     </span>
     <span class='ocr_line' id='line_1_15' title="bbox 362 1029 1753 1088; baseline -0.004 -15"><span class='ocrx_word' id='word_1_102' title='bbox 362 1034 558 1088; x_wconf 85' lang='lat' dir='ltr'>quondam</span> <span class='ocrx_word' id='word_1_103' title='bbox 578 1042 616 1071; x_wconf 90' lang='lat' dir='ltr'>et</span> <span class='ocrx_word' id='word_1_104' title='bbox 636 1032 908 1077; x_wconf 87' lang='lat' dir='ltr'>nobiliffimus,</span> <span class='ocrx_word' id='word_1_105' title='bbox 939 1030 1082 1076; x_wconf 85' lang='lat' dir='ltr'>Perses,</span> <span class='ocrx_word' id='word_1_106' title='bbox 1112 1029 1353 1070; x_wconf 89' lang='lat' dir='ltr'>honestavit:</span> <span class='ocrx_word' id='word_1_107' title='bbox 1385 1030 1430 1069; x_wconf 92' lang='lat' dir='ltr'>fit</span> <span class='ocrx_word' id='word_1_108' title='bbox 1449 1030 1490 1068; x_wconf 90' lang='lat' dir='ltr'>in</span> <span class='ocrx_word' id='word_1_109' title='bbox 1510 1038 1647 1077; x_wconf 71' lang='lat' dir='ltr'>aeterna</span> <span class='ocrx_word' id='word_1_110' title='bbox 1665 1029 1753 1082; x_wconf 88' lang='lat' dir='ltr'>glo-</span> 
     </span>
     <span class='ocr_line' id='line_1_16' title="bbox 364 1096 1753 1152; baseline -0.004 -12"><span class='ocrx_word' id='word_1_111' title='bbox 364 1102 416 1140; x_wconf 88' lang='lat' dir='ltr'>ria</span> <span class='ocrx_word' id='word_1_112' title='bbox 443 1101 607 1145; x_wconf 88' lang='lat' dir='ltr'>Marius,</span> <span class='ocrx_word' id='word_1_113' title='bbox 638 1100 706 1152; x_wconf 87' lang='lat' dir='ltr'>qui</span> <span class='ocrx_word' id='word_1_114' title='bbox 735 1099 792 1138; x_wconf 91' lang='lat' dir='ltr'>bis</span> <span class='ocrx_word' id='word_1_115' title='bbox 820 1098 972 1137; x_wconf 90' lang='lat' dir='ltr'>Italiam</span> <span class='ocrx_word' id='word_1_116' title='bbox 998 1097 1194 1136; x_wconf 87' lang='lat' dir='ltr'>obfidione</span> <span class='ocrx_word' id='word_1_117' title='bbox 1219 1106 1257 1135; x_wconf 89' lang='lat' dir='ltr'>et</span> <span class='ocrx_word' id='word_1_118' title='bbox 1276 1106 1385 1136; x_wconf 90' lang='lat' dir='ltr'>metu</span> <span class='ocrx_word' id='word_1_119' title='bbox 1405 1096 1592 1135; x_wconf 88' lang='lat' dir='ltr'>servitutis</span> <span class='ocrx_word' id='word_1_120' title='bbox 1612 1096 1753 1134; x_wconf 90' lang='lat' dir='ltr'>libera-</span> 
     </span>
     <span class='ocr_line' id='line_1_17' title="bbox 362 1163 1752 1220; baseline -0.004 -13"><span class='ocrx_word' id='word_1_121' title='bbox 362 1168 442 1207; x_wconf 92' lang='lat' dir='ltr'>vit:</span> <span class='ocrx_word' id='word_1_122' title='bbox 475 1176 725 1220; x_wconf 89' lang='lat' dir='ltr'>anteponatur</span> <span class='ocrx_word' id='word_1_123' title='bbox 745 1165 928 1204; x_wconf 90' lang='lat' dir='ltr'>omnibus</span> <span class='ocrx_word' id='word_1_124' title='bbox 950 1164 1173 1216; x_wconf 89' lang='lat' dir='ltr'>Pompeius,</span> <span class='ocrx_word' id='word_1_125' title='bbox 1204 1165 1314 1216; x_wconf 90' lang='lat' dir='ltr'>cujus</span> <span class='ocrx_word' id='word_1_126' title='bbox 1335 1176 1391 1202; x_wconf 87' lang='lat' dir='ltr'>res</span> <span class='ocrx_word' id='word_1_127' title='bbox 1412 1163 1522 1216; x_wconf 85' lang='lat' dir='ltr'>gestae</span> <span class='ocrx_word' id='word_1_128' title='bbox 1541 1172 1655 1216; x_wconf 90' lang='lat' dir='ltr'>atque</span> <span class='ocrx_word' id='word_1_129' title='bbox 1674 1163 1752 1202; x_wconf 90' lang='lat' dir='ltr'>vir-</span> 
     </span>
     <span class='ocr_line' id='line_1_18' title="bbox 364 1229 1753 1284; baseline -0.004 -12"><span class='ocrx_word' id='word_1_130' title='bbox 364 1243 465 1272; x_wconf 88' lang='lat' dir='ltr'>tutes</span> <span class='ocrx_word' id='word_1_131' title='bbox 494 1233 643 1278; x_wconf 91' lang='lat' dir='ltr'>iisdem,</span> <span class='ocrx_word' id='word_1_132' title='bbox 674 1232 816 1284; x_wconf 89' lang='lat' dir='ltr'>quibus</span> <span class='ocrx_word' id='word_1_133' title='bbox 844 1230 931 1269; x_wconf 89' lang='lat' dir='ltr'>solis</span> <span class='ocrx_word' id='word_1_134' title='bbox 951 1229 1095 1275; x_wconf 86' lang='lat' dir='ltr'>cursus,</span> <span class='ocrx_word' id='word_1_135' title='bbox 1128 1230 1349 1283; x_wconf 84' lang='lat' dir='ltr'>regionibus</span> <span class='ocrx_word' id='word_1_136' title='bbox 1369 1243 1411 1268; x_wconf 88' lang='lat' dir='ltr'>ac</span> <span class='ocrx_word' id='word_1_137' title='bbox 1432 1229 1605 1268; x_wconf 87' lang='lat' dir='ltr'>terminis</span> <span class='ocrx_word' id='word_1_138' title='bbox 1625 1230 1753 1267; x_wconf 89' lang='lat' dir='ltr'>conti-</span> 
     </span>
     <span class='ocr_line' id='line_1_19' title="bbox 365 1295 1754 1351; baseline -0.004 -13"><span class='ocrx_word' id='word_1_139' title='bbox 365 1310 517 1339; x_wconf 84' lang='lat' dir='ltr'>nentur.</span> <span class='ocrx_word' id='word_1_140' title='bbox 556 1299 643 1337; x_wconf 85' lang='lat' dir='ltr'>Erit</span> <span class='ocrx_word' id='word_1_141' title='bbox 672 1297 845 1351; x_wconf 62' lang='lat' dir='ltr'>profecto</span> <span class='ocrx_word' id='word_1_142' title='bbox 874 1297 973 1336; x_wconf 90' lang='lat' dir='ltr'>inter</span> <span class='ocrx_word' id='word_1_143' title='bbox 1002 1295 1146 1335; x_wconf 92' lang='lat' dir='ltr'>horum</span> <span class='ocrx_word' id='word_1_144' title='bbox 1178 1296 1305 1335; x_wconf 90' lang='lat' dir='ltr'>laudes</span> <span class='ocrx_word' id='word_1_145' title='bbox 1337 1297 1483 1349; x_wconf 90' lang='lat' dir='ltr'>aliquid</span> <span class='ocrx_word' id='word_1_146' title='bbox 1515 1296 1590 1334; x_wconf 91' lang='lat' dir='ltr'>loci</span> <span class='ocrx_word' id='word_1_147' title='bbox 1621 1295 1754 1333; x_wconf 89' lang='lat' dir='ltr'>nostrae</span> 
     </span>
     <span class='ocr_line' id='line_1_20' title="bbox 364 1361 1756 1419; baseline -0.004 -15"><span class='ocrx_word' id='word_1_148' title='bbox 364 1366 518 1419; x_wconf 82' lang='lat' dir='ltr'>gloriae:</span> <span class='ocrx_word' id='word_1_149' title='bbox 559 1365 629 1403; x_wconf 86' lang='lat' dir='ltr'>nifi</span> <span class='ocrx_word' id='word_1_150' title='bbox 660 1363 759 1402; x_wconf 92' lang='lat' dir='ltr'>forte</span> <span class='ocrx_word' id='word_1_151' title='bbox 790 1364 914 1416; x_wconf 88' lang='lat' dir='ltr'>majus</span> <span class='ocrx_word' id='word_1_152' title='bbox 945 1363 997 1401; x_wconf 92' lang='lat' dir='ltr'>est</span> <span class='ocrx_word' id='word_1_153' title='bbox 1027 1361 1238 1416; x_wconf 87' lang='lat' dir='ltr'>patefacere</span> <span class='ocrx_word' id='word_1_154' title='bbox 1268 1363 1378 1401; x_wconf 90' lang='lat' dir='ltr'>nobis</span> <span class='ocrx_word' id='word_1_155' title='bbox 1409 1362 1637 1415; x_wconf 84' lang='lat' dir='ltr'>provinciaS‚</span> <span class='ocrx_word' id='word_1_156' title='bbox 1677 1375 1756 1414; x_wconf 89' lang='lat' dir='ltr'>quo</span> 
     </span>
     <span class='ocr_line' id='line_1_21' title="bbox 365 1427 1753 1484; baseline -0.003 -14"><span class='ocrx_word' id='word_1_157' title='bbox 365 1432 468 1471; x_wconf 87' lang='lat' dir='ltr'>exire</span> <span class='ocrx_word' id='word_1_158' title='bbox 489 1430 684 1484; x_wconf 84' lang='lat' dir='ltr'>poffimus,</span> <span class='ocrx_word' id='word_1_159' title='bbox 716 1444 833 1483; x_wconf 92' lang='lat' dir='ltr'>quam</span> <span class='ocrx_word' id='word_1_160' title='bbox 853 1443 997 1475; x_wconf 89' lang='lat' dir='ltr'>curare,</span> <span class='ocrx_word' id='word_1_161' title='bbox 1019 1437 1062 1467; x_wconf 91' lang='lat' dir='ltr'>ut</span> <span class='ocrx_word' id='word_1_162' title='bbox 1081 1429 1198 1468; x_wconf 86' lang='lat' dir='ltr'>etiam</span> <span class='ocrx_word' id='word_1_163' title='bbox 1218 1429 1292 1474; x_wconf 91' lang='lat' dir='ltr'>illi,</span> <span class='ocrx_word' id='word_1_164' title='bbox 1313 1429 1382 1481; x_wconf 92' lang='lat' dir='ltr'>qui</span> <span class='ocrx_word' id='word_1_165' title='bbox 1401 1428 1551 1473; x_wconf 87' lang='lat' dir='ltr'>absunt,</span> <span class='ocrx_word' id='word_1_166' title='bbox 1573 1427 1753 1473; x_wconf 86' lang='lat' dir='ltr'>habeant,</span> 
     </span>
     <span class='ocr_line' id='line_1_22' title="bbox 366 1498 1433 1551; baseline -0.004 -15"><span class='ocrx_word' id='word_1_167' title='bbox 366 1511 445 1551; x_wconf 90' lang='lat' dir='ltr'>quo</span> <span class='ocrx_word' id='word_1_168' title='bbox 466 1498 623 1535; x_wconf 68' lang='lat' dir='ltr'>victores</span> <span class='ocrx_word' id='word_1_169' title='bbox 644 1505 891 1535; x_wconf 86' lang='lat' dir='ltr'>revertantur.</span> <span class='ocrx_word' id='word_1_170' title='bbox 1431 1503 1433 1505; x_wconf 84' lang='grc'><em>“</em></span> 
     </span>
    </p>

    <p class='ocr_par' dir='ltr' id='par_1_5' title="bbox 366 1560 1758 2476">
     <span class='ocr_line' id='line_1_23' title="bbox 421 1560 1756 1617; baseline -0.001 -15"><span class='ocrx_word' id='word_1_171' title='bbox 421 1565 658 1617; x_wconf 86' lang='lat' dir='ltr'>Qanquam</span> <span class='ocrx_word' id='word_1_172' title='bbox 687 1563 740 1601; x_wconf 88' lang='lat' dir='ltr'>est</span> <span class='ocrx_word' id='word_1_173' title='bbox 775 1577 852 1601; x_wconf 91' lang='lat' dir='ltr'>uno</span> <span class='ocrx_word' id='word_1_174' title='bbox 884 1563 972 1601; x_wconf 90' lang='lat' dir='ltr'>loco</span> <span class='ocrx_word' id='word_1_175' title='bbox 1006 1563 1180 1602; x_wconf 87' lang='lat' dir='ltr'>conditio</span> <span class='ocrx_word' id='word_1_176' title='bbox 1214 1563 1352 1602; x_wconf 88' lang='lat' dir='ltr'>melior</span> <span class='ocrx_word' id='word_1_177' title='bbox 1384 1572 1548 1602; x_wconf 81' lang='lat' dir='ltr'>externae</span> <span class='ocrx_word' id='word_1_178' title='bbox 1575 1560 1756 1606; x_wconf 69' lang='lat' dir='ltr'>vi&amp;0riae,</span> 
     </span>
     <span class='ocr_line' id='line_1_24' title="bbox 367 1628 1754 1684; baseline -0.001 -16"><span class='ocrx_word' id='word_1_179' title='bbox 367 1644 483 1684; x_wconf 84' lang='lat' dir='ltr'>quam</span> <span class='ocrx_word' id='word_1_180' title='bbox 505 1630 718 1668; x_wconf 76' lang='lat' dir='ltr'>domesticae</span> <span class='ocrx_word' id='word_1_181' title='bbox 732 1648 746 1675; x_wconf 77' lang='lat'>3</span> <span class='ocrx_word' id='word_1_182' title='bbox 777 1629 883 1682; x_wconf 89' lang='lat' dir='ltr'>quod</span> <span class='ocrx_word' id='word_1_183' title='bbox 902 1628 1026 1667; x_wconf 85' lang='lat' dir='ltr'>hostes</span> <span class='ocrx_word' id='word_1_184' title='bbox 1051 1629 1272 1683; x_wconf 83' lang='lat' dir='ltr'>alienigenae</span> <span class='ocrx_word' id='word_1_185' title='bbox 1297 1639 1363 1668; x_wconf 90' lang='lat' dir='ltr'>aut</span> <span class='ocrx_word' id='word_1_186' title='bbox 1388 1629 1547 1683; x_wconf 86' lang='lat' dir='ltr'>opprefli</span> <span class='ocrx_word' id='word_1_187' title='bbox 1574 1629 1754 1672; x_wconf 82' lang='lat' dir='ltr'>serviunt,</span> 
     </span>
     <span class='ocr_line' id='line_1_25' title="bbox 366 1696 1756 1750; baseline -0.003 -15"><span class='ocrx_word' id='word_1_188' title='bbox 366 1707 430 1735; x_wconf 89' lang='lat' dir='ltr'>aut</span> <span class='ocrx_word' id='word_1_189' title='bbox 450 1698 593 1750; x_wconf 89' lang='lat' dir='ltr'>recepti</span> <span class='ocrx_word' id='word_1_190' title='bbox 614 1696 801 1735; x_wconf 85' lang='lat' dir='ltr'>beneficio</span> <span class='ocrx_word' id='word_1_191' title='bbox 822 1696 857 1734; x_wconf 90' lang='lat' dir='ltr'>se</span> <span class='ocrx_word' id='word_1_192' title='bbox 876 1696 1067 1748; x_wconf 84' lang='lat' dir='ltr'>obligatos</span> <span class='ocrx_word' id='word_1_193' title='bbox 1087 1705 1226 1748; x_wconf 89' lang='lat' dir='ltr'>putant</span> <span class='ocrx_word' id='word_1_194' title='bbox 1243 1712 1252 1735; x_wconf 91' lang='lat'><strong>:</strong></span> <span class='ocrx_word' id='word_1_195' title='bbox 1287 1697 1355 1749; x_wconf 84' lang='lat' dir='ltr'>qui</span> <span class='ocrx_word' id='word_1_196' title='bbox 1375 1706 1504 1734; x_wconf 89' lang='lat' dir='ltr'>autem</span> <span class='ocrx_word' id='word_1_197' title='bbox 1525 1710 1572 1734; x_wconf 87' lang='lat' dir='ltr'>ex</span> <span class='ocrx_word' id='word_1_198' title='bbox 1592 1707 1756 1733; x_wconf 89' lang='lat' dir='ltr'>numero</span> 
     </span>
     <span class='ocr_line' id='line_1_26' title="bbox 366 1760 1755 1814; baseline -0.003 -13"><span class='ocrx_word' id='word_1_199' title='bbox 366 1764 512 1801; x_wconf 77' lang='lat' dir='ltr'>civium</span> <span class='ocrx_word' id='word_1_200' title='bbox 531 1764 725 1801; x_wconf 87' lang='lat' dir='ltr'>dementia</span> <span class='ocrx_word' id='word_1_201' title='bbox 744 1763 872 1814; x_wconf 88' lang='lat' dir='ltr'>aliqua</span> <span class='ocrx_word' id='word_1_202' title='bbox 891 1761 1085 1814; x_wconf 87' lang='lat' dir='ltr'>depravati</span> <span class='ocrx_word' id='word_1_203' title='bbox 1104 1760 1228 1799; x_wconf 84' lang='lat' dir='ltr'>hostes</span> <span class='ocrx_word' id='word_1_204' title='bbox 1248 1762 1379 1814; x_wconf 84' lang='lat' dir='ltr'>patriae</span> <span class='ocrx_word' id='word_1_205' title='bbox 1399 1761 1513 1799; x_wconf 90' lang='lat' dir='ltr'>semel</span> <span class='ocrx_word' id='word_1_206' title='bbox 1534 1760 1604 1798; x_wconf 85' lang='lat' dir='ltr'>effe</span> <span class='ocrx_word' id='word_1_207' title='bbox 1624 1773 1755 1812; x_wconf 85' lang='lat' dir='ltr'>coepe-</span> 
     </span>
     <span class='ocr_line' id='line_1_27' title="bbox 368 1826 1753 1880; baseline -0.003 -14"><span class='ocrx_word' id='word_1_208' title='bbox 368 1838 470 1873; x_wconf 88' lang='lat' dir='ltr'>runt,</span> <span class='ocrx_word' id='word_1_209' title='bbox 500 1842 594 1876; x_wconf 49' lang='grc' dir='ltr'>εῑοε,ν</span> <span class='ocrx_word' id='word_1_210' title='bbox 611 1842 703 1866; x_wconf 90' lang='lat' dir='ltr'>cum</span> <span class='ocrx_word' id='word_1_211' title='bbox 724 1841 744 1865; x_wconf 93' lang='lat' dir='ltr'>a</span> <span class='ocrx_word' id='word_1_212' title='bbox 762 1827 930 1880; x_wconf 83' lang='lat' dir='ltr'>pernicie</span> <span class='ocrx_word' id='word_1_213' title='bbox 950 1826 1171 1879; x_wconf 81' lang='lat' dir='ltr'>reipublicae</span> <span class='ocrx_word' id='word_1_214' title='bbox 1191 1826 1387 1879; x_wconf 86' lang='lat' dir='ltr'>repuleris,</span> <span class='ocrx_word' id='word_1_215' title='bbox 1420 1840 1489 1864; x_wconf 89' lang='lat' dir='ltr'>nec</span> <span class='ocrx_word' id='word_1_216' title='bbox 1509 1826 1547 1864; x_wconf 92' lang='lat' dir='ltr'>vi</span> <span class='ocrx_word' id='word_1_217' title='bbox 1567 1838 1753 1870; x_wconf 88' lang='lat' dir='ltr'>coercere,</span> 
     </span>
     <span class='ocr_line' id='line_1_28' title="bbox 367 1891 1756 1945; baseline -0.002 -13"><span class='ocrx_word' id='word_1_218' title='bbox 367 1908 438 1932; x_wconf 89' lang='lat' dir='ltr'>nec</span> <span class='ocrx_word' id='word_1_219' title='bbox 465 1893 653 1932; x_wconf 83' lang='lat' dir='ltr'>beneficio</span> <span class='ocrx_word' id='word_1_220' title='bbox 679 1894 840 1945; x_wconf 88' lang='lat' dir='ltr'>placare,</span> <span class='ocrx_word' id='word_1_221' title='bbox 870 1891 996 1945; x_wconf 86' lang='lat' dir='ltr'>poffis.</span> <span class='ocrx_word' id='word_1_222' title='bbox 1028 1893 1158 1944; x_wconf 86' lang='lat' dir='ltr'>Qare</span> <span class='ocrx_word' id='word_1_223' title='bbox 1188 1892 1288 1930; x_wconf 88' lang='lat' dir='ltr'>mihi</span> <span class='ocrx_word' id='word_1_224' title='bbox 1315 1906 1408 1930; x_wconf 91' lang='lat' dir='ltr'>cum</span> <span class='ocrx_word' id='word_1_225' title='bbox 1428 1891 1586 1945; x_wconf 87' lang='lat' dir='ltr'>perditis</span> <span class='ocrx_word' id='word_1_226' title='bbox 1606 1891 1756 1929; x_wconf 84' lang='lat' dir='ltr'>civibus</span> 
     </span>
     <span class='ocr_line' id='line_1_29' title="bbox 368 1957 1755 2011; baseline -0.001 -13"><span class='ocrx_word' id='word_1_227' title='bbox 368 1969 554 1999; x_wconf 83' lang='lat' dir='ltr'>aeternum</span> <span class='ocrx_word' id='word_1_228' title='bbox 583 1959 731 1997; x_wconf 87' lang='lat' dir='ltr'>bellum</span> <span class='ocrx_word' id='word_1_229' title='bbox 761 1958 977 2011; x_wconf 88' lang='lat' dir='ltr'>susceptum</span> <span class='ocrx_word' id='word_1_230' title='bbox 1007 1958 1077 1997; x_wconf 84' lang='lat' dir='ltr'>effe</span> <span class='ocrx_word' id='word_1_231' title='bbox 1103 1959 1214 1997; x_wconf 92' lang='lat' dir='ltr'>video</span> <span class='ocrx_word' id='word_1_232' title='bbox 1230 1977 1241 2004; x_wconf 67' lang='grc' dir='ltr'><strong><em>ς</em></strong></span> <span class='ocrx_word' id='word_1_233' title='bbox 1274 1959 1379 2011; x_wconf 91' lang='lat' dir='ltr'>quod</span> <span class='ocrx_word' id='word_1_234' title='bbox 1399 1971 1471 2011; x_wconf 87' lang='lat' dir='ltr'>ego</span> <span class='ocrx_word' id='word_1_235' title='bbox 1491 1957 1611 1996; x_wconf 88' lang='lat' dir='ltr'>vestro</span> <span class='ocrx_word' id='word_1_236' title='bbox 1631 1957 1755 1996; x_wconf 91' lang='lat' dir='ltr'>bono-</span> 
     </span>
     <span class='ocr_line' id='line_1_30' title="bbox 368 2022 1755 2077; baseline -0.002 -13"><span class='ocrx_word' id='word_1_237' title='bbox 368 2037 535 2077; x_wconf 90' lang='lat' dir='ltr'>rumque</span> <span class='ocrx_word' id='word_1_238' title='bbox 563 2024 742 2062; x_wconf 92' lang='lat' dir='ltr'>omnium</span> <span class='ocrx_word' id='word_1_239' title='bbox 773 2023 930 2068; x_wconf 86' lang='lat' dir='ltr'>auxilio,</span> <span class='ocrx_word' id='word_1_240' title='bbox 961 2023 1225 2076; x_wconf 87' lang='lat' dir='ltr'>memoriaque</span> <span class='ocrx_word' id='word_1_241' title='bbox 1256 2032 1451 2062; x_wconf 90' lang='lat' dir='ltr'>tantorum</span> <span class='ocrx_word' id='word_1_242' title='bbox 1480 2022 1755 2076; x_wconf 85' lang='lat' dir='ltr'>periculorum,</span> 
     </span>
     <span class='ocr_line' id='line_1_31' title="bbox 369 2089 1757 2144; baseline -0.002 -14"><span class='ocrx_word' id='word_1_243' title='bbox 369 2105 454 2144; x_wconf 82' lang='lat' dir='ltr'>quae</span> <span class='ocrx_word' id='word_1_244' title='bbox 484 2104 561 2128; x_wconf 88' lang='lat' dir='ltr'>non</span> <span class='ocrx_word' id='word_1_245' title='bbox 593 2091 710 2128; x_wconf 89' lang='lat' dir='ltr'>modo</span> <span class='ocrx_word' id='word_1_246' title='bbox 740 2091 779 2127; x_wconf 92' lang='lat' dir='ltr'>in</span> <span class='ocrx_word' id='word_1_247' title='bbox 812 2089 886 2128; x_wconf 87' lang='lat' dir='ltr'>hoc</span> <span class='ocrx_word' id='word_1_248' title='bbox 914 2090 1072 2142; x_wconf 86' lang='lat' dir='ltr'>populo,</span> <span class='ocrx_word' id='word_1_249' title='bbox 1103 2090 1171 2142; x_wconf 89' lang='lat' dir='ltr'>qui</span> <span class='ocrx_word' id='word_1_250' title='bbox 1199 2090 1361 2129; x_wconf 87' lang='lat' dir='ltr'>servatus</span> <span class='ocrx_word' id='word_1_251' title='bbox 1388 2090 1453 2135; x_wconf 88' lang='lat' dir='ltr'>est,</span> <span class='ocrx_word' id='word_1_252' title='bbox 1485 2089 1545 2127; x_wconf 89' lang='lat' dir='ltr'>sed</span> <span class='ocrx_word' id='word_1_253' title='bbox 1573 2090 1690 2127; x_wconf 88' lang='lat' dir='ltr'>etiam</span> <span class='ocrx_word' id='word_1_254' title='bbox 1716 2089 1757 2127; x_wconf 89' lang='lat' dir='ltr'>in</span> 
     </span>
     <span class='ocr_line' id='line_1_32' title="bbox 369 2154 1758 2208; baseline -0.001 -13"><span class='ocrx_word' id='word_1_255' title='bbox 369 2156 548 2196; x_wconf 88' lang='lat' dir='ltr'>omnium</span> <span class='ocrx_word' id='word_1_256' title='bbox 575 2157 751 2208; x_wconf 87' lang='lat' dir='ltr'>gentium</span> <span class='ocrx_word' id='word_1_257' title='bbox 778 2155 1015 2194; x_wconf 88' lang='lat' dir='ltr'>sermonibus</span> <span class='ocrx_word' id='word_1_258' title='bbox 1042 2169 1085 2194; x_wconf 89' lang='lat' dir='ltr'>ac</span> <span class='ocrx_word' id='word_1_259' title='bbox 1117 2156 1327 2202; x_wconf 88' lang='lat' dir='ltr'>mentibus,</span> <span class='ocrx_word' id='word_1_260' title='bbox 1360 2156 1506 2208; x_wconf 89' lang='lat' dir='ltr'>semper</span> <span class='ocrx_word' id='word_1_261' title='bbox 1534 2154 1707 2200; x_wconf 86' lang='lat' dir='ltr'>haerebit,</span> <span class='ocrx_word' id='word_1_262' title='bbox 1737 2168 1758 2192; x_wconf 88' lang='lat' dir='ltr'>a</span> 
     </span>
     <span class='ocr_line' id='line_1_33' title="bbox 371 2222 1755 2277; baseline -0.002 -14"><span class='ocrx_word' id='word_1_263' title='bbox 371 2238 448 2269; x_wconf 89' lang='lat' dir='ltr'>me,</span> <span class='ocrx_word' id='word_1_264' title='bbox 470 2232 584 2276; x_wconf 82' lang='lat' dir='ltr'>atque</span> <span class='ocrx_word' id='word_1_265' title='bbox 605 2224 715 2268; x_wconf 85' lang='lat' dir='ltr'>meis,</span> <span class='ocrx_word' id='word_1_266' title='bbox 737 2222 849 2261; x_wconf 86' lang='lat' dir='ltr'>facile</span> <span class='ocrx_word' id='word_1_267' title='bbox 869 2222 1078 2276; x_wconf 84' lang='lat' dir='ltr'>propulsari</span> <span class='ocrx_word' id='word_1_268' title='bbox 1098 2223 1198 2277; x_wconf 77' lang='lat' dir='ltr'>posse</span> <span class='ocrx_word' id='word_1_269' title='bbox 1217 2223 1384 2262; x_wconf 89' lang='lat' dir='ltr'>confido.</span> <span class='ocrx_word' id='word_1_270' title='bbox 1408 2224 1548 2275; x_wconf 90' lang='lat' dir='ltr'>Neque</span> <span class='ocrx_word' id='word_1_271' title='bbox 1569 2222 1646 2260; x_wconf 90' lang='lat' dir='ltr'>ulla</span> <span class='ocrx_word' id='word_1_272' title='bbox 1665 2235 1755 2275; x_wconf 89' lang='lat' dir='ltr'>pro·</span> 
     </span>
     <span class='ocr_line' id='line_1_34' title="bbox 371 2289 1756 2343; baseline -0.002 -14"><span class='ocrx_word' id='word_1_273' title='bbox 371 2291 471 2329; x_wconf 61' lang='lat' dir='ltr'>fecto</span> <span class='ocrx_word' id='word_1_274' title='bbox 493 2299 594 2328; x_wconf 87' lang='lat' dir='ltr'>tanta</span> <span class='ocrx_word' id='word_1_275' title='bbox 615 2291 669 2328; x_wconf 87' lang='lat' dir='ltr'>vis</span> <span class='ocrx_word' id='word_1_276' title='bbox 689 2290 911 2343; x_wconf 86' lang='lat' dir='ltr'>reperietur,</span> <span class='ocrx_word' id='word_1_277' title='bbox 940 2303 1024 2342; x_wconf 85' lang='lat' dir='ltr'>quae</span> <span class='ocrx_word' id='word_1_278' title='bbox 1044 2291 1357 2343; x_wconf 60' lang='lat' dir='ltr'>conjunctionem</span> <span class='ocrx_word' id='word_1_279' title='bbox 1377 2289 1535 2328; x_wconf 90' lang='lat' dir='ltr'>vestram</span> <span class='ocrx_word' id='word_1_280' title='bbox 1556 2290 1756 2342; x_wconf 87' lang='lat' dir='ltr'>equitum-</span> 
     </span>
     <span class='ocr_line' id='line_1_35' title="bbox 371 2355 1757 2410; baseline -0.001 -16"><span class='ocrx_word' id='word_1_281' title='bbox 371 2370 446 2408; x_wconf 90' lang='lat' dir='ltr'>que</span> <span class='ocrx_word' id='word_1_282' title='bbox 467 2357 748 2401; x_wconf 86' lang='lat' dir='ltr'>Romanorum,</span> <span class='ocrx_word' id='word_1_283' title='bbox 779 2365 817 2394; x_wconf 90' lang='lat' dir='ltr'>et</span> <span class='ocrx_word' id='word_1_284' title='bbox 836 2365 981 2394; x_wconf 87' lang='lat' dir='ltr'>tantam</span> <span class='ocrx_word' id='word_1_285' title='bbox 1001 2356 1321 2410; x_wconf 88' lang='lat' dir='ltr'>conspirationem</span> <span class='ocrx_word' id='word_1_286' title='bbox 1345 2357 1536 2396; x_wconf 86' lang='lat' dir='ltr'>bonorum</span> <span class='ocrx_word' id='word_1_287' title='bbox 1562 2355 1757 2399; x_wconf 88' lang='lat' dir='ltr'>omnium,</span> 
     </span>
     <span class='ocr_line' id='line_1_36' title="bbox 368 2421 1045 2476; baseline 0.003 -17"><span class='ocrx_word' id='word_1_288' title='bbox 368 2421 604 2476; x_wconf 81' lang='lat' dir='ltr'>perfringere</span> <span class='ocrx_word' id='word_1_289' title='bbox 624 2432 662 2461; x_wconf 87' lang='lat' dir='ltr'>et</span> <span class='ocrx_word' id='word_1_290' title='bbox 680 2421 900 2462; x_wconf 65' lang='lat' dir='ltr'>labefactare</span> <span class='ocrx_word' id='word_1_291' title='bbox 919 2422 1045 2476; x_wconf 87' lang='lat' dir='ltr'>poffit.</span> 
     </span>
    </p>
   </div>
  </div>
 </body>
</html>
