2212 2835
601 213 693 252 DE
752 214 947 253 LEGE
1005 214 1363 255 AGRARIA.
1625 232 1698 272 119

355 315 577 369 Perspicite,
599 323 742 368 quanta
760 315 922 368 potestas
943 315 1216 368 permittatur:
1242 329 1320 354 non
1339 315 1576 369 privatorum
1598 316 1704 355 insa-⁷

299 381 419 427 niam,
451 382 513 420 sed
534 381 819 420 intolerantiam
842 394 992 433 regum,
1023 381 1093 418 effe
1114 381 1264 419 dicetis.
1297 382 1477 421 Primum
1500 385 1699 435 permitti-

298 456 361 486 tur
380 448 532 487 infinita
551 447 711 500 potestas
730 447 1025 485 innumerabilis
1046 447 1220 499 pecuniae
1236 447 1486 487 conficiendae
1503 450 1549 487 de
1570 451 1699 488 vestris

298 513 563 566 vectigalibus,
597 526 676 550 non
713 510 900 557 fruendis,
939 512 1001 550 sed
1036 512 1270 551 alienandis:
1311 513 1449 551 deinde
1482 515 1585 553 orbis
1620 526 1699 553 ter-

297 592 441 625 rarum,
470 579 727 631 gentiumque
746 578 943 623 omnium,
966 578 1077 616 datur
1096 579 1272 631 cognitio
1292 578 1370 618 fine
1385 580 1557 625 consilio,
1587 595 1700 634 poena

295 644 372 683 fine
392 645 676 698 provocatione,
707 645 981 683 animadversio
1001 645 1079 683 fine
1098 645 1257 684 auxilio.
1289 646 1469 697 judicare
1490 661 1556 700 per
1579 648 1697 700 quin-

295 713 527 764 quennium,
560 711 620 751 vel
641 712 687 750 de
707 711 958 757 Consulibus,
981 712 1041 749 vel
1062 711 1109 750 de
1127 711 1214 765 ipfis
1237 713 1402 751 tribunis
1425 714 1564 766 plebis,
1586 724 1697 767 pote-

294 788 412 817 runt:
445 779 492 817 de
515 778 603 822 ,illis
638 778 779 817 interea
813 792 930 817 nemo
955 779 1162 831 judicabit.
1196 780 1444 833 Magistratus
1477 780 1538 819 his
1570 795 1699 833 gerere

295 843 458 883 licebit:
503 844 652 883 causam
688 845 815 883 dicere
849 858 927 882 non
961 845 1110 884 licebit.
1157 846 1299 884 Emere
1333 860 1468 899 agros,
1500 860 1520 884 a
1555 847 1698 899 quibus

294 910 440 956 volent,
461 911 519 948 vel
541 924 638 962 quos
660 911 803 956 volent,
825 924 943 963 quarn
967 910 1096 949 volent
1116 925 1272 964 magno,
1295 920 1476 965 poterunt
1495 927 1503 951 :
1528 913 1697 951 colonias

294 975 481 1014 deducere
515 990 646 1021 novas,
679 990 858 1014 renovare
888 986 1044 1021 veteres,
1082 985 1204 1015 totam
1236 978 1389 1016 Italiam
1424 978 1500 1016 suis
1532 979 1696 1017 coloniis

294 1052 337 1081 ut
375 1043 571 1096 complere
608 1043 736 1088 liceat,
775 1043 1042 1096 permittitur:
1084 1057 1218 1082 omnes
1257 1045 1473 1097 provincias
1510 1046 1695 1091 obeundi,

294 1110 436 1148 liberos
455 1110 620 1163 populos
646 1110 744 1162 agris
771 1109 978 1153 multandi,
1010 1123 1217 1162 regnorum
1246 1110 1306 1148 vel
1335 1112 1565 1156 dandorum,
1587 1112 1694 1150 sum-

294 1189 358 1214 ma
382 1177 543 1230 potestas
569 1176 693 1220 datur,
724 1189 817 1214 cum
846 1176 994 1213 velint:
1028 1176 1166 1214 Romae
1195 1176 1279 1221 effe,
1311 1190 1404 1215 cum
1439 1180 1695 1217 commodum

294 1243 368 1282 sit:
400 1255 633 1296 quacunque
662 1242 798 1288 velint,
829 1242 984 1280 summo
1014 1255 1107 1280 curn
1138 1242 1318 1295 imperio,
1343 1243 1574 1297 judicioque
1605 1260 1694 1283 orn-

293 1311 405 1349 nium
440 1325 583 1356 rerum,
624 1311 750 1363 vagari
786 1320 828 1348 ut
862 1310 989 1355 liceat,
1028 1311 1269 1349 conceditur.
1311 1312 1459 1350 Interea
1494 1313 1695 1352 dissolvant

287 1377 435 1428 judicia
454 1376 638 1430 publica:
671 1377 717 1415 de
746 1376 912 1415 consiliis
940 1376 1146 1422 abducant,
1178 1390 1275 1429 quos
1306 1378 1454 1416 velint:
1488 1379 1628 1432 finguli
1648 1381 1695 1418 de

293 1443 475 1482 maximis
508 1443 618 1482 rebus
645 1443 850 1495 judicent:
884 1443 1058 1495 quaestori
1085 1444 1338 1496 permittant:
1372 1444 1567 1483 finitorem
1596 1447 1694 1484 mit-

293 1519 404 1548 tant:
436 1518 564 1547 ratum
597 1509 656 1554 sit,
688 1509 792 1561 quod
823 1508 954 1547 finitor
987 1509 1055 1546 uni
1087 1509 1160 1554 illi,
1192 1523 1212 1546 a
1242 1522 1321 1562 quo
1349 1510 1482 1550 miffus
1513 1512 1600 1557 erit,
1632 1526 1704 1551 re-

292 1574 541 1612 nuntiaverit.

347 1640 461 1679 XIV.
492 1640 669 1679 Verbum
686 1640 787 1679 mihi
804 1640 917 1686 deest,
940 1641 1128 1693 Qirites,
1151 1655 1243 1681 cum
1260 1655 1331 1696 ego
1348 1641 1448 1682 hanc
1465 1645 1692 1697 potestatem

291 1707 435 1760 regiam
455 1707 607 1760 appello
627 1722 636 1744 :
669 1707 730 1745 sed
751 1707 924 1760 profecto
944 1709 1066 1760 major
1086 1709 1138 1747 est
1159 1710 1350 1761 quaedam.
1388 1711 1560 1749 Nullum
1584 1713 1691 1750 enim

291 1787 454 1826 regnum
474 1772 551 1811 fuit
571 1787 759 1826 unquam,
792 1774 897 1826 quod
917 1788 1009 1819 non,
1041 1775 1068 1813 fi
1087 1776 1218 1814 minus
1234 1777 1320 1828 jure
1339 1777 1484 1829 aliquo,
1506 1787 1543 1815 at
1562 1779 1690 1830 regio-

290 1839 404 1878 nibus
434 1848 562 1878 tamen
589 1840 717 1885 certis,
749 1841 1038 1878 contineretur:
1070 1840 1147 1880 hoc
1175 1855 1263 1880 vero
1291 1842 1492 1881 infinitum
1513 1843 1578 1888 est,
1611 1858 1690 1897 quo

287 1914 326 1944 et
346 1919 460 1959 regna
479 1906 625 1951 omnia,
655 1915 693 1944 et
720 1907 885 1945 vestrum
913 1907 1138 1960 imperium,
1170 1909 1275 1960 quod
1302 1909 1479 1948 latiffime
1504 1919 1620 1963 patet,
1652 1920 1690 1950 et

285 1985 340 2017 ea,
371 1986 455 2024 quae
475 1973 617 2026 partim
637 1972 757 2011 libera
776 1987 796 2011 a
816 1974 938 2019 vobis,
961 1975 1102 2027 partim
1123 1975 1241 2013 etiam
1261 1976 1434 2028 ignorata
1454 1977 1562 2015 vobis
1584 1977 1686 2022 sunt,

287 2038 470 2092 permiffu
489 2039 583 2092 legis
603 2040 865 2079 continentur.

341 2107 468 2145 Datur
501 2107 620 2160 igitur
655 2108 707 2145 eis
743 2108 931 2160 primum,
968 2117 1012 2146 ut
1045 2109 1157 2146 liceat
1185 2109 1237 2147 eis
1270 2109 1431 2148 vendere
1461 2111 1607 2156 omnia,
1640 2111 1686 2149 de

288 2172 430 2224 quibus
464 2173 669 2212 vendendis
705 2174 1024 2213 senatusconsulta
1058 2175 1156 2213 faeta
1189 2176 1289 2220 sunt,
1322 2176 1384 2215 M.
1422 2178 1574 2222 Tullio,
1608 2179 1682 2215 Cn.

288 2237 485 2282 Cornelio,
509 2239 756 2279 Consulibus.
778 2242 860 2278 Cur
880 2239 955 2279 hoc
978 2250 1056 2279 tam
1077 2241 1129 2279 est
1149 2241 1356 2280 obscurum
1378 2253 1492 2295 atque
1512 2244 1682 2281 caecum?

288 2298 423 2350 Qid?
447 2298 514 2336 ista
533 2300 677 2346 omnia,
700 2302 746 2339 de
766 2302 907 2354 quibus
931 2302 1078 2340 senatus
1099 2302 1259 2347 censuit,
1283 2304 1518 2341 nominatim
1540 2305 1579 2340 in
1601 2304 1685 2355 lege

285 2364 467 2418 perscribi
487 2378 616 2403 nonne
645 2377 852 2418 potuerunt
871 2368 884 2404 ?
916 2369 1015 2406 Duae
1036 2369 1123 2407 sunt
1142 2368 1259 2421 hujus
1281 2369 1521 2407 obscuritatis
1549 2369 1681 2414 causae,

287 2431 486 2482 Qirites:
520 2444 594 2468 una
620 2432 791 2483 pudoris,
823 2433 848 2470 fi
877 2435 963 2485 quis
991 2435 1115 2486 pudor
1141 2434 1211 2472 effe
1239 2436 1361 2486 potest
1382 2435 1421 2471 in
1443 2444 1521 2471 tam
1544 2434 1682 2486 insigni

285 2497 546 2551 impudentia,
579 2497 707 2543 altera,
731 2497 891 2536 sceleris.
926 2500 1031 2538 Nam
1055 2514 1179 2551 neque
1199 2514 1254 2545 ea,
1276 2514 1361 2551 quae
1381 2499 1528 2538 senatus
1550 2501 1679 2540 nomi-
