2212 2835
643 188 722 227 IN
780 189 829 227 L.
890 189 1347 231 cATrLINAM.
1635 207 1710 247 179

307 288 546 327 voluntatem
585 288 940 341 cogitationemque
975 290 1169 336 acciderit,
1211 290 1280 328 nisi
1319 291 1426 343 quod
1464 290 1559 330 vivis
1597 291 1708 330 nobis

309 356 438 394 Roma
458 355 651 408 profectus
673 356 751 401 est;
784 365 961 408 optemus
983 358 1127 410 potius,
1161 366 1202 395 ut
1229 367 1289 396 eat
1314 360 1356 397 in
1379 358 1558 405 exilium,
1590 373 1709 413 quam

309 436 529 476 queramur.

364 490 477 528 VIII.
511 489 583 526 Sed
604 502 672 526 cur
692 488 842 526 tamdiu
861 489 909 527 de
931 502 1009 527 uno
1029 488 1135 527 hoste
1155 489 1376 542 loquimur;
1401 500 1437 529 et
1454 491 1501 529 de
1520 505 1565 530 eo
1585 490 1707 538 hoste,

308 555 376 608 qui
391 556 473 608 jam
494 553 636 593 fatetur
655 555 691 592 se
710 554 780 592 effe
801 553 972 600 hostem
995 564 1033 594 et
1054 569 1187 608 quern,
1218 556 1323 609 quia,
1345 557 1451 610 quod
1472 557 1618 610 semper
1637 573 1709 597 vo-

308 621 378 667 lui,
411 635 544 660 murus
577 621 744 667 interest,
776 635 855 660 non
886 623 1034 661 timeo:
1072 622 1118 660 de
1149 622 1225 668 his,
1257 623 1325 676 qui
1357 624 1609 669 diffimulant,
1641 626 1710 678 qui

305 689 445 727 Romae
466 700 678 742 remanent,
701 689 771 742 qui
791 689 995 727 nobiscum
1016 689 1117 735 sunt,
1140 688 1241 728 nihil
1261 690 1430 729 dicimus
1449 691 1462 728 ?
1486 692 1596 742 Qos
1618 692 1709 744 qui—

308 754 398 793 dem
418 767 504 807 ego,
528 754 553 793 fi
575 755 656 793 ullo
677 755 796 793 modo
816 755 898 793 fieri
918 755 1052 808 posset,
1076 770 1153 794 non
1170 765 1250 794 tam
1268 756 1401 795 ulcisci
1420 757 1566 803 studeo,
1590 771 1711 810 quam

307 821 448 867 sanare,
479 831 517 859 et
548 822 649 875 ipsos
681 821 829 876 placare
857 822 1105 876 reipublicae:
1139 836 1277 876 neque,
1309 823 1349 862 id
1377 837 1494 877 quare
1521 823 1605 863 fieri
1632 837 1712 863 non

308 888 436 942 possit,
472 888 499 926 fi
531 902 595 926 me
625 889 756 928 audire
786 888 932 933 volent,
969 889 1162 942 intelligo.
1197 891 1407 943 Exponam
1442 890 1549 930 enim
1583 890 1711 936 vobis,

311 955 501 1006 Qirstes,
536 968 583 993 ex
612 955 755 1007 quibus
782 955 986 1007 generibus
1013 955 1223 994 hominum
1243 956 1321 995 istae
1340 958 1462 1011 copiae
1482 970 1712 1011 comparen-

309 1029 374 1058 tur
385 1040 398 1066 5
431 1021 569 1059 deinde
591 1021 748 1074 singulis
770 1022 1007 1060 medicinam
1034 1023 1183 1060 consilii
1207 1032 1321 1076 atque
1342 1025 1524 1063 orationis
1546 1038 1655 1070 meae,
1686 1023 1713 1063 fi

311 1101 430 1141 quam
450 1097 598 1141 potero,
629 1087 798 1126 afferam.

366 1155 506 1193 Unum
537 1154 590 1192 est
620 1167 770 1199 eorum,
801 1154 870 1207 qui
903 1167 1045 1208 magno
1075 1155 1117 1192 in
1146 1168 1217 1193 aere
1248 1156 1373 1194 alieno
1404 1157 1567 1209 majores
1595 1157 1715 1196 etiam

309 1220 548 1274 poffeffiones
570 1219 715 1258 habent
730 1239 741 1265 3
766 1233 931 1273 quarum
953 1234 1081 1259 amore
1102 1221 1271 1267 adducti,
1293 1222 1444 1261 dissolvi
1465 1224 1576 1262 nullo
1594 1224 1714 1264 modo

309 1286 477 1340 possunt.
511 1288 668 1326 Horum
695 1286 906 1325 hominum
933 1287 1074 1340 species
1101 1288 1154 1326 est
1180 1287 1467 1328 honestiffima:
1501 1289 1588 1328 sunt
1607 1291 1715 1329 enim

310 1353 520 1407 locupletes
536 1372 549 1399 3
581 1353 758 1392 voluntas
785 1367 888 1398 vero,
919 1362 957 1391 et
978 1353 1098 1399 causa,
1131 1355 1479 1408 impudentiffima.
1512 1357 1580 1394 Tu
1600 1356 1714 1410 agris,

311 1428 356 1459 tu
376 1420 562 1466 aedificiis,
594 1429 637 1458 tu
657 1429 829 1473 argento,
862 1429 905 1458 tu
925 1419 1088 1466 familia,
1121 1429 1164 1459 tu
1186 1421 1298 1460 rebus
1326 1422 1527 1468 omnibus,
1558 1431 1715 1462 ornatus

312 1496 352 1525 et
378 1487 554 1540 copiosus
588 1487 633 1526 fis
651 1506 663 1533 ς
695 1496 734 1525 et
764 1487 916 1525 dubites
948 1487 995 1524 de
1026 1487 1246 1540 poffeffione
1277 1488 1489 1535 detrahere,
1520 1490 1716 1543 acquirere

314 1553 361 1590 ad
381 1552 498 1591 fidem
520 1554 532 1590 ?
565 1553 674 1604 Qid
699 1553 805 1591 enim
831 1554 1039 1605 expectas?
1071 1553 1254 1592 bellum?
1285 1555 1412 1607 quid?
1443 1569 1535 1609 ergo
1564 1558 1605 1595 in
1630 1556 1714 1596 vas-

315 1619 459 1657 tatione
477 1619 658 1658 omnium
683 1628 765 1657 tuas
786 1619 1023 1672 poffeffiones
1045 1619 1289 1659 sacrosanctas
1309 1620 1458 1660 futuras
1478 1624 1618 1676 putas?
1651 1625 1718 1662 An

317 1685 466 1725 tabulas
488 1686 628 1724 novas?
652 1694 790 1731 errant,
813 1686 881 1739 qui
901 1686 986 1725 istas
1007 1701 1027 1725 a
1047 1687 1216 1726 Catilina
1236 1690 1465 1741 expectant:
1489 1703 1577 1729 meo
1597 1691 1718 1729 bene'-

315 1751 406 1791 ficio
424 1752 562 1790 tabulae
583 1765 690 1790 novae
709 1751 965 1805 proferentur,
995 1767 1133 1791 verum
1160 1755 1414 1794 auctionariae.
1446 1755 1589 1809 Neque
1608 1757 1718 1796 enim

314 1818 389 1863 isti,
421 1819 490 1871 qui
517 1818 756 1871 poffeffiones
784 1817 942 1864 habent,
974 1819 1046 1858 alia
1072 1820 1217 1859 ratione
1246 1820 1324 1859 ulla
1343 1821 1434 1860 salvi
1453 1821 1525 1861 effe
1544 1816 1713 1877 poffunt.

315 1885 435 1938 Qod
455 1885 482 1923 fi
503 1885 690 1923 maturius
710 1884 834 1923 facere
854 1886 1070 1932 voluissent,
1093 1900 1218 1940 neque
1239 1888 1305 1940 (id
1322 1888 1429 1942 quod
1449 1888 1718 1930 stultiffimurn

313 1951 393 2004 est)
416 1961 558 1990 certare
578 1966 670 1991 cum
691 1952 811 1991 usuris
833 1951 1022 1992 fructibus
1043 1955 1278 2008 praediorum
1291 1974 1303 2002 3
1336 1965 1374 1995 et
1392 1956 1716 2011 locupletioribus

315 2016 393 2064 his,
414 2026 452 2057 et
472 2020 715 2066 melioribus,
733 2019 883 2060 civibus
900 2030 1111 2060 uteremur.
1131 2022 1204 2060 Sed
1220 2021 1333 2062 hosce
1348 2022 1529 2064 homines
1550 2025 1718 2064 minime

313 2094 410 2138 puto
428 2086 750 2139 pertimescendos
763 2105 776 2132 ;
807 2088 913 2141 quod
933 2098 998 2127 aut
1018 2089 1157 2128 deduci
1177 2090 1223 2128 de
1244 2091 1429 2130 sententia
1446 2091 1615 2145 possunt,
1636 2101 1715 2138 aut,

316 2151 342 2189 sl
364 2153 655 2204 permanebunt,
685 2154 808 2207 magis
836 2153 938 2193 mihi
964 2155 1142 2195 videntur
1170 2166 1257 2196 vota
1284 2157 1422 2197 facturi
1448 2167 1582 2197 contra
1610 2172 1714 2196 rem-

317 2216 531 2269 publicam,
563 2232 681 2270 quam
701 2233 807 2258 arma
826 2220 954 2259 laturi.

373 2283 446 2320 IX.
478 2282 659 2322 Alterum
690 2299 812 2338 genus
842 2286 895 2324 est
929 2300 1080 2333 eorum,
1112 2288 1194 2341 qui,
1230 2303 1454 2342 quanquam
1485 2297 1717 2341 premuntur

316 2362 387 2387 aere
432 2348 570 2394 alieno,
617 2350 924 2391 dominationem
970 2363 1098 2392 tamen
1145 2357 1373 2408 expectant:
1425 2368 1554 2393 rerum
1597 2355 1717 2407 potiri

316 2415 483 2453 volunt:
516 2413 696 2463 honores,
732 2431 829 2469 quos
861 2420 990 2471 quieta
1021 2421 1220 2472 republica
1251 2421 1460 2473 desperant,
1496 2421 1717 2473 perturbata

316 2480 501 2534 consequi
521 2480 556 2520 se
576 2481 677 2534 poffe
697 2482 940 2523 arbitrantur.
966 2485 1121 2536 Qibus
1138 2485 1214 2525 hoc
1230 2486 1534 2540 praecipiendum
1550 2486 1714 2531 videtur,

949 2562 954 2565 ·
1324 2552 1358 2589 Z
1392 2565 1412 2591 2
