2212 2835
648 154 942 196 VARIAE
1025 152 1587 195 LECTIONES.

380 269 409 296 p.
472 258 491 286 l,

382 308 439 337 324
463 308 499 334 24
520 297 625 324 honore
639 308 654 325 4-
669 304 750 321 amore

462 339 496 365 28
518 334 672 363 confitebor
686 336 711 369 ψ
729 344 742 361 2
758 333 872 370 confiteor

458 392 497 398 —
519 385 568 403 nos
584 375 613 402 H
628 386 674 402 non

461 426 498 453 29
518 415 663 443 vobiscum
680 412 706 449 ψ
723 423 738 441 2
758 411 882 448 nobiscum

455 471 497 478 -·-
519 465 569 492 pl‘O
585 468 601 485 ς·
615 458 642 482 in

458 511 500 519 --
521 495 603 531 hujus
617 507 632 523 ς
645 492 745 531 hujusce

458 550 499 558 ·—-
521 535 596 563 urbis
622 542 707 572 atque
735 533 760 560 C
780 531 810 559 Η
832 530 850 558 S
879 540 949 568 aeque
975 543 991 560 ς-
1013 530 1040 557 d.
1066 542 1089 566 χ

580 585 640 612 Fqlle’

464 625 495 652 3¹
524 614 618 650 attigit
638 613 663 647 ψ
682 622 695 639 z
716 613 809 639 attinet

463 665 499 692 3²
518 654 646 691 jucunda
663 651 811 689 Cjotunda

460 710 501 717 —
522 691 724 731 perficiendum
740 690 764 723 ψ
782 698 796 716 2
810 689 985 726 proficiendum

461 749 501 756 —
524 734 648 760 hortatus
664 731 720 757 sun
738 730 762 756 C
778 741 804 761 ς,
818 726 844 761 ψ
859 737 874 755 2
889 728 998 756 hortavi

459 788 501 795 -—
522 772 642 800 Nullam
665 771 682 797 S
699 783 726 802 ς,
739 770 763 803 ψ
781 777 796 796 2
812 767 897 796 Nulla

461 827 501 835 —
522 812 606 840 aliam
622 811 647 844 ψ
666 820 675 837 1
696 811 722 837 d.

385 864 441 893 323
488 863 502 880 2
526 852 604 879 brevi
620 852 645 886 ψ
662 860 676 878 2
693 849 778 877 brevis

485 903 499 930 3
523 892 626 929 quibus
644 890 671 918 H
688 892 744 927 quis
758 889 800 916 his

482 941 504 969 4
524 933 560 960 est
575 932 604 959 H
622 932 666 968 iste

485 982 502 1011 5
526 971 689 999 terminaret
712 968 736 996 C
755 971 919 996 terminarent
935 965 965 994 H
980 979 1003 1003 χ
1016 966 1097 994 deter-

564 1014 674 1038 minaret

484 1051 503 1080 6
526 1061 618 1088 neque
634 1050 658 1078 C
676 1050 704 1077 H
721 1049 738 1076 S
753 1058 796 1076 nec

485 1101 502 1130 7
526 1091 655 1129 quaedam
672 1090 694 1116 C
710 1090 736 1116 d.

485 1133 501 1159 8
524 1130 648 1159 concitat
663 1129 692 1157 H
707 1130 795 1166 agitat

463 1187 504 1193 —
524 1171 658 1198 admonet
674 1170 698 1197 C
713 1170 835 1197 admovet

468 1222 504 1240 ιο
525 1210 728 1247 adaequandam
749 1216 930 1245 raequanaam

468 1261 479 1280 ι
491 1261 500 1279 1
527 1250 674 1278 videamur
688 1248 718 1276 H
734 1249 860 1277 videmur
874 1245 901 1282 ψ
918 1256 933 1274 2
947 1247 1090 1274 videamur

468 1301 478 1319 1
489 1301 504 1319 2
526 1291 555 1319 in
570 1304 586 1321 ς
596 1290 637 1317 hic

469 1341 503 1369 ¹5
528 1330 698 1358 arbitremur
716 1341 733 1357 s·
746 1327 939 1356 arbitraremur

466 1386 507 1393 —
528 1380 593 1398 cum
609 1369 633 1397 C
648 1368 675 1403 ψ
690 1379 705 1396 z
719 1369 746 1396 d.

471 1410 507 1439 16
528 1409 694 1448 reliquerint
710 1421 736 1442 ς,
747 1420 770 1444 χ
782 1406 936 1445 reliquerunt

1143 261 1174 289 p.
1237 249 1258 278 l.

1146 300 1200 329 3²5
1228 299 1262 326 17
1286 290 1438 318 nostrarum
1453 290 1477 318 C
1492 293 1637 328 *ufir-arunt

1226 339 1257 357 21
1284 330 1338 358 five
1353 330 1379 364 ψ
1396 341 1411 358 2
1427 332 1454 358 α’.

1227 379 1262 398 22
1281 370 1317 398 est
1340 371 1363 398 C
1379 372 1467 407 csunt

1227 419 1260 446 23
1284 410 1438 447 pertinebit
1454 411 1478 438 C
1496 411 1512 437 S
1528 409 1720 447 r‘pertinebunt

1232 459 1266 485 25
1290 451 1449 477 conservate
1470 449 1496 484 ψ
1514 460 1528 478 2
1543 456 1648 486 servate

1226 490 1263 517 26
1285 489 1369 517 etiam
1386 490 1410 517 C
1424 490 1449 517 d.

1227 544 1268 551 —-
1288 530 1430 557 venustate
1445 543 1461 560 ς-
1477 537 1540 557 ‹vetu
1564 537 1605 556 ate

1231 579 1266 605 27
1289 578 1424 605 quantum
1440 570 1464 598 C
1481 569 1509 596 H
1525 570 1542 597 S
1563 583 1588 601 r,
1602 581 1635 606 χ,
1650 569 1676 603 ψ
1694 578 1708 596 2
1723 578 1816 607 quanto

1227 623 1268 629 —-
1288 609 1438 636 existimari
1454 610 1478 638 C
1494 623 1509 639 ς·
1523 612 1650 646 (estimari

1231 650 1266 676 28
1287 648 1446 684 expetitum
1463 662 1478 679 ς-
1491 651 1633 686 expeditum

1230 697 1268 724 30
1290 688 1490 724 comprobetur
1503 689 1526 716 C
1537 689 1658 726 probetur

1231 735 1263 763 31
1291 727 1342 754 sint
1359 728 1375 753 S
1387 729 1451 762 sunt

1229 775 1263 803 33
1287 765 1337 803 qui
1361 775 1423 799 vos,
1461 766 1510 804 qui
1535 767 1636 794 vestros
1663 766 1690 802 ψ
1714 776 1788 804 zquos
1815 770 1861 805 qui

1331 806 1422 841 nostros

1231 854 1269 882 34
1290 845 1449 873 recentibus
1463 857 1479 873 ς
1494 845 1634 873 decentibus

1229 900 1268 906 —
1289 885 1386 912 nostris
1399 885 1424 919 ψ
1442 894 1457 912 2
1472 885 1497 911 a'.

1230 940 1271 947 -
1290 924 1438 962 vestrisque
1454 924 1610 953 domesticis
1635 925 1665 953 H
1678 938 1700 962 χ
1723 928 1864 966 vgstrtsque

1339 965 1356 992 S
1372 966 1465 997 vestris
1480 967 1663 1004 domestoeisque

1156 1004 1212 1043 326
1259 1014 1268 1032 1
1295 1004 1411 1032 laudum
1423 1018 1454 1041 χ,
1466 1005 1493 1038 ψ
1510 1015 1525 1033 2
1540 1005 1623 1034 lanais

1230 1060 1271 1067 -
1292 1044 1425 1072 daturum
1442 1048 1575 1075 rdasurur

1255 1094 1269 1112 2
1293 1084 1399 1122 quique
1411 1085 1435 1112 C
1450 1085 1475 1112 H
1495 1086 1511 1112 S
1528 1098 1554 1118 ς,
1567 1099 1589 1121 χ
1602 1085 1675 1123 Isqtte
1688 1086 1714 1120 ψ
1731 1094 1746 1113 2
1760 1084 1786 1113 Is
1799 1088 1842 1123 qui

1255 1134 1269 1162 3
1293 1132 1378 1161 atque
1393 1125 1416 1152 C
1433 1125 1460 1154 H
1475 1125 1492 1152 S
1513 1125 1538 1159 ψ
1556 1135 1572 1154 2
1596 1126 1690 1164 Itaque
1703 1139 1719 1156 ς·
1732 1126 1805 1165 idque

1232 1179 1273 1186 ·-
1293 1164 1328 1192 fic
1343 1165 1402 1202 κβ

1254 1255 1268 1283 5
1292 1244 1494 1273 consuetudine
1515 1247 1716 1284 rneceffi‘tudine

1230 1300 1271 1306 —
1292 1284 1514 1323 simpliciterque
1529 1284 1555 1321 ψ
1574 1296 1583 1314 ι
1595 1285 1794 1324 suppliciterque

1253 1324 1271 1352 6
1293 1333 1348 1351 non
1375 1324 1430 1352 fori
1452 1335 1542 1363 neque
1561 1325 1694 1362 judiciali
1718 1325 1815 1354 CHS
1837 1337 1865 1359 ς,

1333 1376 1364 1400 χ,
1381 1364 1406 1398 ψ
1424 1374 1438 1391 2
1444 1365 1524 1400 firme
1537 1378 1554 1394 a
1569 1365 1787 1404 mejudicialique

1253 1412 1271 1441 9
1292 1403 1344 1431 effe
1358 1402 1383 1438 ψ
1399 1412 1414 1431 2
1430 1406 1458 1433 d.

678 1626 943 1676 POST
1049 1625 1572 1672 REDITUM

874 1753 963 1790 AD
1024 1751 1386 1801 QUIRITES

780 1872 1149 1912 ORATIO
1242 1870 1454 1910 XXVII.

552 1986 659 2026 Edit.
700 1985 844 2023 Olivet,

396 2096 453 2163 §.27
489 2084 510 2152 1¹.
536 2130 664 2163 precatus
679 2122 708 2150 H
719 2128 837 2159 precatus
843 2120 902 2156 fian

496 2174 515 2201 4
537 2172 568 2193 ut
582 2165 607 2198 ψ
625 2173 633 2190 ι
653 2170 680 2190 ut
695 2162 738 2189 vel

476 2220 516 2227 —
538 2212 663 2241 unquam
679 2202 702 2231 C
718 2212 845 2239 nunquam

497 2244 514 2272 6
536 2252 565 2272 ct
582 2258 603 2280 χ
617 2244 643 2271 d.

499 2293 516 2321 2
540 2285 630 2321 gratia
644 2296 665 2319 χ
679 2282 757 2318 causa

500 2325 517 2351 8
540 2323 667 2351 homines
682 2330 710 2350 et
724 2321 843 2349 audaces
857 2319 888 2348 in
901 2320 1106 2360 rempublicam

583 2364 607 2391 C
622 2374 652 2391 ac
666 2363 771 2390 audaces
785 2363 814 2389 in
827 2368 882 2398 rep.

501 2412 520 2442 9
542 2403 720 2433 continerent
731 2402 760 2431 H
776 2401 793 2431 S
807 2403 941 2431 contium

1268 1982 1382 2021 MSS.
1414 1977 1734 2034 οΗεΤχ,ψ

1159 2090 1219 2157 121:27
1246 2129 1281 2147 10
1304 2128 1390 2147 unum
1404 2121 1486 2155 ximo

1241 2174 1282 2181 —
1301 2159 1443 2196 optimum
1459 2167 1602 2197 quemque
1615 2171 1638 2195 χ
1650 2161 1739 2196 optimo
1752 2167 1847 2196 quoque

1241 2214 1282 2223 -ι
1301 2199 1330 2227 in
1347 2198 1501 2227 universam
1512 2198 1718 2236 rempublicam
1733 2199 1758 2227 C
1774 2199 1803 2227 H
1820 2199 1837 2226 S
1851 2211 1873 2234 χ

1344 2242 1373 2268 in
1387 2240 1513 2276 universa
1527 2241 1640 2268 civitate
1654 2239 1683 2266 T
1697 2239 1821 2275 universa
1835 2241 1872 2266 ci-

1342 2282 1433 2307 'vitate

1248 2330 1257 2347 ι
1269 2329 1277 2347 1
1300 2318 1459 2347 deflecteret
1471 2319 1495 2347 C
1506 2319 1560 2348 Hs
1571 2319 1709 2356 zdest’ceret
1718 2317 1747 2345 T
1757 2319 1874 2355 dffrent

1243 2374 1284 2384 -
1304 2358 1464 2396 liberosque
1489 2359 1588 2389 vestros
1615 2358 1640 2388 C
1654 2358 1748 2388 liberm
1770 2371 1791 2395 χ
1808 2357 1872 2387 libe-

1345 2397 1432 2436 rqsque
