2212 2835
401 180 475 220 162
858 177 1352 216 ORATIOI.

396 277 537 316 statum
567 275 801 328 reipublicae,
834 274 1003 327 privatus
1030 273 1249 312 interfecit:
1284 272 1494 312 Catilinam
1520 285 1623 319 vero,
1653 274 1787 313 orbem

396 354 503 381 terrae
522 342 623 380 caede
643 350 758 393 atque
778 340 967 379 incendiis
988 340 1126 379 vastare
1146 340 1384 393 cupientem,
1417 353 1486 378 nos
1505 339 1678 378 consules
1699 353 1786 392 per-

395 408 595 446 feremus?
627 421 717 445 nam
749 407 814 445 illa
842 406 959 445 nimis
986 407 1143 458 antiqua
1168 415 1362 460 praetereo,
1393 406 1499 459 quod
1526 406 1788 458 QServilius

396 473 523 512 Ahala
549 475 612 526 Sp.
642 472 828 517 Menum,
861 472 968 510 novis
996 473 1107 510 rebus
1134 472 1365 517 studentem,
1397 485 1514 510 manu
1540 471 1604 509 sua
1628 471 1786 510 occidit.

396 540 505 584 Fuit,
536 538 626 584 fuit,
657 538 723 576 ista
748 538 944 591 quondam
970 538 1010 576 in
1037 537 1108 576 hac
1134 538 1332 591 republica
1350 538 1484 583 virtus,
1515 546 1559 576 ut
1579 538 1649 576 viri
1670 536 1787 576 fortes

396 605 605 643 acrioribus
645 603 842 656 suppliciis
881 604 1007 642 civem
1043 603 1314 656 perniciosum,
1354 617 1472 656 quam
1506 602 1787 641 acerbiffimum

396 669 560 715 hostem,
599 678 832 708 coercerent.
873 670 1076 708 Habemus
1110 670 1217 707 enim
1251 668 1618 708 senatusconsultum
1655 669 1697 707 in
1736 677 1787 713 te,

398 737 580 781 Catilina,
613 734 819 774 vehemens
846 744 884 773 et
912 749 1050 788 grave:
1084 749 1162 773 non
1192 735 1291 773 deest
1317 735 1538 788 reipublicae
1567 734 1788 779 confilium,

398 815 523 854 neque
542 801 743 840 auctoritas
763 800 879 854 hujus
900 800 1043 839 ordinis
1062 815 1071 838 :
1103 814 1187 845 nos,
1218 815 1302 846 nos,
1333 801 1420 839 dico
1440 811 1580 853 aperte,
1616 801 1789 840 consules

397 867 590 906 desumus.

452 935 506 972 ΙΙ.
538 933 720 972 Decrevit
740 932 937 985 quondam
958 931 1119 977 senatus,
1142 941 1184 969 ut
1205 933 1253 970 L.
1277 932 1460 984 Opimius
1477 932 1610 970 consul
1627 931 1787 978 videret,

398 1014 445 1038 ne
479 1000 574 1052 quid
605 999 816 1052 respublica
845 998 1068 1036 detrimenti
1099 1007 1261 1051 caperet.
1293 997 1388 1036 Nox
1419 999 1524 1036 nulla
1555 999 1786 1044 intercesfit;

398 1065 619 1104 interfeffitus
641 1065 692 1103 est
712 1074 866 1118 propter
886 1064 1067 1117 quasdam
1087 1064 1319 1102 seditionum
1340 1064 1569 1118 suspiciones
1591 1067 1639 1104 C.
1664 1066 1789 1104 Grac-

398 1131 508 1177 chus,
539 1131 744 1169 clariffimo
772 1139 891 1182 patre,
921 1143 1005 1175 avo,
1037 1130 1273 1182 majoribus:
1305 1130 1452 1168 occisus
1473 1131 1526 1169 est
1545 1145 1637 1170 cum
1657 1131 1788 1170 liberis

397 1197 461 1236 Μ.
497 1197 674 1241 Fulvius,
713 1195 935 1234 consularis.
971 1195 1098 1234 Simili
1130 1194 1467 1241 senatusconsulto,
1503 1198 1551 1236 C.
1588 1197 1720 1236 Mario
1752 1206 1791 1236 et

398 1265 447 1302 L.
485 1263 654 1307 Valerio,
690 1261 929 1307 consulibus,
968 1261 1144 1315 permiffa
1176 1261 1229 1300 est
1262 1262 1498 1314 respublica:
1534 1276 1632 1301 num
1666 1277 1791 1302 unum

396 1330 499 1367 diem
521 1329 645 1382 postea
666 1330 714 1367 L.
739 1328 1004 1373 Saturninum,
1035 1329 1239 1366 tribunum
1260 1328 1399 1380 plebis,
1429 1338 1466 1367 et
1493 1330 1541 1368 C.
1566 1329 1787 1375 Servilium,

397 1404 614 1449 praetorem,
645 1407 749 1433 mors
777 1407 819 1432 ac
845 1394 1065 1447 reipublicae
1092 1408 1205 1446 poena
1231 1403 1418 1433 remorata
1442 1394 1526 1433 est?
1559 1396 1614 1434 At
1640 1409 1707 1434 nos
1728 1396 1788 1434 vi-

398 1461 582 1500 cesimum
598 1462 681 1513 jam
701 1460 805 1498 diem
825 1460 995 1512 patimur
1014 1459 1214 1498 hebescere
1233 1460 1356 1499 aciem
1375 1459 1519 1500 horum
1539 1462 1788 1500 auctoritatis.

397 1527 602 1566 Habemus
636 1526 742 1564 enim
773 1524 995 1577 hujusmodi
1028 1525 1411 1572 senatusconsultum,
1442 1536 1692 1565 veruntamen
1725 1527 1788 1565 in-

398 1593 549 1632 clusum
574 1594 615 1631 in
641 1593 796 1637 tabulis,
828 1601 1012 1645 tanquam
1038 1593 1078 1630 in
1107 1593 1243 1646 vagina
1261 1594 1533 1632 reconditum:
1565 1607 1644 1646 quo
1664 1607 1711 1632 ex
1731 1593 1788 1632 se-

397 1659 682 1698 natusconsulto
701 1657 906 1697 confestim
926 1657 1174 1697 interfeetum
1201 1668 1237 1697 te
1265 1658 1348 1704 effe,
1381 1659 1562 1704 Catilina,
1593 1660 1788 1698 convenit.

398 1725 528 1771 Vivis;
551 1734 589 1763 et
610 1725 703 1763 vivis
725 1737 802 1762 non
818 1723 864 1761 ad
882 1724 1159 1776 deponendam,
1181 1723 1243 1761 sed
1263 1724 1309 1762 ad
1329 1724 1649 1769 confirmandam,
1671 1725 1787 1762 auda-

398 1791 512 1829 ciam.
546 1790 689 1842 Cupio,
722 1791 849 1828 Patres
878 1788 1099 1841 conscripti,
1129 1802 1193 1826 me
1219 1789 1290 1826 effe
1316 1789 1580 1827 clementem:
1612 1790 1727 1842 cupio
1747 1790 1788 1827 in

400 1857 513 1895 tantis
544 1856 765 1909 reipublicae
795 1855 974 1908 periculis
1007 1869 1084 1893 non
1117 1855 1340 1893 diffolutum
1361 1856 1507 1894 videri:
1540 1855 1601 1893 sed
1620 1856 1703 1908 jam
1725 1869 1788 1894 me

397 1923 524 1975 ipsum
544 1922 688 1960 inertiae
718 1922 976 1974 nequitiaeque
1006 1922 1237 1960 condemno.

453 1988 581 2026 Castra
607 1987 694 2026 sunt
719 1988 760 2026 in
782 1988 890 2026 Italia
909 1997 1041 2026 contra
1061 1988 1344 2041 rempublicam
1364 1988 1403 2025 in
1426 1988 1591 2026 Etruriae
1611 1986 1787 2026 faucibus

399 2055 611 2093 collocata:
649 2053 784 2092 crescit
813 2054 853 2091 in
888 2054 968 2091 dies
1002 2054 1167 2106 singulos
1201 2053 1370 2092 hostium
1405 2067 1615 2092 numerus:
1653 2068 1788 2092 eorum

398 2132 526 2160 autem
544 2122 815 2174 imperatorem
831 2120 1054 2166 castrorum,
1075 2121 1293 2174 ducemque
1307 2121 1492 2167 hostium,
1513 2121 1612 2159 intra
1628 2122 1785 2166 moenia,

397 2198 510 2241 atque
545 2188 637 2225 adeo
673 2188 712 2225 in
750 2187 891 2232 senatu,
928 2187 1116 2233 videmus,
1158 2188 1375 2227 intestinam
1410 2188 1580 2240 aliquam
1614 2187 1789 2240 quotidie

398 2254 607 2306 perniciem
627 2253 848 2306 reipublicae
868 2253 1110 2292 molientem.
1144 2255 1182 2292 Si
1207 2255 1360 2306 tejam,
1393 2255 1575 2299 Catilina,
1606 2266 1787 2306 compre-

395 2320 527 2365 hendi,
559 2321 585 2358 s1
605 2319 785 2364 interfici,
811 2319 979 2372 juffer0;
1012 2321 1139 2364 credo,
1171 2321 1242 2358 crit
1265 2321 1475 2359 verendum
1496 2319 1611 2365 mihi,
1642 2333 1689 2357 ne
1710 2332 1788 2356 non

395 2385 470 2424 hoc
497 2386 625 2438 potius
652 2399 786 2424 omnes
815 2386 907 2424 boni
935 2385 1050 2424 serius
1077 2399 1097 2423 a
1124 2400 1200 2431 me,
1233 2400 1349 2438 quam
1370 2387 1575 2439 quisquam
1596 2384 1786 2424 crudelius

395 2451 542 2491 factum
560 2453 630 2493 effe
650 2453 766 2494 dicat.
797 2453 945 2492 Verum
965 2465 1037 2507 ego
1056 2452 1147 2500 hoc,
1174 2454 1278 2507 quod
1294 2454 1530 2507 jampridem
1550 2451 1695 2491 factum
1716 2450 1787 2489 effe
