2212 2835
328 204 378 243 90
822 189 1223 227 ORATIO

326 287 552 327 hominibus
580 300 656 324 non
689 287 795 324 erat?
829 287 935 324 Itane
956 287 1139 325 tandem?
1172 286 1335 333 Mulier,
1362 288 1445 341 jam
1466 301 1545 327 non
1566 290 1720 336 morbo,

326 354 387 392 sed
409 354 558 397 scelere,
590 351 744 397 furiosa,
777 366 870 391 cum
890 353 1138 405 quaestionem
1159 353 1347 393 habuisset
1367 356 1518 400 Romae,
1552 368 1645 394 curn
1675 356 1722 394 de

327 421 380 457 T.
403 419 540 463 Annii,
563 420 610 457 L.
635 418 792 464 Rutilii,
816 420 859 457 P.
884 420 1036 464 Saturii‚
1058 429 1096 458 et
1115 429 1340 459 caeterorurn
1367 420 1722 461 honestiffimorum

326 486 511 530 virorum,
534 485 718 523 sententia
750 485 1005 524 constitutum
1024 486 1125 531 effet,
1154 486 1239 525 satis
1261 488 1464 540 quaefitum
1492 488 1624 534 videri,
1657 502 1720 526 ea-

327 552 415 589 dem
437 551 482 589 de
513 565 551 589 re
572 551 739 589 triennio
760 551 856 604 post,
889 552 1024 590 iisdem
1045 552 1090 590 de
1120 552 1361 599 hominibus,
1394 554 1504 592 nullo
1530 553 1720 599 adhibito,

327 631 404 656 non
426 617 553 655 dicam
574 617 670 661 viro,
692 631 739 655 ne
760 617 945 655 colonum
962 617 1061 656 forte
1081 618 1237 657 adfuisse
1252 619 1401 666 dicatis,
1420 620 1482 658 sed
1503 620 1604 659 bono
1624 620 1720 666 viro,

328 683 369 720 in
389 682 461 720 filii
482 691 596 735 caput
616 682 865 734 quaestionem
885 682 1024 722 habere
1044 694 1180 723 conata
1198 685 1264 723 est.

383 749 448 786 An
468 747 543 786 hoc
564 748 692 786 dicitis
711 749 724 786 ?
757 748 865 787 Mihi
885 750 990 788 enim
1014 751 1119 788 venit
1147 751 1187 789 in
1208 760 1397 797 mentem,
1419 752 1514 805 quid
1534 752 1612 790 dici
1632 751 1719 806 pos-

328 814 385 858 fit,
417 814 563 852 tametsi
595 812 720 853 adhuc
752 829 829 853 non
861 814 951 854 effet
981 816 1160 855 dictum:
1192 830 1284 855 cum
1315 816 1519 856 haberetur
1539 818 1586 856 de
1615 817 1722 856 furto

327 882 498 933 quoestIO,
521 883 736 920 Stratonem
758 882 905 934 aliquid
926 882 972 920 de
992 896 1139 921 veneno
1157 883 1228 922 effe
1248 883 1460 922 confessum
1478 885 1491 921 ?
1530 885 1622 923 Hoc
1643 898 1722 923 uno

327 947 471 992 modo,
508 947 692 998 Judices,
729 947 823 999 saepe
855 947 1071 985 multorum
1105 949 1353 999 improbitate
1388 948 1552 1001 depreffa
1584 949 1720 988 veritas

326 1013 503 1063 emergit,
525 1020 563 1048 et
584 1011 813 1049 innocentiae
833 1010 1001 1050 defenfio
1031 1012 1235 1050 interclusa
1255 1013 1435 1066 respirat:
1467 1013 1573 1066 quod
1592 1022 1658 1052 aut
1677 1015 1719 1060 ii,

327 1077 395 1129 qui
416 1077 462 1114 ad
482 1076 655 1114 fraudem
683 1076 812 1114 callidi
834 1076 933 1123 sunt,
966 1091 1044 1116 non
1076 1087 1229 1116 tantum
1249 1079 1404 1124 audent,
1436 1089 1627 1132 quantum
1648 1094 1718 1119 ex-

326 1143 498 1196 cogitant
513 1161 525 1188 ;
557 1151 622 1181 aut
642 1142 715 1188 illi,
747 1156 914 1195 quorum
935 1144 1082 1182 eminet
1110 1144 1277 1190 audacia,
1309 1154 1424 1198 atque
1455 1148 1623 1199 projeC'ca
1651 1147 1719 1193 est,

326 1222 346 1246 a
366 1209 532 1247 consiliis
554 1208 709 1246 malitia:
730 1207 966 1248 deseruntur.
999 1210 1118 1262 Qod
1138 1210 1164 1248 s1
1184 1220 1249 1249 aut
1268 1211 1463 1250 confidens
1484 1212 1631 1258 astutia,
1654 1223 1720 1252 aut

326 1275 462 1313 callida
491 1274 580 1312 effet
609 1274 778 1319 audacia,
809 1275 875 1314 vix
906 1275 988 1314 ullo
1007 1276 1134 1314 obfisti
1152 1277 1270 1316 modo
1301 1277 1433 1330 poffet.
1466 1279 1611 1317 Utrum
1632 1278 1719 1317 fur-

327 1351 414 1379 tum
430 1339 578 1379 faustum
599 1354 677 1378 non
697 1340 777 1378 est?
809 1349 846 1378 at
867 1339 966 1380 nihil
987 1341 1125 1381 clarius
1145 1344 1278 1382 Larini
1298 1343 1388 1382 fuit.
1420 1346 1484 1383 An
1505 1345 1551 1383 ad
1572 1345 1718 1384 Strato-

326 1420 417 1444 nem
452 1405 615 1459 suspicio
645 1419 722 1444 non
760 1407 977 1459 pertinuit?
1009 1418 1046 1447 at
1076 1409 1107 1447 is
1138 1418 1175 1447 et
1206 1423 1253 1448 ex
1284 1410 1421 1448 serrula
1458 1411 1716 1457 infimulatus‚

326 1482 362 1510 et
383 1486 402 1510 a
433 1485 550 1525 puero
570 1472 724 1510 conscio
754 1472 806 1510 est
836 1473 1040 1513 indicatus.
1073 1476 1136 1513 An
1167 1475 1208 1514 id
1227 1478 1356 1515 aetum
1379 1491 1459 1515 non
1478 1477 1530 1516 est
1549 1478 1590 1516 in
1610 1491 1719 1530 quae-

327 1538 472 1577 rendo?

382 1606 481 1655 Qae
501 1604 577 1643 fuit
596 1604 667 1642 alia
687 1604 806 1657 igitur
825 1605 933 1644 causa
953 1607 1148 1659 quaerendi
1167 1608 1180 1646 ?
1212 1608 1292 1654 An,
1322 1609 1361 1647 id
1382 1610 1487 1662 quod
1507 1609 1717 1648 dicendum

326 1672 434 1710 vobis
455 1672 520 1716 est,
549 1681 587 1710 et
617 1672 722 1724 quod
744 1682 828 1710 tum
851 1673 960 1711 Saffia
980 1673 1191 1720 dicstitabat,
1222 1689 1314 1714 cum
1336 1677 1382 1714 de
1401 1676 1507 1714 furto
1527 1691 1716 1728 quaerere-

327 1749 401 1783 tur,
424 1747 509 1777 tum
532 1739 655 1776 Strato
687 1739 822 1777 iisdem
852 1740 893 1776 in
914 1740 1115 1778 tormentis
1142 1741 1241 1779 dixit
1271 1742 1318 1778 de
1347 1743 1525 1780 veneno?
1557 1744 1619 1780 En
1639 1742 1715 1781 hoc

326 1804 422 1842 illud
444 1803 509 1848 est,
541 1804 646 1855 quod
677 1813 764 1841 ante
795 1804 901 1842 dixi:
934 1804 1075 1843 muner
1100 1806 1268 1844 abundat
1287 1807 1468 1852 audacia;
1500 1807 1657 1846 confilio
1677 1818 1715 1847 et

326 1869 471 1907 ratione
503 1860 691 1907 deficitur.
725 1870 831 1908 Nam
863 1870 1012 1908 tabellae
1044 1871 1261 1923 quaestionis
1294 1873 1421 1925 plures
1452 1872 1714 1926 proferuntur,

326 1949 410 1987 quae
431 1935 609 1979 recitatae,
630 1935 814 1987 vobisque
833 1936 943 1974 editae
964 1936 1064 1981 sunt,
1095 1937 1170 1975 illae
1190 1937 1291 1990 ipsae,
1316 1952 1409 1991 quas
1431 1948 1516 1977 tum
1537 1939 1713 1992 obsigna-

327 2011 380 2039 tas
401 2000 471 2038 effe
491 2001 596 2039 dixi:
629 2001 668 2038 in
690 2002 832 2052 quibus
865 2002 1014 2040 tabellis
1035 2003 1081 2040 de
1101 2002 1206 2042 furto
1236 2004 1344 2043 litera
1375 2005 1480 2043 nulla
1505 2006 1711 2044 invenitur.

326 2067 419 2105 Non
441 2067 543 2105 venit
564 2067 603 2104 in
625 2077 812 2112 mentem,
844 2068 1011 2120 primam
1038 2070 1250 2108 orationem
1272 2073 1456 2109 Stratonis
1477 2072 1714 2110 conscribere

326 2134 371 2170 de
401 2132 532 2177 furto;
564 2132 646 2185 post
676 2133 823 2184 aliquid
850 2134 1054 2187 adjungere
1075 2135 1234 2173 dictum·
1251 2136 1297 2174 de
1316 2151 1475 2181 veneno,
1509 2139 1613 2190 quod
1635 2152 1712 2177 non

326 2199 609 2251 percontatione
629 2199 845 2250 quaefitum,
867 2200 928 2238 sed
949 2201 1080 2239 dolore
1099 2201 1327 2255 expressum,
1349 2204 1555 2242 videretur.

380 2265 550 2316 Qaestio
581 2265 627 2302 de
647 2263 752 2303 furto
771 2265 836 2310 est,
869 2267 1004 2304 veneni
1018 2268 1099 2319 jam
1121 2268 1346 2321 suspicione,
1382 2270 1569 2323 superiore
1589 2271 1710 2323 quaes-

325 2331 440 2375 tione,
463 2330 634 2369 sublata:
668 2332 771 2382 quod
793 2331 918 2384 ipsum
949 2331 1030 2370 haec
1056 2334 1186 2372 eadem
1208 2335 1348 2373 mulier
1367 2336 1578 2381 indicarat3
1611 2350 1709 2388 quac,

325 2404 366 2433 ut
388 2396 523 2434 Romae
545 2397 591 2434 de
622 2397 837 2435 amicorum
867 2397 1050 2436 sententia
1080 2399 1255 2438 statuerat
1286 2401 1370 2439 satis
1402 2401 1470 2439 effe
1494 2402 1707 2453 quaefitum,

322 2461 447 2513 postea
467 2475 532 2513 per
553 2463 764 2504 triennium
786 2464 955 2503 maxime
975 2478 1020 2503 ex
1035 2466 1215 2505 omnibus
1230 2466 1340 2505 servis
1359 2468 1572 2506 Stratonem
1593 2467 1710 2505 illum
