2212 2835
694 154 833 193 PRo
893 152 1109 191 DOMO
1169 152 1314 189 SUA.
1622 151 1695 202 363

309 257 362 295 est
376 286 385 300 ,
417 255 621 307 conjuncta
640 267 732 291 cum
753 252 919 290 utilitate
937 251 1140 289 communi
1159 280 1169 295 ,
1200 258 1301 288 certe
1322 246 1531 287 laudandus
1551 246 1665 285 efl'em
1686 274 1696 290 ,

310 323 333 360 sl
367 324 448 374 ejus
483 321 664 374 dignitati
694 319 917 372 suffragatus
948 318 1117 362 viderer,
1149 317 1218 368 qui
1249 328 1342 354 meae
1373 314 1481 353 saluti
1511 327 1628 367 opem
1659 322 1698 351 et

308 390 497 428 auxilium
520 387 674 426 tuliss‘et.

363 457 437 494 XI.
470 456 668 497 Desinant,
700 452 884 495 desinant,
909 449 1087 488 homines
1107 447 1241 485 iisdem
1262 445 1452 484 machinis
1474 445 1616 499 sperare
1637 458 1699 484 me

309 521 527 559 restitutum
554 518 654 572 posse
680 516 910 560 labefaetari,
941 514 1082 567 quibus
1109 521 1218 550 antea
1247 511 1408 549 stantem
1440 511 1699 563 perculerunt.

310 587 428 637 Qod
448 586 553 623 enim
574 599 640 638 par
660 583 840 622 amicitiae
860 580 1068 620 consularis
1089 578 1166 617 fuit
1192 590 1366 630 unquam
1387 578 1427 615 in
1455 575 1527 614 hac
1547 577 1702 614 civitate

307 652 566 704 conjunctim,
598 663 717 703 quam
746 648 894 687 fuimus
928 648 1028 686 inter
1058 659 1142 691 nos,
1173 658 1245 697 ego
1275 653 1312 682 et
1347 644 1423 682 Cn.
1457 642 1700 695 Pompeius?

309 719 395 771 quis
417 718 517 772 apud
536 717 728 771 populum
746 717 972 755 Romanum
988 714 1034 751 de
1050 713 1156 751 illius
1174 711 1360 764 dignitate
1376 709 1598 754 industrius,
1615 708 1702 761 quis

247 791 251 794 '
309 785 454 823 senatui
474 785 620 837 saepius,
652 783 782 821 dixit?
814 782 883 834 qui
904 790 1030 818 tantus
1051 778 1127 817 fuit
1146 777 1266 822 labor,
1298 790 1382 830 quae
1404 776 1589 820 fimultas,
1618 787 1703 827 quae

310 852 509 890 contentio
526 879 536 895 ,
567 863 685 903 quam
711 862 782 902 ego
807 861 886 886 non
914 861 984 900 pro
1009 846 1114 884 illius
1141 844 1328 898 dignitate
1347 842 1604 896 susceperim?
1635 841 1703 894 qui

311 918 358 956 ab
379 917 449 956 illo
468 918 509 955 in
530 930 593 955 me
613 915 751 961 honos,
783 928 868 967 quae
889 912 1108 967 praedicatio
1128 911 1175 950 de
1201 923 1286 949 mea
1311 909 1437 954 laude,
1468 922 1553 962 quae
1573 920 1703 946 remu-

312 986 458 1024 neratio
478 983 751 1023 benevolentiae
769 1011 779 1027 ,
810 979 1055 1034 praetermiffa
1077 979 1130 1017 est
1147 980 1160 1016 ?
1192 978 1307 1017 Hanc
1328 977 1494 1016 nostram
1515 976 1705 1028 conjunc-

311 1052 460 1090 tionem
478 1081 489 1097 ,
520 1051 620 1089 hanc
639 1048 963 1101 conspirationem
984 1047 1023 1084 in
1045 1044 1241 1098 republica
1261 1044 1358 1082 bene
1383 1042 1548 1096 gerenda
1563 1071 1574 1087 ‚
1605 1040 1705 1079 hanc

306 1118 626 1170 jucundiffimam
646 1116 733 1153 vitae
753 1123 868 1166 atque
888 1113 1108 1152 officiorum
1129 1110 1310 1149 omnium
1332 1109 1550 1147 societatem
1569 1137 1581 1153 ,
1611 1108 1707 1145 certi

310 1183 490 1222 homines
512 1183 610 1221 {iotis
631 1180 870 1219 sermonibus
891 1188 929 1217 et
949 1178 1048 1216 falsis
1069 1176 1298 1216 criminibus
1319 1175 1580 1213 diremerunt:
1613 1187 1706 1212 cum

312 1250 434 1288 iidem
467 1250 598 1292 illum,
630 1257 672 1286 ut
706 1261 769 1286 me
803 1254 1005 1290 metueret,
1040 1257 1104 1282 me
1137 1251 1297 1288 caveret,
1328 1249 1529 1280 monerent
1546 1259 1556 1284 ;
1589 1239 1708 1278 iidem

312 1317 414 1371 apud
431 1330 507 1362 me,
526 1315 627 1355 mihi
647 1315 762 1353 illum
783 1313 855 1351 effe
874 1313 942 1351 uni
962 1310 1288 1355 inimiciffimum‚
1305 1309 1474 1347 dicerent
1490 1323 1498 1346 ε
1522 1316 1565 1346 ut
1584 1319 1708 1359 neque

311 1397 384 1437 ego
403 1383 450 1422 ab
471 1383 555 1428 illo,
586 1395 671 1435 quae
690 1379 790 1420 mihi
811 1379 973 1433 petenda
991 1377 1122 1421 essent,
1154 1376 1239 1414 satis
1260 1375 1452 1413 audaciter
1473 1383 1599 1427 petere
1618 1374 1707 1426 pos-

314 1451 394 1489 sem
409 1469 420 1495 ;
451 1463 576 1502 neque
595 1449 674 1493 ille,
697 1456 755 1486 tot
774 1444 1053 1498 suspicionibus
1073 1451 1268 1481 certorum
1287 1440 1496 1479 hominum
1515 1449 1554 1479 et
1573 1439 1709 1480 scelere

315 1516 557 1555 exulceratus
574 1545 585 1560 ‚
615 1528 701 1567 quae
721 1526 855 1552 meum
876 1521 1029 1563 ternpus
1056 1508 1289 1562 postularet,
1320 1507 1404 1546 satis
1433 1507 1583 1560 prolixe
1609 1507 1709 1545 mihi

316 1583 576 1636 polliceretur.

374 1650 476 1687 Data
501 1660 646 1686 merces
672 1645 724 1684 est
748 1644 883 1683 erroris
911 1643 989 1682 mei
1015 1654 1155 1694 magna
1170 1668 1181 1685 ,
1212 1640 1418 1679 Pontifices
1436 1668 1447 1685 ‚
1478 1648 1523 1678 ut
1547 1652 1611 1678 me
1630 1653 1710 1678 non

317 1714 443 1753 solum
473 1714 602 1766 pigeat
630 1710 800 1750 stultitiae
830 1723 937 1753 meae,
969 1708 1031 1746 sed
1061 1707 1178 1746 etiam
1210 1706 1377 1760 pudeat:
1409 1706 1493 1758 qui,
1522 1718 1616 1743 cum
1646 1717 1711 1743 me

318 1794 397 1819 non
418 1779 664 1833 repentinum
684 1776 842 1830 aliquod
863 1788 996 1813 meum
1017 1783 1171 1827 tempus
1189 1802 1200 1818 ,
1231 1773 1294 1811 sed
1314 1781 1457 1811 veteres
1479 1771 1606 1810 multo
1625 1780 1712 1809 ante

318 1846 479 1899 suscepti
498 1854 538 1883 et
557 1843 693 1898 provifi
714 1843 875 1887 labores,
896 1855 988 1880 cum
1008 1841 1091 1879 viro
1110 1839 1314 1878 fortiffimo
1333 1847 1371 1876 et
1391 1837 1594 1876 clariffimo
1614 1851 1709 1876 con-

313 1912 539 1966 junxissent,
570 1911 639 1949 s1m
667 1910 788 1964 passus
815 1923 834 1947 a
860 1909 927 1947 tali
953 1907 1124 1946 amicitia
1149 1904 1305 1944 distrahi
1318 1924 1330 1951 3
1362 1918 1487 1958 neque
1507 1904 1711 1943 intellexe-

320 1979 395 2017 rim
411 2007 422 2023 ,
453 1978 596 2030 quibus
616 1987 680 2015 aut
706 1985 750 2014 ut
775 1976 911 2029 apertis
932 1973 1102 2012 inimicis
1131 1972 1347 2011 obfisterem
1367 2001 1377 2017 ‚
1409 1980 1473 2009 aut
1492 1980 1535 2009 ut
1554 1970 1711 2009 infidio-

322 2046 367 2083 fis
388 2044 521 2082 amicis
541 2057 619 2082 non
640 2044 847 2081 crederem.
880 2041 1046 2080 Proinde
1066 2040 1236 2078 definant
1256 2037 1462 2091 aliquando
1488 2051 1551 2075 me
1577 2037 1710 2074 iisdem

322 2110 561 2149 inflammare
581 2109 704 2148 verbis
724 2123 733 2147 :
766 2108 874 2156 Qid
895 2108 963 2145 fibi
984 2107 1051 2145 iste
1071 2106 1182 2144 vult?
1215 2105 1345 2148 nescit,
1367 2113 1556 2156 quantum
1577 2104 1709 2140 aueto-

322 2177 433 2215 ritate
453 2175 572 2214 valeat
589 2204 600 2220 ,
631 2188 723 2228 quas
744 2188 800 2212 res
820 2173 969 2227 gesserit
984 2202 994 2218 ‚
1025 2186 1101 2225 qua
1121 2172 1306 2224 dignitate
1327 2170 1371 2207 s1t
1392 2170 1583 2207 restitutus
1603 2183 1611 2206 :
1643 2180 1711 2205 cur

323 2252 432 2282 ornat
457 2256 561 2286 eum,
593 2255 613 2279 a
639 2255 716 2293 quo
741 2240 904 2279 desertus
935 2240 1019 2278 est?
1052 2240 1137 2291 Ego
1164 2251 1251 2275 vero
1282 2249 1406 2288 neque
1438 2249 1499 2273 me
1526 2244 1610 2271 tum
1641 2234 1711 2270 de-

325 2309 466 2347 sertum
487 2316 582 2360 puto
601 2336 612 2352 ‚
644 2307 703 2344 sed
723 2319 818 2359 pene
843 2306 1046 2350 deditum;
1079 2317 1148 2342 nec
1166 2332 1176 2348 ,
1207 2316 1292 2355 quae
1313 2302 1383 2339 sint
1403 2302 1442 2338 in
1469 2299 1533 2336 illa
1554 2299 1711 2351 reipub-

324 2376 408 2414 licae
443 2375 599 2414 flamma
630 2373 731 2426 gesta
763 2382 896 2411 contra
928 2386 1020 2416 me,
1061 2384 1185 2423 neque
1220 2367 1446 2420 quomodo,
1485 2379 1609 2417 neque
1646 2379 1713 2418 per

325 2450 437 2491 qu08,
469 2435 777 2490 patefaciendum
798 2433 898 2473 mihi
919 2433 990 2472 effe
1010 2433 1183 2471 arbitror.
1207 2430 1243 2468 Si
1267 2428 1360 2466 utile
1382 2427 1600 2481 reipublicae
1620 2426 1709 2471 fuit,

1268 2494 1302 2531 Z
1334 2507 1356 2531 z
1388 2505 1408 2531 2
