2212 2835
630 166 772 205 PRO
831 166 1125 206 ARCHIA
1185 167 1439 205 POETA.

335 261 507 315 sepulcro
540 262 767 316 Scipionum
795 271 951 316 putatur
978 263 1008 301 is
1036 263 1106 301 ess‘e
1134 263 1364 302 constitutus
1391 277 1411 301 e
1439 276 1642 301 marmore.
1678 265 1731 300 At

334 329 381 367 iis
403 330 580 368 laudibus
601 340 703 368 certe
724 343 800 368 non
822 330 947 367 solum
967 329 1036 382 ipsi
1052 358 1063 374 ,
1094 329 1163 382 qui
1183 329 1407 374 laudantur,
1440 330 1500 368 sed
1521 330 1637 368 etiam
1657 344 1729 382 po-

333 395 417 447 puli
437 396 607 434 Romani
627 409 770 434 nomen
790 404 959 433 ornatur.
992 396 1038 432 In
1060 395 1197 432 caelum
1217 393 1333 446 hujus
1355 409 1513 447 proavus
1536 397 1633 434 Cato
1654 395 1730 433 tol·

334 461 454 499 litur:
486 474 650 514 magnus
671 460 794 498 honos
814 460 952 513 populi
974 459 1142 497 Romani
1168 459 1280 496 rebus
1310 460 1546 512 adjungitur.
1582 462 1729 498 Omnes

334 528 500 580 denique
519 528 578 566 illi
598 528 784 572 Maximi,
815 527 1010 572 Marcelli,
1043 527 1187 571 Fulvii,
1220 540 1298 565 non
1318 527 1395 565 fine
1419 529 1622 566 communi
1643 542 1730 566 om-

332 594 445 631 nium
465 593 638 632 nostrum
657 593 768 632 laude
789 593 1030 632 decorantur.

388 660 441 697 X.
474 660 581 713 Ergo
601 659 732 705 illurn,
764 659 832 713 qui
852 658 935 698 haec
955 658 1109 704 fecerat,
1132 659 1309 698 Rudium
1329 658 1549 706 hominem,
1572 661 1732 712 majores

332 725 450 764 nostri
476 726 516 764 in
545 726 745 765 civitatem
773 735 1020 780 receperunt:
1053 739 1122 764 nos
1149 725 1255 764 hunc
1282 726 1593 772 Heracliensem,
1624 727 1730 765 mul-

332 792 382 831 tis
403 792 624 831 civitatibus
645 793 877 846 expetitum,
909 793 949 830 in
970 791 1041 830 hac
1062 800 1192 830 autem
1213 792 1364 845 legibus
1384 793 1654 838 constitutum,
1686 794 1733 831 de

332 859 459 897 nostra
477 859 633 897 civitate
653 859 883 912 ejiciemus?
916 859 1022 898 Nam
1042 858 1069 897 fi
1090 859 1176 912 quis
1198 859 1389 898 minorem
1410 859 1540 913 gloriae
1560 858 1733 898 fructum

332 935 446 979 putat
465 939 512 963 ex
534 926 681 964 Graecis
702 926 868 964 verfibus
888 926 1035 979 percipi
1053 955 1064 971 ,
1095 939 1215 978 quam
1235 939 1282 964 ex
1310 926 1459 964 Latinis
1478 955 1489 971 ‚
1521 925 1731 965 vehemen-

334 1001 393 1031 ter
412 1001 509 1030 errat
527 1007 536 1031 ε
568 1001 768 1046 propterea
787 991 893 1044 quod
913 993 1049 1030 Graeca
1070 992 1252 1045 leguntur
1272 992 1310 1030 in
1332 992 1515 1031 omnibus
1536 991 1614 1031 fere
1634 1006 1731 1046 gen-

334 1058 440 1097 tibus
456 1077 469 1104 3
502 1059 641 1097 Latina
661 1057 735 1097 suis
756 1057 916 1103 finibus,
947 1058 1098 1111 exiguis
1119 1057 1217 1102 sane,
1246 1058 1507 1097 continentur.
1539 1059 1683 1110 Qare‚
1706 1059 1732 1097 fi

333 1137 392 1163 res
412 1123 496 1170 hae,
527 1137 619 1176 quas
639 1123 841 1177 geffimus,
872 1123 975 1161 orbis
996 1132 1103 1161 terrae
1121 1123 1343 1176 regionibus
1365 1123 1604 1163 definiuntur
1617 1143 1628 1170 ς
1661 1138 1732 1163 cu-

334 1203 424 1244 pere
443 1190 644 1235 debemus,
676 1203 755 1243 quo
775 1190 906 1228 minus
928 1203 1116 1228 manuum
1139 1189 1353 1228 nostrarum
1373 1190 1448 1228 tela
1475 1192 1731 1243 pervenerint,

334 1257 472 1296 eodem
492 1257 658 1310 gloriam
678 1256 902 1310 famamque
921 1265 1147 1309 penetrare:
1180 1256 1286 1308 quod
1315 1269 1407 1295 cum
1434 1256 1520 1309 ipfis
1548 1256 1702 1310 populis
1720 1286 1731 1302 ‚

334 1323 382 1362 de
401 1337 572 1377 quorum
590 1323 703 1362 rebus
725 1322 916 1368 scribitur,
947 1321 1030 1361 haec
1050 1322 1178 1376 ampla
1197 1321 1284 1361 sunt
1299 1340 1312 1368 ς
1344 1331 1430 1361 tum
1450 1323 1496 1361 iis
1517 1331 1633 1369 certe,
1666 1324 1734 1376 qui

335 1390 384 1429 de
407 1391 487 1430 vita
512 1391 643 1444 gloriae
669 1390 777 1429 causa
803 1390 992 1429 dimicant
1009 1418 1020 1434 ,
1051 1388 1128 1428 hoc
1158 1389 1378 1428 maximum
1405 1399 1443 1428 et
1470 1390 1734 1444 periculorum

336 1457 637 1496 incitamentum
657 1457 724 1503 est,
756 1465 794 1495 et
814 1457 1006 1495 laborum.

393 1525 526 1576 Qam
548 1524 694 1562 multos
715 1523 915 1575 scriptores
936 1535 1065 1560 rerum
1089 1521 1242 1560 suarum
1269 1522 1441 1575 Magnus
1469 1523 1535 1561 ille
1563 1524 1733 1563 Alexan·

338 1589 405 1627 der
424 1588 553 1627 secum
572 1587 741 1627 habuiffe
762 1588 935 1626 dicitur?
967 1589 1098 1640 Atque
1117 1587 1148 1624 is
1175 1596 1303 1626 tamen
1321 1616 1332 1633 ,
1364 1601 1457 1627 cum
1483 1589 1524 1627 in
1553 1590 1663 1642 Sigeo
1689 1590 1737 1628 ad

339 1653 508 1694 Achillis
530 1655 733 1694 tumulum
753 1653 936 1699 astitisset,
970 1654 1235 1706 Osortunate,
1267 1654 1410 1706 inquit,
1440 1654 1643 1709 adolescens,
1675 1655 1739 1708 qui

338 1731 415 1761 tuae
434 1722 591 1761 virtutis
608 1723 806 1761 Homerum
820 1730 1020 1774 praeconem
1047 1721 1226 1759 zbzveneris
1242 1724 1258 1759 J
1290 1722 1342 1759 Et
1369 1735 1454 1759 vere
1474 1736 1481 1759 :
1515 1735 1605 1760 nam
1623 1751 1634 1767 ,
1667 1721 1736 1760 nisi

339 1788 427 1828 Ilias
448 1788 515 1827 illa
533 1787 714 1827 extitisset
732 1817 743 1833 ,
774 1787 879 1826 idem
900 1786 1077 1826 tumulus
1094 1816 1106 1832 ‚
1138 1788 1206 1840 qui
1228 1801 1365 1840 corpus
1387 1789 1467 1840 ejus
1488 1796 1708 1827 contexerat
1722 1816 1733 1832 ,

336 1868 483 1894 nomen
513 1854 631 1893 etiam
661 1853 856 1893 obruiffet.
890 1854 1030 1906 Qid?
1063 1853 1186 1892 noster
1216 1853 1282 1892 hic
1315 1854 1510 1907 Magnus,
1543 1855 1611 1907 qui
1643 1867 1736 1892 cum

337 1921 480 1959 virtute
500 1919 699 1959 fortunam
719 1920 947 1973 adaequavit‚
978 1932 1106 1958 nonne
1131 1917 1417 1972 Theophanem
1445 1920 1734 1972 Mitylenaeum,

342 1986 566 2039 scriptorem
585 1999 712 2025 rerum
732 1986 900 2031 suarum,
918 1987 958 2025 in
978 1987 1166 2025 concione
1185 1986 1359 2024 militum
1381 1987 1536 2025 civitate
1556 1987 1734 2025 donavit?

342 2062 379 2091 et
400 2052 516 2090 nostri
535 2052 595 2091 illi
615 2051 731 2091 fortes
752 2053 837 2098 viri,
869 2052 930 2090 sed
950 2053 1105 2097 rustici,
1137 2067 1180 2091 ac
1205 2053 1349 2091 milites
1365 2083 1374 2097 ,
1407 2053 1612 2091 dulcedine
1639 2067 1734 2105 qua-

342 2119 430 2156 dam
451 2118 581 2172 gloriae
599 2119 792 2157 commoti
811 2148 821 2163 ,
852 2119 956 2170 quasi
983 2119 1186 2172 participes
1214 2120 1381 2170 ejusdem
1412 2120 1531 2157 laudis
1550 2148 1559 2163 ‚
1593 2133 1734 2171 magno

343 2185 443 2223 illud
462 2184 629 2222 clamore
649 2186 954 2237 approbaverunt
977 2185 989 2222 ?

399 2251 534 2302 Itaque
553 2278 564 2294 ‚
595 2250 710 2288 credo
727 2280 737 2295 ,
768 2251 794 2289 s1
815 2251 909 2289 civis
930 2252 1130 2289 Romanuf.
1154 2251 1314 2288 Art-hias
1338 2252 1484 2303 legibus
1516 2264 1591 2287 non
1620 2249 1704 2287 αἰξὶ
1724 2279 1732 2292 ,

344 2328 388 2356 ut
408 2318 454 2355 ab
476 2317 606 2368 aliquo
627 2317 856 2369 imperatore
875 2318 1028 2355 civitate
1050 2318 1267 2361 donaretur,
1295 2318 1471 2369 perlicere·
1495 2331 1567 2354 non
1592 2318 1732 2368 potuit.

350 2384 463 2435 Sylla,
495 2396 588 2420 cum
617 2382 811 2434 Hispanos
837 2393 876 2421 et
899 2383 1034 2420 Gallos
1056 2384 1226 2426 donaret,
1260 2383 1384 2423 credo,
1418 2382 1520 2419 hunc
1543 2391 1736 2433 petentem

345 2448 597 2504 repudiasset:
631 2462 748 2501 quem
781 2461 850 2487 nos
882 2449 921 2486 in
951 2449 1136 2486 concione
1166 2449 1344 2490 xidimrr„
1380 2462 1467 2485 rum
1498 2448 1530 2484 ci
1559 2448 1733 2485 lilmllum

1318 2517 1336 2547 kt
1371 2514 1388 2549 l*
1417 2527 1431 2549 J
