2212 2835
329 901 356 920 1.
419 889 440 920 l.
1121 905 1128 911 .
1192 882 1211 910 l.

329 940 386 970 197
429 940 445 967 7
468 938 500 958 ac
517 930 541 958 C
556 940 587 957 ac
601 929 630 956 de
1098 893 1154 962 Ι1)98
1180 923 1215 951 26
1237 932 1322 961 quam
1337 921 1361 949 C
1377 921 1407 950 H
1424 919 1440 948 S
1455 933 1475 955 χ
1491 929 1564 956 quam
1579 918 1634 947 vola

413 979 448 999 10
469 979 502 998 ac
519 970 554 997 de
569 969 599 997 H
617 968 633 995 S
650 981 673 1005 χ
686 979 717 995 ac
812 1001 816 1003 ‚
1176 978 1217 984 —-
1237 971 1265 990 et
1280 963 1322 990 illi
1337 969 1365 989 et
1380 970 1429 988 nos
1444 959 1470 994 ψ
1484 960 1529 988 ille
1542 968 1565 987 ct
1578 970 1626 987 vos

411 1019 421 1039 1
433 1020 442 1038 1
467 1010 584 1048 quicem
601 1009 624 1036 C
639 1008 669 1036 H
686 1007 703 1035 S
719 1021 740 1044 χ
754 1009 780 1036 d.
1175 1018 1216 1024 —-
1237 1012 1302 1031 curn
1318 1001 1464 1039 republica
1479 1001 1503 1028 C
1518 1000 1548 1028 H
1563 1000 1580 1027 S
1596 1002 1692 1037 xpeste

411 1060 421 1079 1
431 1061 445 1079 z
468 1049 620 1088 perferrem
638 1047 665 1083 ψ
676 1051 804 1087 perferam
1179 1046 1213 1072 28
1236 1042 1403 1080 reipublicae
1418 1040 1533 1069 salutem
1549 1039 1700 1077 spfizlutepn,
1720 1047 1743 1068 ct
1757 1039 1807 1069 Rffi'

412 1100 445 1128 ¹3
470 1090 556 1118 fetam
574 1088 601 1124 ψ
615 1091 644 1117 d.
1273 1083 1362 1120 populi

412 1139 450 1167 ¹4
470 1130 551 1158 vobis
566 1130 591 1164 «ᾧ
606 1131 635 1157 d.
1178 1134 1216 1161 30
1237 1123 1286 1162 qui
1302 1137 1380 1146 -—
1396 1120 1544 1150 Gracchus
1559 1135 1580 1157 z
1592 1122 1620 1152 d.

407 1186 449 1193 —
469 1171 600 1199 Romano
629 1170 653 1197 C
676 1169 694 1196 S
718 1168 830 1196 Romano
851 1168 885 1195 P.
909 1168 940 1194 C.
964 1168 1002 1201 (i.
1018 1176 1041 1194 e.
1179 1173 1212 1201 31
1239 1163 1288 1201 qui
1302 1161 1329 1196 ψ
1344 1163 1407 1201 quod

505 1219 597 1248 patres
609 1210 762 1246 conscripti)
780 1209 809 1236 H
825 1208 937 1236 Romano
946 1207 1040 1235 Patres
1181 1214 1216 1242 32
1240 1205 1276 1233 C.
1293 1201 1463 1231 Memmium
1480 1200 1504 1228 C
1519 1202 1668 1230 Memmium

509 1251 542 1278 C.
557 1264 580 1287 χ
596 1250 628 1277 P.
644 1262 670 1288 q.
687 1250 722 1278 R.
739 1250 774 1278 P.
791 1248 824 1277 C.
1178 1260 1219 1266 —
1239 1243 1344 1272 occidit
1359 1243 1384 1270 C
1399 1245 1529 1279 interfecit
1543 1242 1696 1277 xlaeocciderit

411 1299 445 1327 ¹7
469 1291 632 1318 continetur
644 1291 670 1324 ψ
684 1291 711 1318 d.
1181 1294 1216 1322 33
1240 1292 1324 1322 atque
1339 1283 1368 1311 in
1383 1283 1409 1316 ψ
1422 1285 1464 1310 uti

409 1340 447 1358 20
467 1330 534 1358 sella
548 1329 575 1365 ψ
586 1329 707 1365 nonſs’lla
1175 1339 1217 1346 —
1237 1324 1258 1352 ii
1272 1325 1296 1352 C
1313 1324 1343 1351 hi
1371 1323 1401 1351 H
1421 1323 1438 1350 S
1452 1335 1475 1360 χ
1489 1322 1530 1351 illi
1555 1323 1581 1358 ψ
1593 1325 1641 1352 duo
1663 1322 1711 1362 (in
1727 1332 1814 1362 margq

409 1380 445 1399 22
468 1380 532 1398 meo
547 1371 572 1399 C
587 1371 616 1398 H
633 1372 650 1398 S
665 1374 726 1406 gin
739 1379 789 1398 meo
1276 1363 1338 1401 illi)

408 1425 449 1433 —
469 1410 593 1449 quodam
611 1411 719 1444 dolore,
733 1411 761 1438 in
777 1407 805 1444 ψ
819 1407 909 1442 dolore,
925 1408 1032 1446 quodam
1178 1413 1218 1443 34
1238 1404 1344 1433 caedem
1359 1403 1383 1431 C
1398 1413 1478 1431 necem

412 1460 451 1488 ²4
470 1451 523 1479 ess‘e
537 1451 562 1480 C
577 1452 609 1480 H
625 1451 642 1479 S
657 1465 678 1487 χ
692 1453 719 1479 d.
1100 1454 1156 1484 199
1203 1454 1210 1472 1
1238 1442 1438 1481 accipiendum
1453 1442 1480 1478 ψ
1494 1444 1662 1482 recipiendum

332 1491 388 1530 198
435 1500 445 1518 1
470 1491 668 1529 populumque
698 1491 859 1518 Romanum
891 1486 960 1516 CH
980 1487 998 1515 S
1020 1500 1042 1523 χ
1200 1494 1214 1522 3
1237 1484 1275 1512 est
1291 1485 1358 1512 Cei.

510 1531 633 1567 Qirites
1175 1540 1216 1547 —
1236 1523 1377 1552 arceffitur
1390 1522 1418 1558 ψ
1431 1523 1569 1560 accetsttur

431 1581 447 1599 2
469 1571 568 1599 misera
581 1571 606 1605 ψ
620 1571 723 1607 mifiria
1175 1580 1216 1588 —-
1237 1564 1341 1593 initum
1357 1563 1380 1591 C
1397 1563 1415 1592 S
1429 1565 1535 1591 initium

408 1626 449 1634 —
469 1611 630 1649 liberosque
643 1610 770 1649 xliberos
1197 1615 1216 1642 4
1236 1603 1391 1634 interfeffls
1430 1603 1565 1633 omnibus
1594 1602 1622 1639 ψ
1649 1604 1807 1641 interfam-

431 1661 446 1689 3
470 1659 555 1689 atque
567 1652 592 1680 C
606 1662 638 1680 ac
1277 1644 1352 1673 nibus

430 1700 450 1728 4
469 1691 598 1719 omnium
614 1691 639 1719 C
653 1691 680 1719 H
698 1691 715 1718 S
730 1703 754 1728 χ
768 1691 922 1726 omniumque
1175 1700 1216 1707 —
1236 1694 1271 1713 ne
1286 1686 1311 1719 ψ
1323 1687 1351 1713 d.

409 1746 450 1753 -
471 1731 593 1760 nostrum
608 1732 639 1760 H
654 1733 767 1769 vestrum
1175 1741 1215 1748 —
1235 1724 1402 1763 reipublicae
1416 1724 1440 1753 C
1455 1724 1480 1758 ψ
1490 1723 1579 1762 populi
1592 1724 1627 1752 R.

411 1774 428 1800 8
449 1772 526 1799 laeter
541 1772 566 1800 C
582 1773 599 1800 S
612 1772 689 1801 Iaelor
1197 1766 1215 1794 6
1235 1766 1331 1794 omnia
1346 1765 1372 1800 ψ
1387 1768 1496 1794 crimina

410 1827 451 1835 —
470 1812 637 1849 reipublicae
651 1812 676 1841 C
691 1809 818 1849 &populi
832 1809 868 1838 R.
1202 1808 1218 1834 8
1237 1807 1296 1843 jam
1311 1806 1341 1834 H
1358 1805 1374 1833 S
1390 1807 1418 1834 d.

416 1862 449 1890 13
473 1861 570 1880 omnes
587 1853 611 1881 C
626 1856 702 1880 omnis
1179 1861 1220 1868 —
1235 1845 1351 1883 judiciis
1367 1846 1390 1873 C
1406 1845 1436 1873 H
1449 1845 1465 1872 S
1480 1857 1501 1880 χ
1515 1845 1619 1872 indiciis

417 1902 427 1920 1
436 1901 455 1928 4
475 1901 584 1919 mereor
598 1892 629 1920 H
642 1894 704 1920 meis
1180 1902 1220 1909 —
1238 1886 1383 1923 judicastis
1398 1885 1429 1913 H
1441 1886 1458 1912 S
1473 1885 1674 1922 zjudicavistis

419 1941 452 1969 ις
475 1931 613 1970 obtigerit
628 1933 653 1966 ψ
667 1935 786 1970 amgerit
1184 1936 1218 1954 ¹2
1240 1935 1305 1955 eum
1321 1927 1345 1954 C
1364 1926 1392 1954 H
1410 1927 1427 1953 S
1442 1939 1463 1960 χ
1477 1926 1505 1953 d.

415 1972 451 2000 16
473 1971 549 1999 enim
563 1972 589 2000 C
605 1973 632 2000 d,
1179 1981 1220 1989 —-
1235 1966 1381 2004 judicastis
1397 1966 1426 1994 H
1443 1965 1640 2004 Sjua'icavtstis

415 2021 449 2047 ¹7
472 2011 611 2040 consulari
632 2012 657 2041 C
673 2013 703 2042 H
721 2013 738 2041 S
753 2027 774 2050 χ
789 2011 882 2050 confidi
1179 2022 1220 2029 —
1240 2006 1392 2034 custodiam
1407 2006 1432 2039 ψ
1446 2006 1560 2043 custodia

411 2067 452 2074 —
472 2060 524 2079 nec
539 2052 564 2080 C
579 2063 655 2089 neque
1183 2057 1220 2084 14
1241 2048 1277 2074 est
1294 2046 1401 2074 nemini
1417 2047 1441 2074 C
1456 2056 1521 2074 nemo
1535 2047 1568 2081 cst

412 2107 452 2113 —-
475 2091 538 2119 Nec
553 2091 578 2119 C
591 2093 680 2131 Neque
1183 2096 1193 2116 1
1204 2097 1216 2125 ς
1240 2087 1366 2115 hesterno
1379 2085 1406 2120 ψ
1420 2087 1538 2114 hodierno

417 2133 452 2160 18
475 2139 561 2169 atque
578 2132 602 2160 C
617 2141 640 2160 et
1185 2137 1217 2163 ¹7
1241 2126 1300 2154 dati
1317 2127 1340 2153 C
1355 2126 1451 2153 traditi

416 2181 453 2201 20
474 2180 566 2208 neque
582 2172 611 2199 H
627 2173 644 2200 S
661 2183 751 2200 necnon
1179 2182 1219 2188 ·-
1242 2167 1300 2194 ulla
1314 2166 1338 2193 C
1355 2166 1383 2193 H
1399 2166 1415 2192 S
1430 2165 1456 2192 d.

413 2227 454 2234 --
475 2221 531 2239 non
547 2212 571 2239 C
588 2211 618 2239 H
635 2212 651 2240 S
667 2214 693 2241 d.
707 2213 733 2245 ψ
747 2212 817 2240 molit
831 2222 889 2250 quae
1181 2217 1211 2235 21
1239 2205 1393 2242 prredicans
1410 2204 1435 2238 ψ
1445 2205 1597 2242 pra-dicam

417 2261 453 2281 22
476 2260 561 2288 quem
577 2252 601 2280 C
618 2252 649 2280 H
666 2253 684 2280 S
699 2266 722 2289 χ
736 2254 780 2290 qui
1182 2257 1216 2283 23
1241 2245 1348 2272 misceri
1364 2246 1387 2273 C
1402 2246 1535 2281 immisszri

414 2307 454 2314 --
475 2291 634 2329 respublica
649 2292 674 2321 C
690 2292 719 2320 H
735 2291 909 2329 rempublicam
924 2290 942 2319 S
958 2302 982 2320 r.
994 2298 1024 2328 p.
1184 2296 1221 2323 24
1243 2294 1300 2314 tam
1318 2286 1342 2313 C
1356 2294 1378 2313 ει
1395 2292 1448 2312 tam

416 2343 450 2371 ες
473 2330 620 2361 vobiscum
636 2332 667 2361 H
683 2333 700 2362 S
715 2346 738 2370 χ
751 2332 875 2369 nobiscum
1181 2336 1215 2364 ²5
1238 2325 1265 2354 se
1280 2339 1309 2361 χ,
1323 2326 1348 2358 Φ
1362 2327 1389 2353 d-

1020 210 1113 247 IN

505 333 1627 394 L.CATILINAM

815 489 892 528 IN
975 487 1306 525 SENATU

722 621 1160 665 ORATIO
1244 619 1401 659 XXII.

516 747 637 815 Edit(
665 773 811 813 Olivet.
1183 768 1298 808 MSS.
1330 768 1364 806 c
1383 765 1429 806 H
1449 765 1472 804 s
1492 782 1520 814 x
1540 779 1554 805 1
1578 761 1617 818 ψ

1297 2392 1429 2420 Xxxz
