2212 2835
312 382 463 419 decreta
482 377 670 415 fecerunt.
695 371 847 414 Scribae,
865 367 933 419 qui
955 363 1156 403 nobiscum
1173 362 1214 397 in
1235 356 1445 396 rationibus
1467 363 1705 392 monumen-

316 447 440 499 tisque
460 442 627 497 publicis
647 438 852 480 versantur,
872 446 948 471 non
965 429 1172 468 obscurum
1190 425 1236 462 de
1256 423 1352 461 meis
1369 423 1408 460 in
1425 417 1709 472 rempublicam

317 510 511 552 beneficiis
537 508 649 545 suum
663 502 860 556 judicium
886 499 1164 545 decretumque
1189 489 1260 528 effe
1286 488 1506 527 voluerunt.
1538 481 1709 521 Nullum

316 577 369 617 est
389 578 429 615 in
449 575 521 613 hac
541 572 635 611 urbe
653 568 878 619 collegium,
907 562 1007 601 nulli
1026 557 1177 613 pagani,
1200 565 1265 593 aut
1285 551 1476 595 montani,
1508 548 1712 600 (quoniam

317 644 421 699 plebi
442 652 598 694 quoque
618 637 770 674 urbanae
791 632 952 684 majores
973 627 1089 667 nostri
1107 621 1378 664 conventicula
1393 650 1406 666 ,
1436 629 1474 658 et
1494 617 1596 671 quasi
1617 631 1712 655 conc

319 710 398 749 filia
419 705 594 760 quaedam
609 731 621 747 ,
651 699 722 738 effe
742 695 972 746 voluerunt)
995 692 1064 745 qui
1084 704 1162 729 non
1183 686 1412 741 ampliffime
1432 698 1511 725 non
1531 683 1649 722 modo
1669 683 1715 720 de

320 775 439 815 salute
459 784 559 815 mea,
588 768 651 807 sed
669 767 787 805 etiam
807 764 854 802 de
874 760 1075 814 dignitate,
1106 754 1357 795 decreverint,

378 841 487 880 Nam
517 834 613 890 quid
643 847 716 886 ego
742 831 808 869 illa
833 829 962 868 divina
989 835 1103 878 atque
1129 820 1366 861 immortalia
1394 817 1716 870 municipiorum,

325 918 364 948 et
383 906 639 946 coloniarum,
670 909 708 937 et
729 899 846 936 totius
868 895 1001 938 Italiae,
1033 892 1181 930 decreta
1207 898 1529 930 commemorem,
1560 883 1718 936 quibus,

327 986 512 1027 tanquam
532 968 726 1024 gradibus,
759 963 860 1003 mihi
880 961 1010 1001 videor
1029 959 1069 996 in
1089 956 1228 996 caelum
1249 952 1465 998 ascendisse,
1496 964 1575 990 non
1594 949 1721 989 solum

327 1043 368 1081 in
403 1039 565 1094 patriam
599 1029 815 1073 revertisse?
848 1029 919 1068 Ille
952 1039 1043 1065 vero
1076 1023 1156 1062 dies
1190 1021 1277 1074 quis
1312 1019 1417 1065 fuit,
1451 1032 1544 1057 cum
1577 1025 1642 1061 te,
1674 1016 1721 1054 P.

329 1107 495 1149 Lentule
512 1134 523 1150 ,
553 1104 681 1155 legem
702 1099 748 1137 de
777 1110 840 1135 me
860 1094 1047 1133 ferentem
1075 1088 1241 1144 populus
1267 1088 1469 1126 Romanus
1496 1083 1575 1138 ipse
1598 1083 1695 1121 vidit
1711 1110 1724 1127 ,

330 1175 539 1225 sensitque,
571 1174 763 1221 quantus,
794 1172 832 1201 et
862 1169 1004 1214 quanta
1034 1156 1247 1210 dignitate,
1277 1152 1399 1191 effes?
1432 1151 1590 1190 Constat
1617 1149 1726 1187 enim

330 1240 451 1280 nullis
487 1247 661 1289 unquam
694 1229 865 1270 comitiis
900 1237 1085 1278 campum
1120 1220 1313 1260 Martium
1346 1226 1451 1257 tanta
1480 1215 1723 1258 celebritate,

332 1316 441 1346 tanto
470 1301 670 1358 splendore
700 1296 828 1335 omnis
859 1292 1006 1347 generis
1036 1288 1273 1330 hominum,
1304 1293 1487 1328 aetatum,
1517 1281 1726 1324 ordinum,

334 1370 511 1413 floruiffe.
544 1366 701 1406 Omitto
721 1362 946 1404 civitatum,
978 1356 1200 1397 nationum,
1230 1350 1540 1405 provinciarum,
1570 1360 1728 1400 regum,

336 1440 440 1479 orbis
477 1436 642 1487 denique
676 1441 889 1472 terrarum,
921 1425 968 1463 de
1002 1422 1098 1461 meis
1131 1421 1172 1458 in
1206 1430 1340 1457 omnes
1372 1415 1551 1455 mortales
1583 1413 1730 1453 meritis

337 1518 463 1544 unum
489 1494 708 1555 judicium,
740 1504 942 1544 unumque
972 1485 1212 1527 consensum.
1243 1483 1446 1523 Adventus
1479 1494 1589 1520 meus
1620 1488 1735 1532 atque

340 1570 521 1610 introitus
544 1568 583 1604 in
604 1564 740 1602 urbem
765 1560 834 1612 qui
862 1555 968 1596 fuit?
999 1556 1148 1592 Utrum
1174 1563 1238 1589 me
1263 1548 1384 1603 patria
1406 1548 1458 1587 fic
1483 1547 1633 1600 accepit
1649 1574 1660 1590 ,
1692 1552 1735 1583 ut

343 1640 473 1679 lucem
494 1634 731 1683 salutemque
752 1626 940 1667 redditam
968 1622 1038 1661 fibi
1064 1634 1107 1658 ac
1132 1618 1344 1658 restitutam
1371 1615 1543 1669 accipere
1570 1613 1706 1652 debuit
1722 1640 1733 1656 ,

343 1720 392 1744 an
418 1713 462 1742 ut
487 1698 684 1740 crudelem
710 1705 916 1747 tyrannum
937 1690 948 1727 ?
981 1686 1086 1741 quod
1111 1699 1177 1724 vos
1203 1683 1380 1723 Catilinae
1405 1680 1574 1735 gregales
1601 1680 1648 1718 de
1674 1691 1738 1717 me

346 1773 471 1813 dicere
500 1764 691 1807 solebatis.
727 1762 863 1813 Itaque
897 1757 964 1795 ille
995 1768 1093 1794 unus
1129 1753 1237 1797 dies,
1268 1764 1347 1803 quo
1377 1749 1440 1787 die
1472 1761 1536 1787 me
1570 1745 1736 1801 populus

347 1841 551 1880 Romanus
571 1847 592 1872 a
611 1839 720 1885 porta
738 1829 778 1867 in
800 1824 1064 1879 Capitolium,
1093 1830 1208 1873 atque
1229 1818 1319 1858 inde
1339 1816 1524 1860 domum,
1554 1814 1619 1852 sua
1637 1813 1741 1850 cele-

348 1906 488 1946 britate
508 1900 716 1950 laetitiaque
735 1894 966 1933 comitatum
986 1886 1199 1929 honestavit
1215 1915 1226 1931 ,
1256 1892 1370 1923 tantae
1389 1881 1491 1921 mihi
1505 1877 1744 1934 jucunditati.

351 1971 456 2014 fuit,
488 1976 532 2006 ut
558 1975 624 2004 tua
649 1961 749 2001 mihi
776 1957 1029 1998 conscelerata
1055 1953 1122 1992 illa
1146 1952 1202 1990 vis
1228 1963 1307 1989 non
1335 1948 1452 1988 modo
1477 1959 1556 1985 non
1581 1943 1743 1999 propul-

354 2036 485 2080 sanda,
516 2032 578 2072 sed
598 2031 715 2069 etiam
735 2024 919 2069 emenda,
950 2020 1060 2061 fuisse
1079 2019 1266 2058 videatur.
1298 2016 1428 2066 Qare
1446 2013 1516 2053 illa
1533 2010 1743 2054 calamitas,
1800 2012 1803 2015 “

357 2104 385 2142 fi
415 2103 467 2140 ita
496 2100 550 2139 est
579 2093 816 2150 appellanda,
847 2089 1006 2130 excuffit
1036 2086 1112 2126 hoc
1146 2097 1266 2139 genus
1297 2091 1425 2122 totum
1459 2077 1667 2122 maledicti,
1699 2087 1746 2113 ne

358 2168 563 2223 quisquam
596 2163 729 2202 audeat
757 2161 838 2212 jam
873 2154 1146 2210 reprehendere
1179 2149 1423 2190 consulatum
1457 2158 1618 2188 meum,
1659 2150 1746 2185 tot,

361 2235 501 2278 tantis,
532 2240 611 2269 tam
636 2226 776 2267 ornatis
793 2223 975 2278 judiciis,
1006 2217 1259 2262 testimoniis,
1291 2212 1604 2253 auctoritatibus,
1635 2220 1746 2246 com-

363 2301 584 2355 probatum.
1474 2312 1478 2317 Α

420 2365 574 2405 XXIX.
607 2360 725 2412 Qod
755 2359 782 2397 s1
812 2358 852 2396 in
883 2356 953 2395 isto
983 2363 1051 2392 tuo
1081 2350 1286 2391 maledieto
1313 2346 1498 2399 probrum
1528 2354 1605 2380 non
1635 2339 1753 2378 modo

367 2433 467 2474 mihi
488 2431 642 2471 nullum
662 2427 826 2480 objectas
846 2452 856 2469 ‚
888 2422 949 2461 sed
975 2421 1091 2460 etiarn
1110 2417 1263 2457 laudem
1290 2412 1450 2451 illustras
1472 2423 1598 2449 meam
1615 2426 1626 2454 ς
1659 2405 1755 2461 quid

1260 2482 1290 2519 B
1321 2480 1345 2518 b
1375 2478 1399 2517 b
1432 2491 1454 2517 2
