2212 2835
384 206 461 258 198
822 194 1358 236 ORATlorv.

384 302 603 345 voluerunt,
634 306 677 336 ut
696 310 776 342 VOS,
800 297 927 334 Patres
948 292 1167 346 conscripti,
1190 291 1459 345 populumque
1480 290 1705 328 Romanum
1724 302 1772 327 ex

386 368 487 405 caede
513 366 660 409 misera,
691 364 874 415 conjuges
902 359 1117 412 liberosque
1142 358 1296 402 vestros,
1326 356 1565 409 virginesque
1591 354 1773 400 Vestales,

385 447 432 472 cx
452 433 686 471 acerbiffima
705 430 905 469 vexatione
921 447 931 472 ;
963 426 1109 479 templa
1127 434 1241 478 atque
1262 424 1432 468 delubra,
1464 422 1563 460 hanc
1592 420 1774 475 pulcher-

386 502 527 538 rimam
548 499 709 553 patriam
730 497 910 535 omnium
931 494 1117 537 nostrum,
1150 507 1196 530 ex
1215 491 1419 530 foediffima
1439 490 1621 534 flamma3
1654 497 1777 526 totam

386 566 538 604 Italiam
573 579 620 602 ex
649 563 751 602 bello
780 571 817 599 et
847 560 1029 605 vastitate,
1059 560 1273 611 eriperem3
1306 569 1547 609 quaecunque
1579 553 1679 593 mihi
1709 552 1776 590 uni

386 640 623 684 proponetur
642 628 808 672 fortuna,
831 626 1019 664 subeatur.
1048 624 1223 667 Etenim,
1246 623 1272 661 si
1294 624 1337 660 P.
1361 621 1552 660 Lentulus
1573 620 1683 658 suum
1705 632 1776 657 no-

388 712 493 743 men,
525 697 702 735 induc'tus
737 709 757 732 a
789 693 955 737 vatibus,
990 691 1103 730 fatale
1132 690 1178 728 ad
1207 689 1420 742 perniciem
1450 687 1669 740 reipublicae
1699 684 1780 723 fore

390 765 565 817 putavit;
595 777 665 800 ,cur
690 774 763 814 ego
792 773 870 797 non
899 759 1002 797 laeter
1028 770 1162 795 meum
1192 755 1434 794 consulatum
1458 754 1504 792 ad
1524 754 1683 792 salutem
1703 752 1780 790 rei-

391 830 556 884 publicae
576 841 694 881 prope
713 825 869 864 fatalem
887 822 1051 862 extitisse
1068 823 1082 859 ?

446 897 500 934 ΙΙ.
532 896 675 946 Qare,
706 893 834 930 Patres
862 888 1084 942 conscripti,
1115 885 1301 924 consulite
1328 885 1451 930 vobis,
1483 884 1686 937 prospicite
1712 897 1780 935 pa-

388 963 488 1006 triae,
528 960 743 999 conservate
780 970 862 1001 VOS,
902 956 1099 1007 conjuges,
1140 952 1296 996 liberos,
1334 951 1580 1002 fortunasque
1617 949 1780 993 vestras;

393 1027 528 1082 populi
550 1025 720 1065 Romani
739 1035 882 1062 nomen
908 1021 1145 1072 salutemque
1171 1017 1391 1062 defendite;
1424 1015 1524 1054 mihi
1544 1029 1710 1069 parcere,
1741 1027 1782 1053 ac

393 1096 439 1133 de
470 1108 533 1133 me
564 1093 744 1146 cogitare,
775 1089 944 1128 definite.
976 1088 1085 1126 Nam
1114 1086 1288 1139 primum
1314 1084 1435 1122 debeo
1461 1083 1619 1136 sperare,
1649 1095 1784 1121 omnes

393 1163 513 1206 Deos,
535 1160 603 1213 qui
622 1158 715 1197 huic
735 1156 823 1195 urbi
843 1153 1053 1208 praefident,
1071 1164 1140 1204 pro
1160 1164 1205 1189 eo
1223 1149 1337 1195 mihi,
1354 1164 1396 1188 ac
1418 1163 1579 1194 mereor,
1602 1150 1784 1188 relaturos

394 1228 556 1280 gratiam
575 1225 674 1263 effe:
705 1222 857 1266 deinde,
887 1220 914 1258 fi
937 1219 1033 1272 quid
1059 1217 1254 1270 obtigerit,
1286 1229 1395 1268 aequo
1421 1216 1552 1254 animo
1580 1224 1788 1268 paratoque

395 1294 548 1332 moriar.
572 1292 715 1343 Neque
732 1289 836 1327 enim
857 1287 979 1339 turpis
1007 1298 1109 1323 mors
1135 1282 1229 1323 forti
1254 1283 1336 1322 viro
1363 1282 1485 1335 potest
1503 1282 1687 1326 accidere,
1717 1294 1785 1319 ne-

397 1374 472 1413 que
488 1360 696 1398 immatura
715 1353 916 1398 consulari,
933 1366 1003 1392 nec
1020 1352 1156 1391 misera
1170 1350 1341 1404 sapienti.
1364 1350 1451 1388 Nec
1468 1357 1596 1388 tamen
1612 1362 1685 1401 ego
1704 1347 1791 1386 sum

397 1428 463 1466 ille
492 1425 647 1470 ferreus,
679 1423 749 1477 qui
776 1421 902 1460 fratris
930 1419 1123 1464 cariffimi,
1154 1427 1269 1471 atque
1298 1417 1559 1462 amantiffimi‚
1597 1415 1788 1469 praesentis

398 1506 562 1533 moerore
582 1506 659 1531 non
679 1502 847 1533 movear,
870 1487 1091 1540 horumque
1109 1486 1294 1524 omnium,
1309 1485 1503 1536 lacrymis,
1524 1497 1546 1521 a
1564 1483 1706 1535 quibus
1727 1494 1791 1520 me

399 1556 684 1598 circumseffum
704 1554 841 1594 videtis
862 1569 871 1593 :
903 1567 1028 1606 neque
1046 1565 1177 1591 meam
1201 1560 1376 1592 mentem
1404 1564 1482 1590 non
1513 1549 1677 1587 domum
1698 1547 1802 1601 saepe1

399 1635 551 1665 revocat
578 1624 793 1663 exanimata
822 1634 933 1666 uxor,
963 1620 1109 1672 abjecta
1137 1627 1247 1657 metu
1275 1617 1368 1662 filia,
1398 1626 1436 1655 et
1464 1615 1645 1671 parvulus
1674 1614 1793 1660 filius,

400 1707 518 1745 quem
540 1690 640 1731 mihi
659 1690 810 1729 videtur
828 1687 1012 1741 amplecti
1028 1685 1248 1738 respublica*
1262 1693 1449 1736 tanquam
1461 1683 1634 1722 obsidem
1653 1680 1801 1720 consu--⁴

402 1761 499 1798 latus
521 1759 598 1797 mei
614 1776 625 1802 ;
657 1769 782 1809 neque
803 1755 883 1799 ille,
905 1753 974 1806 qui
993 1753 1194 1804 expectans
1214 1749 1331 1801 hujus
1351 1750 1501 1788 exitum
1519 1749 1595 1786 diei
1615 1747 1734 1785 adstat
1752 1746 1794 1783 in

403 1826 609 1878 conspectu
631 1837 733 1868 meo,
763 1834 892 1874 gener.
925 1820 1090 1858 Moveor
1114 1816 1178 1855 his
1204 1817 1315 1855 rebus
1340 1816 1536 1860 omnibus,
1567 1814 1689 1852 sedin
1710 1826 1795 1850 eam

403 1902 565 1944 partem,
598 1899 640 1927 ut
668 1889 758 1926 salvi
785 1887 857 1925 s1nt
883 1884 1083 1923 vobiscum
1110 1896 1259 1928 omnes,
1291 1882 1406 1919 etiam
1437 1881 1462 1918 fi
1490 1881 1544 1918 vis
1575 1881 1703 1932 aliqua
1733 1891 1796 1917 me

403 1955 638 2011 oppresserit,
674 1954 817 2007 potius,
853 1965 971 2005 quam
1004 1959 1042 1989 et
1075 1950 1134 1988 illi
1171 1958 1210 1988 et
1246 1962 1315 1987 nos
1352 1961 1427 1986 una
1469 1961 1561 1985 cum
1600 1945 1796 1999 republica

406 2036 618 2078 pereamus,

462 2092 603 2144 Qare,
635 2089 761 2127 Patres
787 2085 1007 2138 conscripti,
1038 2083 1255 2122 incumbite
1284 2082 1330 2120 ad
1361 2080 1579 2135 reipublicae
1608 2079 1768 2118 salutem
1785 2097 1798 2125 ;

407 2155 693 2208 circumspicite
713 2167 848 2192 omnes
869 2151 1069 2205 procellas,
1101 2164 1184 2203 quae
1205 2149 1445 2202 impendent,
1478 2147 1545 2185 nisl
1575 2146 1797 2200 providetis.

409 2225 503 2263 Non
534 2222 629 2260 Tib.
663 2218 877 2263 Gracchus,
909 2217 979 2270 qui
1008 2217 1148 2255 iterum
1175 2216 1352 2253 tribunus
1382 2214 1506 2267 plebis
1536 2213 1617 2251 fieri
1646 2213 1798 2257 voluit;

411 2305 487 2330 non
519 2290 566 2327 C.
599 2285 814 2330 Gracchus,
845 2285 914 2337 qui
939 2284 1101 2336 agrarios
1129 2282 1321 2320 concitare
1347 2290 1506 2319 conatus
1533 2279 1612 2324 est3
1645 2292 1722 2317 non
1750 2278 1798 2315 L.

412 2356 651 2398 Saturninus,
682 2353 749 2405 qui
780 2353 827 2390 C.
861 2349 1105 2389 Memmium
1134 2348 1291 2392 occidit,
1325 2348 1364 2384 in
1395 2346 1606 2384 discrimen.
1629 2342 1798 2396 aliquod,

411 2433 526 2474 atque
548 2422 587 2459 in
608 2420 733 2458 vestrae
755 2417 959 2456 severitatis
974 2415 1185 2469 judicium,
1208 2415 1423 2452 adducitur.
1447 2414 1649 2451 Tenentur
1668 2411 1709 2455 ii,
1733 2409 1801 2460 qui

411 2489 458 2527 ad
480 2488 582 2526 urbis
603 2485 841 2531 incendium,
872 2484 918 2523 ad
944 2482 1103 2523 vestram
1128 2481 1309 2521 omnium
1337 2480 1495 2525 caedem,
1526 2479 1571 2516 ad
1592 2475 1800 2516 Catilinam
