2212 2835
480 225 558 264 294
984 205 1387 244 ORATIO

475 308 636 351 civium,
668 304 903 344 clandestino
930 303 1067 342 scelere
1084 302 1287 348 conflatus,
1318 301 1625 341 crudeliffimum
1651 309 1690 340 et
1715 302 1871 342 luftuo-

477 373 661 412 fiffimum
682 372 849 411 exitium
876 371 1006 424 patriae
1032 369 1308 422 comparasset,
1340 382 1432 407 cum
1460 369 1505 406 ad
1532 367 1710 407 occasum
1736 369 1872 407 interi-

475 448 641 492 tumque
661 438 883 492 reipub11cae
904 436 1073 475 Catilina
1091 436 1132 474 in
1152 435 1278 474 castris
1293 464 1304 480 ,
1336 435 1376 473 in
1397 434 1458 473 his
1479 444 1609 473 autem
1629 435 1787 488 templis
1812 443 1873 473 at-

476 520 552 558 que
573 506 680 544 tectis
702 505 781 543 dux
802 504 993 543 Lentulus
1020 502 1109 541 effer
1135 502 1364 540 constitutus
1385 517 1392 539 :
1427 503 1522 540 meis
1550 501 1742 547 consiliis,
1774 501 1872 540 meis

477 573 688 617 laboribus,
719 571 797 609 mei
818 570 954 623 capitis
975 568 1169 622 periculiS,
1200 569 1277 607 fine
1299 568 1489 614 tumultu,
1516 569 1591 606 fine
1612 568 1774 614 delectu,
1796 567 1874 606 fine

476 640 617 684 armis,
648 639 725 676 fine
755 638 950 681 exercitu,
980 636 1156 688 quinque
1186 634 1413 673 hominibus
1443 634 1727 688 comprehensis
1758 643 1874 687 atque

476 705 671 750 confoffis‚
702 704 919 742 incensione
943 703 1096 746 urbem,
1128 702 1390 739 internecione
1417 702 1534 746 cives,
1565 702 1735 740 vastitate
1761 701 1872 739 Itali-

476 786 553 815 am,
576 772 734 809 interitu
755 769 1054 822 rempublicam,
1075 767 1254 805 liberavi:
1278 780 1349 819 ego
1369 768 1488 805 vitam
1509 769 1689 806 omnium
1710 768 1872 813 civium,

476 838 617 876 statum
638 837 740 875 orbis
762 846 868 874 terrae
882 864 893 880 ,
925 835 1063 873 urbem
1082 832 1182 871 hanc
1203 833 1369 885 denique
1383 861 1393 877 ,
1425 832 1553 871 sedem
1579 834 1760 872 omnium
1785 834 1874 873 nos-

477 918 583 947 trum
598 938 608 953 ,
639 921 766 946 arcem
787 920 923 960 regum
942 919 985 944 ac
1004 905 1210 944 nationum
1230 913 1447 942 exterarum
1463 933 1473 949 ,
1504 904 1639 942 lumen
1669 904 1845 958 gentium
1861 933 1872 949 ,

477 975 726 1013 domicilium
748 974 928 1027 imperii,
959 972 1134 1026 quinque
1160 970 1372 1009 hominum
1398 972 1615 1009 amentium
1638 984 1681 1009 ac
1700 971 1874 1024 perdito-

478 1056 565 1080 rum
587 1055 700 1095 poena
720 1041 880 1079 redemi.
912 1041 977 1078 An
998 1052 1062 1078 me
1089 1038 1310 1078 existimasti
1331 1037 1413 1076 haec
1434 1038 1645 1090 injuratum
1667 1038 1707 1076 in
1722 1037 1876 1090 judicio

478 1123 556 1147 non
578 1107 649 1146 effe
669 1107 879 1152 dicturum,
910 1120 996 1159 quae
1010 1106 1159 1158 juratus
1179 1106 1219 1143 in
1241 1105 1412 1143 maxima
1430 1105 1618 1142 concione
1638 1104 1815 1143 dixiffem
1833 1104 1846 1141 ?

533 1175 628 1213 XII.
661 1176 793 1226 Atque
813 1174 931 1211 etiam
950 1172 1050 1210 illud
1069 1172 1206 1210 addam
1220 1200 1232 1216 ,
1264 1185 1311 1208 ne
1336 1171 1404 1224 qui
1424 1170 1524 1209 forte
1544 1171 1705 1224 incipiat
1724 1172 1876 1224 impro-

478 1242 550 1280 bus
572 1241 700 1279 subito
720 1250 756 1278 te
776 1253 901 1278 amare
915 1269 926 1285 ‚
948 1240 1147 1291 Torquate
1161 1269 1172 1284 ‚
1185 1223 1189 1235 Ι
1203 1248 1240 1276 et
1261 1238 1408 1290 aliquid
1428 1238 1571 1291 sperare
1591 1238 1637 1276 de
1656 1247 1712 1283 te;
1744 1247 1874 1290 atque,

479 1317 523 1345 ut
542 1307 647 1345 idem
666 1319 800 1344 omnes
821 1305 1050 1350 exaudiant,
1080 1304 1284 1342 clariffima
1309 1317 1403 1342 voce
1429 1304 1570 1342 dicam.
1603 1304 1758 1342 Harum
1784 1317 1874 1342 om-

480 1374 591 1411 nium
613 1386 756 1417 rerum,
786 1384 880 1424 quas
897 1384 969 1424 ego
989 1371 1030 1408 in
1049 1369 1248 1409 consulatu
1269 1383 1338 1422 pro
1358 1368 1476 1407 salute
1495 1369 1701 1407 communi
1730 1369 1877 1422 suscepi

479 1448 518 1477 et
548 1439 653 1491 geffi,
685 1439 733 1476 L.
767 1438 833 1476 ille
862 1439 1101 1490 Torquatus,
1132 1449 1225 1474 cum
1256 1435 1346 1474 esset
1377 1449 1485 1474 meus
1517 1436 1802 1474 contubernalis
1833 1436 1876 1474 in

480 1505 694 1549 consulatu,
726 1513 840 1556 atque
860 1503 977 1541 etiam
997 1503 1038 1540 in
1058 1509 1219 1555 praetura
1244 1500 1385 1547 fuiffet,
1415 1503 1559 1547 auctor,
1590 1502 1755 1554 adjutor,
1785 1515 1876 1554 par-

480 1573 600 1625 ticeps
630 1571 784 1615 extitit,
815 1583 906 1608 cum
937 1569 1140 1622 princeps,
1171 1581 1264 1606 cum
1294 1570 1450 1614 auctor,
1480 1582 1572 1607 cum
1603 1566 1759 1621 fignifer
1787 1566 1878 1606 esset

474 1637 719 1690 juventutis:
752 1649 884 1689 parens
918 1636 1025 1687 ejus,
1056 1633 1178 1673 homo
1216 1634 1495 1673 amantiffimus
1529 1635 1682 1688 patriae,
1713 1633 1878 1672 maximi

480 1704 625 1748 animi,
657 1703 801 1741 summi
821 1702 995 1747 consilii,
1026 1700 1224 1754 singularis
1243 1700 1487 1745 constantiae,
1519 1714 1611 1738 cum
1638 1699 1727 1738 effet
1752 1713 1874 1753 aeger,

481 1781 611 1809 tamen
631 1770 815 1808 omnibus
836 1770 948 1807 rebus
969 1767 1047 1806 illis
1067 1766 1245 1805 interfuit
1264 1781 1273 1805 ι
1306 1780 1507 1819 nunquam
1527 1766 1580 1804 est
1600 1780 1619 1803 a
1646 1779 1710 1804 me
1730 1766 1875 1818 digres-

482 1837 569 1874 sus:
602 1835 741 1879 studio,
772 1834 945 1879 confilio,
975 1833 1213 1878 auctoritate,
1244 1846 1343 1870 unus
1362 1832 1507 1884 adjuvit
1527 1832 1760 1885 plurimum,
1782 1845 1876 1870 cum

481 1902 748 1940 infirmitatem
769 1900 939 1953 corporis
959 1899 1080 1938 animi
1100 1900 1241 1938 virtute
1259 1899 1460 1951 superaret.

538 1968 703 2006 Videsne
718 1996 728 2012 ,
761 1976 803 2005 ut
831 1967 990 2020 eripiam
1018 1976 1056 2004 te
1082 1979 1129 2005 ex
1150 1966 1419 2019 improborum
1442 1965 1565 2003 subita
1584 1965 1728 2018 gratia,
1758 1973 1795 2003 et
1816 1978 1877 2003 re-

482 2035 690 2073 conciliem
712 2034 823 2072 bonis
843 2033 1025 2072 omnibus
1043 2033 1056 2070 ?
1088 2033 1157 2085 qui
1177 2042 1214 2070 te
1233 2042 1271 2070 et
1291 2032 1474 2085 diligunt,
1505 2041 1543 2069 et
1571 2032 1750 2077 retinent,
1783 2032 1877 2070 reti-

483 2101 709 2153 nebuntque
730 2100 903 2153 semper,
936 2113 1020 2144 nec,
1044 2099 1068 2137 fi
1090 2113 1110 2137 a
1130 2112 1192 2137 me
1212 2098 1311 2137 forte
1330 2099 1544 2142 desciveris,
1566 2098 1711 2136 idcirco
1732 2107 1769 2136 te
1787 2112 1807 2136 a
1827 2097 1876 2143 se,

483 2177 521 2206 ct
541 2181 561 2205 a
580 2166 791 2220 republica,
822 2176 859 2204 et
891 2179 910 2204 a
940 2175 1005 2203 tua
1034 2165 1236 2218 dignitate,
1268 2164 1427 2203 deficere
1459 2165 1666 2217 patientur.
1700 2165 1770 2203 Sed
1793 2165 1876 2217 jam

484 2234 596 2272 redeo
629 2234 675 2272 ad
710 2233 860 2271 causam
880 2248 889 2271 :
927 2241 1042 2285 atque
1075 2231 1150 2271 hoc
1186 2246 1266 2277 vos,
1303 2232 1475 2283 Judices,
1514 2231 1655 2276 testor3
1696 2230 1797 2270 mihi
1830 2230 1877 2268 de

484 2300 713 2353 memetipso
734 2309 813 2339 tam
835 2300 958 2337 multa
978 2299 1131 2338 dicendi
1152 2299 1345 2337 necessitas
1366 2299 1542 2351 quaedam
1563 2298 1740 2352 imposita
1759 2297 1811 2336 est
1831 2297 1878 2335 ab

485 2368 566 2405 illo.
600 2368 720 2411 Nam,
753 2367 777 2404 fi
800 2367 1024 2418 Torquatus
1046 2365 1189 2417 Syllam
1211 2365 1334 2404 solum
1362 2364 1588 2410 accusafi'et3
1620 2378 1692 2418 ego
1720 2375 1876 2417 quoque

485 2434 561 2473 hoc
582 2444 755 2486 tempore
775 2432 873 2471 nihil
894 2433 998 2471 aliud
1018 2446 1169 2485 agerem
1184 2462 1195 2478 ,
1227 2433 1293 2470 nifi
1316 2446 1406 2470 eum
1422 2461 1432 2477 ‚
1463 2432 1531 2484 qui
1551 2431 1746 2470 accusatus
1767 2429 1875 2473 esset,

483 2499 750 2538 defenderem:
770 2499 845 2546 sed,
867 2513 959 2538 curn
976 2499 1042 2538 ille
1063 2508 1143 2537 tota
1161 2498 1226 2537 illa
1245 2500 1415 2538 oratione
1436 2498 1476 2536 in
1497 2510 1560 2537 me
1582 2496 1670 2535 effet
1689 2497 1874 2540 inveftus,
