2212 2835
635 138 768 177 PRO
828 139 879 176 A.
941 136 1351 176 CLUENTIO.

301 235 560 280 Larinatium,
583 235 672 274 odio
701 233 927 287 Oppianici,
960 244 996 271 et
1017 232 1122 271 illius
1150 231 1399 271 adolescentis
1427 232 1700 276 misericordia,

302 312 614 341 commoventur.
647 303 795 354 Itaque,
818 315 911 339 cum
939 302 990 339 A.
1014 300 1175 344 Aurius,
1205 301 1274 352 qui
1305 309 1414 338 antea
1445 300 1701 343 denuntiarat,

303 370 471 408 clamore
501 369 705 407 hominem
726 381 768 405 ac
801 368 918 405 minis
940 366 1089 418 insequi
1108 366 1305 418 coepiffet;
1338 367 1481 405 Larino
1514 365 1702 420 profugit,

304 446 342 475 et
361 437 396 475 se
414 438 453 474 in
473 435 589 474 castra
608 433 803 472 clariffimi
824 433 910 478 viri,
934 432 1182 485 QMete11i‚
1203 433 1386 471 contulit.

359 503 448 541 Post
474 503 584 540 illam
604 501 754 554 fugam,
777 510 815 539 et
835 500 985 539 sceleris
1007 509 1045 537 et
1065 499 1308 538 conscientiae
1329 500 1479 545 testem,
1502 514 1704 554 nunquam

303 569 338 608 se
352 569 528 621 judiciis,
546 582 748 621 nunquam
765 568 930 621 legibus,
953 580 1155 619 nunquam
1175 567 1366 605 inermem
1386 567 1573 612 inimicis,
1591 582 1703 606 com—

302 636 458 674 mittere
478 635 587 674 ausus
607 635 684 680 est,
717 633 794 680 sed,
825 648 892 687 per
911 634 1020 672 illam
1044 634 1091 672 L.
1112 633 1224 685 Syllae
1250 634 1332 672 vim
1353 642 1467 686 atque
1487 634 1703 679 victoriam,

303 702 493 741 Larinum
527 702 567 740 in
600 701 754 740 summo
785 701 927 739 timore
957 699 1139 739 omnium
1170 713 1263 738 cum
1295 701 1450 739 armatis
1485 700 1702 739 advolavit:

304 777 470 821 quatuor
489 769 604 814 viros,
639 781 735 821 quos
757 768 976 820 municipes
997 765 1181 811 fecerant,
1209 766 1384 805 sustulit:
1417 766 1452 805 se
1472 780 1492 804 a
1520 767 1636 819 Sylla,
1667 777 1705 805 et

304 835 397 873 alios
417 844 596 889 praeterea
613 844 702 880 tres,
721 833 840 873 factos
861 834 932 872 effe
952 834 1051 872 dixit
1069 848 1077 872 :
1110 842 1148 872 et
1168 832 1214 871 ab
1235 833 1373 871 eodem
1395 833 1463 871 fibi
1484 833 1556 871 effe
1576 835 1707 887 impe-

304 911 447 947 ratum,
470 912 514 940 ut
534 902 706 940 Aurium
726 901 855 946 illum,
878 900 947 953 qui
968 900 1038 938 fibi
1058 900 1292 939 delationem
1319 901 1490 939 nominis
1512 910 1550 939 et
1570 901 1706 954 capitis

305 969 525 1022 periculum
546 969 760 1013 ostentarat,
793 977 831 1006 et
851 968 1014 1007 alterum
1034 968 1220 1011 Aurium,
1252 975 1290 1005 et
1320 968 1402 1020 ejus
1424 969 1472 1006 C.
1496 967 1639 1013 filium,
1670 977 1708 1006 et

306 1037 393 1074 Sex.
408 1035 609 1079 Virbium‚
642 1048 722 1087 quo
741 1034 927 1086 sequestre
948 1034 988 1071 in
1009 1033 1077 1071 illo
1096 1033 1226 1071 indice
1246 1034 1532 1086 corrumpendo
1551 1034 1707 1072 diceba-

306 1113 370 1141 tur
397 1101 468 1140 effe
500 1101 602 1146 usus,
635 1100 925 1153 proscribendos
957 1099 1320 1151 interficiendosque
1350 1110 1512 1138 curaret.
1556 1102 1707 1154 Itaque,

306 1169 384 1208 illis
408 1167 665 1207 crudelissime
683 1165 909 1211 interfectis,
928 1179 1006 1204 non
1028 1165 1215 1203 mediocri
1234 1165 1282 1203 ab
1302 1178 1347 1203 eo
1367 1167 1493 1204 caeteri
1513 1168 1706 1222 proscrip-

306 1236 423 1274 tionis
445 1244 483 1273 et
502 1234 638 1273 mortis
660 1242 768 1272 metu
789 1232 1040 1271 terrebantur.
1063 1231 1141 1270 His
1162 1231 1275 1269 rebus
1296 1231 1337 1270 in
1354 1232 1463 1270 causa
1476 1233 1708 1288 judicioque

306 1302 518 1357 patefacitis,
542 1302 629 1355 quis
648 1301 714 1347 est,
737 1301 806 1354 qui
826 1300 941 1338 illum
961 1298 1105 1337 absolvi
1125 1297 1288 1351 potuiffe
1308 1299 1555 1351 arbitraretur
1572 1300 1585 1336 ?

364 1371 438 1410 IX.
469 1372 603 1423 Atque
621 1369 704 1408 haec
724 1382 838 1422 parva
858 1368 972 1406 sunt:
1005 1366 1226 1420 cognoscite
1258 1366 1419 1420 reliqua,
1453 1376 1496 1406 ut
1527 1381 1606 1407 non
1636 1370 1708 1407 ali-

307 1437 463 1490 quando
483 1436 788 1475 condemnatum
815 1434 886 1473 effe
908 1434 1191 1487 Oppianicum,
1224 1432 1286 1471 sed
1307 1433 1532 1486 aliquandiu
1553 1435 1707 1474 incolu-

307 1518 416 1543 mem
436 1503 560 1549 fuiffe,
584 1503 798 1542 miremini.
838 1502 1018 1541 Primum
1039 1501 1165 1539 videte
1184 1499 1358 1539 hominis
1379 1501 1591 1541 audaciam.
1626 1503 1709 1542 Sas-

307 1571 399 1609 fiam
435 1571 475 1608 in
508 1569 807 1608 matrimonium
829 1568 980 1612 ducere,
1012 1567 1123 1605 Aviti
1154 1576 1334 1611 matrem,
1366 1567 1490 1614 illam,
1518 1571 1628 1622 cujus
1649 1571 1708 1609 vi-

309 1651 397 1675 rum
418 1639 468 1675 A.
492 1637 661 1675 Aurium
682 1635 888 1680 occiderat,
910 1633 1149 1687 concupivit.
1174 1634 1320 1672 Utrum
1342 1634 1609 1688 impudentior
1627 1636 1709 1683 hic,

310 1706 378 1758 qui
398 1704 589 1758 postulet,
621 1717 668 1741 an
688 1703 880 1741 crudelior
900 1702 980 1746 illa,
1014 1701 1039 1739 fi
1061 1701 1195 1746 nubat,
1228 1701 1387 1739 difficile
1407 1703 1513 1740 dietu
1533 1703 1599 1741 est.
1639 1705 1710 1742 Sed

310 1782 438 1811 tamen
458 1770 656 1823 utriusque
676 1768 960 1808 humanitatem
983 1768 1316 1821 constantiamque
1336 1769 1569 1822 cognoscite.

366 1838 468 1876 Petit
489 1836 747 1890 Oppianicus,
781 1845 824 1873 ut
844 1835 912 1873 fibi
935 1835 1045 1873 Saffia
1065 1835 1200 1880 nubat,
1232 1843 1271 1873 et
1302 1835 1341 1873 id
1361 1849 1594 1889 magnopere
1614 1849 1711 1875 con-

309 1905 447 1944 tendit.
481 1904 552 1942 Illa
573 1913 702 1941 autem
734 1916 813 1941 non
833 1902 1044 1940 admiratur
1074 1901 1287 1948 audaciam,
1314 1916 1392 1940 non
1423 1903 1712 1956 impudentiam

312 1971 544 2024 aspernatur,
576 1983 655 2008 non
681 1969 849 2022 denique
879 1968 989 2006 illam
1011 1968 1224 2021 Oppianici
1244 1968 1423 2014 domum,
1456 1969 1528 2007 viri
1549 1969 1605 2008 sui
1626 1970 1711 2009 san-

311 2039 428 2092 guine
455 2037 749 2082 redundantem,
772 2035 1023 2081 reformidat;
1056 2035 1132 2080 sed,
1165 2036 1271 2088 quod
1297 2034 1455 2074 haberet
1476 2045 1547 2075 tres
1574 2036 1642 2075 ille
1662 2037 1711 2075 fi-

311 2106 398 2151 lios,
426 2105 571 2144 idcirco
592 2105 627 2143 se
647 2105 694 2143 ab
726 2103 787 2142 his
809 2103 956 2156 nuptiis
987 2102 1191 2142 abhorrere
1212 2103 1418 2156 respondit.
1453 2103 1710 2157 Oppianicus,

314 2173 381 2224 qui
401 2172 607 2225 pecuniam
629 2171 749 2210 Saffiae
769 2169 1059 2222 concupivisset,
1085 2169 1204 2208 domo
1224 2169 1293 2207 fibi
1314 2170 1564 2223 quaerendum
1584 2184 1711 2209 reme-

314 2239 424 2275 dium
444 2239 675 2277 existimavit
695 2239 741 2276 ad
762 2251 846 2276 eam
869 2250 1034 2282 moram,
1057 2251 1142 2289 quae
1162 2237 1309 2289 nuptiis
1330 2236 1582 2275 afferebatur:
1606 2250 1710 2281 nam,

314 2319 405 2343 cum
426 2304 582 2343 haberet
602 2319 649 2344 ex
670 2306 798 2344 Novia
818 2303 1008 2342 infantem
1028 2304 1157 2342 filium
1172 2322 1185 2349 ς
1217 2304 1312 2342 alter
1342 2313 1469 2342 autem
1491 2305 1570 2356 ejus
1592 2303 1710 2348 filius,

316 2372 432 2424 Papia
452 2380 577 2416 natus,
599 2371 754 2410 Theani
775 2370 940 2424 Appuli,
963 2371 1067 2423 quod
1088 2371 1190 2409 abest
1210 2385 1230 2408 a
1250 2371 1394 2409 Larino
1415 2370 1547 2408 decern
1569 2377 1607 2406 et
1626 2371 1713 2407 οξτο

282 2447 284 2451 “
314 2439 441 2478 millia
470 2439 658 2492 passuum,
693 2439 795 2492 apud
825 2447 989 2478 matrem
1025 2439 1278 2483 educaretur;
1311 2436 1455 2475 arcefiit
1487 2436 1613 2475 subito
1638 2437 1714 2476 fine

398 2507 465 2545 To
478 2518 529 2544 M.
553 2506 589 2541 V
595 2534 603 2542 .
1376 2503 1409 2540 E
