2212 2835
672 221 809 262 PRO
867 222 920 261 A.
979 220 1394 262 CLUENTIO.
1691 235 1745 261 ›72-

1693 265 1703 277 ι
1724 256 1735 277 l

342 325 476 379 legum
507 323 674 378 denique
693 323 840 362 idcirco
859 335 994 362 omnes
1026 322 1120 362 servi
1140 323 1288 370 summ,
1319 332 1364 362 ut
1393 322 1506 362 liberi
1537 323 1609 363 effe
1628 323 1746 378 poffi·

343 404 448 431 mus.

398 457 507 510 Qid
527 455 593 501 est,
624 453 822 506 QNaso,
850 468 919 493 cur
950 463 994 492 tu
1023 454 1066 493 in
1099 452 1177 493 hoc
1208 454 1315 494 sexto
1348 456 1437 494 loco
1468 455 1622 495 sedeas?
1645 458 1746 510 Qae

342 524 399 563 vis
419 521 486 568 est,
521 535 598 576 qua
617 522 683 561 abs
704 531 742 561 te
771 521 816 560 hi
843 521 1011 574 judices,
1047 521 1116 560 tali
1134 521 1323 575 dignitate
1342 522 1509 576 praediti,
1541 536 1746 562 coercean-

343 599 406 629 tur
425 590 438 627 ?
469 589 551 628 Vos
571 598 716 634 autem,
737 588 910 641 Judices,
941 588 1199 642 quamobrem
1219 602 1267 627 ex
1297 598 1378 628 tam
1399 603 1539 643 magna
1559 591 1745 629 multitu-

341 656 432 695 dine
451 656 599 695 civium
620 664 701 694 tam
721 655 834 709 pauci
855 655 902 694 de
929 653 1141 694 hominum
1161 655 1329 695 fortunis
1360 655 1587 695 sententiam
1608 656 1745 696 fertis?

341 722 435 772 Qo
447 722 536 775 jure
555 722 705 768 Attius,
737 735 823 774 quae
842 721 982 767 voluit,
1004 722 1133 761 dixit?
1166 724 1248 762 Cur
1274 721 1380 761 mihi
1413 723 1562 762 tamdiu
1583 723 1746 776 potestas

341 788 496 828 dicendi
517 788 659 828 datur?
691 788 802 840 Qid
822 788 892 827 fibi
913 798 1043 827 autem
1075 788 1135 827 illi
1156 785 1301 835 scribae,
1324 789 1419 843 quid
1449 790 1617 836 lictores,
1650 791 1748 843 quid

342 857 482 901 caeteri,
505 870 603 909 quos
624 869 803 910 apparere
822 855 916 894 huic
936 856 1137 910 quaestioni
1157 856 1283 903 video,
1305 857 1465 896 volunt?
1491 858 1644 911 Opinor
1663 857 1746 896 haec

341 923 474 961 omnia
493 923 578 976 lege
598 923 694 968 fieri,
716 931 926 976 totumque
956 922 1032 961 hoc
1056 923 1270 976 judicium,
1301 933 1346 963 ut
1371 933 1482 963 antea
1512 924 1609 970 dixi,
1640 924 1745 978 quafi

342 998 475 1028 mente
495 989 662 1042 quadarn
684 990 763 1042 regi
784 990 893 1042 legis,
926 999 964 1028 et
982 989 1252 1029 administrari.
1304 992 1413 1042 Qid
1433 1005 1523 1044 ergo
1550 992 1631 1030 est?
1662 991 1745 1031 haec

343 1055 502 1108 quaestio
522 1055 600 1094 sola
629 1055 683 1094 ita
708 1055 977 1108 gubernatur?
1009 1056 1117 1107 Qid
1138 1056 1202 1096 M.
1226 1057 1396 1096 Plaetorii
1427 1067 1465 1096 et
1486 1059 1534 1096 C.
1559 1058 1746 1097 Flaminii

342 1122 442 1160 inter
461 1121 610 1160 ficarios
630 1120 643 1157 ?
674 1120 768 1172 quid
791 1121 838 1158 C.
862 1119 1048 1159 Orchini'i
1076 1121 1274 1173 peculatus
1293 1122 1306 1159 ?
1338 1122 1433 1174 quid
1451 1136 1539 1160 mea
1557 1122 1604 1161 de
1624 1137 1744 1177 pecu-

343 1187 416 1225 niis
437 1185 657 1240 repetundis
678 1186 690 1223 ?
723 1185 833 1237 Qid
855 1187 903 1225 C.
928 1186 1097 1239 Aquilii,
1125 1186 1227 1239 apud
1258 1199 1376 1239 quem
1397 1201 1501 1225 nunc
1523 1188 1570 1226 de
1591 1189 1745 1228 ambitu

342 1252 452 1291 causa
470 1252 644 1290 dicitur?
676 1252 772 1304 quid
803 1252 961 1305 reliquae
988 1252 1245 1305 quaestiones?
1277 1254 1576 1306 Circumspicite
1607 1268 1743 1293 omnes

343 1317 567 1371 reipublicae
586 1326 710 1371 partes
732 1336 743 1363 ς
776 1319 910 1356 omnia
930 1318 1065 1371 legum
1085 1318 1251 1373 imperio
1270 1327 1307 1357 et
1326 1319 1547 1372 praescripto
1566 1319 1650 1358 fieri
1683 1319 1744 1359 vi-

342 1384 498 1423 debitis.
532 1384 569 1422 Si
592 1385 678 1437 quis
696 1385 799 1438 apud
819 1398 883 1423 me
901 1394 951 1430 te,
970 1386 1023 1424 T.
1044 1385 1146 1430 Atti,
1169 1398 1280 1424 reum
1301 1385 1394 1424 velit
1413 1385 1561 1431 facere5
1585 1386 1743 1433 clames,

343 1461 380 1490 te
406 1452 490 1505 lege
523 1452 775 1505 pecuniarum
797 1453 1097 1506 repetundarum
1118 1466 1196 1491 non
1232 1452 1367 1490 teneri.
1404 1453 1547 1506 Neque
1575 1451 1658 1492 haec
1680 1464 1745 1492 tua

342 1518 526 1556 recusatio
546 1517 729 1556 confeffio
749 1519 794 1557 s1t
814 1528 934 1572 captae
962 1520 1160 1572 pecuniae;
1193 1518 1255 1556 sed
1282 1519 1438 1565 laboris,
1470 1519 1532 1558 sed
1563 1521 1741 1574 periculi,

344 1597 423 1622 non
442 1584 612 1637 legitimi
632 1584 852 1623 declinatio.

400 1649 510 1688 LIV.
541 1650 677 1695 Nunc,
707 1650 800 1702 quid
821 1658 966 1703 agatur,
998 1659 1036 1689 et
1067 1649 1162 1703 quid
1193 1650 1318 1689 abste
1343 1651 1441 1703 juris
1474 1651 1742 1698 constituatur,

343 1715 444 1754 vide.
477 1716 596 1768 Jubet
617 1715 679 1754 lex
699 1729 753 1761 ea,
776 1730 852 1769 qua
872 1717 956 1769 lege
976 1715 1057 1755 haec
1078 1716 1236 1770 quaestio
1255 1717 1462 1756 constituta
1482 1717 1548 1763 est,
1564 1719 1743 1771 judicem

342 1782 575 1835 quaestionis,
610 1780 687 1820 hoc
718 1782 784 1828 est,
817 1783 1134 1835 QVoconium,
1165 1797 1258 1822 cum
1288 1784 1334 1821 iis
1360 1784 1577 1836 judicibus,
1609 1785 1678 1837 qui
1708 1785 1744 1823 ei

342 1848 584 1893 obvenerint,
610 1848 693 1899 (vos
710 1848 890 1902 appellat,
913 1850 1088 1902 Judices)
1111 1863 1280 1903 quaerere
1300 1849 1347 1888 de
1365 1863 1526 1889 veneno.
1558 1851 1603 1889 In
1624 1864 1743 1903 quem

342 1915 539 1968 quaerere?
573 1914 780 1954 Infinitum
811 1915 889 1954 est:
932 1917 1144 1970 Qticunque
1160 1917 1316 1969 fecerit,
1348 1916 1565 1962 vendiderit,
1602 1918 1741 1963 emerit,

343 1981 525 2027 habuerit,
547 1981 696 2020 dederit.
729 1982 838 2034 Qid
859 1983 992 2021 eadem
1014 1983 1076 2022 lex
1097 1983 1224 2021 statim
1246 1983 1451 2036 adjungit?
1484 1984 1635 2023 Recita.
1655 1985 1741 2024 De-

343 2063 408 2101 que
426 2048 498 2100 ejus
517 2049 633 2101 capite
663 2050 829 2102 quaerito.
863 2050 1019 2101 Cujus?
1051 2050 1120 2102 qui
1152 2049 1318 2088 coierit?
1350 2051 1601 2088 convenerit?
1646 2051 1741 2089 Non

342 2114 396 2152 ita
414 2114 480 2153 est.
513 2115 622 2167 Qid
642 2128 732 2168 ergo
753 2116 805 2154 est
823 2116 835 2152 ?
868 2116 943 2154 dic.
977 2116 1054 2168 Qti
1069 2115 1238 2155 tribunus
1268 2116 1420 2155 militum
1440 2117 1629 2169 legionibus
1649 2132 1741 2170 qua-

343 2190 428 2219 tuor
440 2182 583 2233 primis,
605 2182 712 2236 quive
732 2183 893 2237 queestor,
925 2183 1094 2222 tribunus
1106 2183 1232 2235 plebis.
1276 2184 1470 2236 Deinceps
1498 2197 1634 2222 omnes
1655 2197 1739 2222 ma-

342 2246 519 2300 gistratus
556 2250 786 2287 nominavit.
834 2250 953 2302 ine
988 2250 1024 2289 in
1040 2251 1178 2303 stnatu
1194 2250 1417 2303 sententiam
1447 2250 1559 2295 dixit,
1591 2251 1737 2288 dixerit.

343 2312 453 2363 Qid
476 2321 560 2350 tum
581 2314 593 2349 ?
625 2315 701 2366 Qi
716 2329 833 2353 eorum
853 2316 950 2361 coiit,
973 2316 1109 2361 coierit,
1132 2316 1313 2361 convenit,
1335 2317 1554 2360 convenerit,
1577 2330 1642 2368 quo
1663 2316 1739 2368 quis

330 2379 466 2431 judicio
487 2378 630 2431 publico
649 2380 955 2420 condemnaretur.
1004 2383 1086 2434 Qi
1117 2395 1279 2420 eorum:
1313 2382 1511 2434 quorum?
1542 2381 1737 2427 videlicet,

343 2438 411 2497 qni
433 2445 542 2497 supra
573 2445 702 2497 scripti
723 2445 823 2484 sunt.
857 2448 965 2499 Qid
985 2448 1152 2493 interest,
1189 2459 1275 2486 utro
1307 2449 1425 2486 modo
1446 2447 1630 2498 scriptum
1662 2448 1737 2486 fit?

342 2512 423 2551 Etfi
439 2511 491 2550 est
511 2521 700 2565 apertum,
719 2520 847 2550 tamen
865 2513 941 2565 ipsa
958 2514 1019 2551 lex
1035 2514 1159 2552 docet.
1184 2515 1264 2552 Ubi
1285 2514 1390 2552 enim
1408 2526 1541 2551 omnes
1559 2515 1736 2553 mortales
