2212 2835
820 144 961 184 PRo
1020 144 1064 182 P.
1126 143 1371 182 SYLLA.
1729 154 1802 192 299

409 263 487 289 non
509 248 723 292 succenseo,
745 247 814 299 qui
834 246 984 284 accuses
1003 259 1108 289 eum,
1130 258 1248 297 quem
1269 257 1340 296 ego
1361 242 1550 282 defendo?
1573 243 1803 287 Inimicum,

410 317 555 368 inquis,
587 315 722 353 accuso
758 327 908 352 meum.
941 313 994 350 Et
1028 312 1199 349 amicum
1233 325 1306 363 ego
1336 311 1498 348 defendo
1529 324 1678 349 meum.
1709 311 1806 348 Non

410 383 526 420 debes
559 392 688 420 tamen
715 392 955 433 quemquam
981 379 1021 416 in
1049 378 1324 429 conjurationis
1353 377 1558 428 quaestione
1587 376 1803 415 defendere.

411 450 543 487 Immo
571 460 688 485 nemo
714 446 836 498 magis
863 458 953 482 eum
968 473 979 489 ,
1011 443 1056 481 de
1087 456 1166 495 quo
1187 441 1287 480 nihil
1307 442 1359 480 est
1379 456 1553 494 unquam
1573 442 1778 495 suspicatus
1793 470 1804 486 ,

411 529 531 569 quam
560 514 591 552 is
606 543 617 559 ,
649 513 717 565 qui
744 512 790 550 de
809 511 892 548 aliis
914 510 1038 549 multa
1057 509 1253 562 cogitavit.
1287 510 1370 547 Cur
1389 508 1518 546 dixisti
1539 508 1806 546 testimonium

410 583 452 620 in
473 581 565 618 alios
586 579 599 616 ?
632 579 737 629 Qia
756 579 924 616 coaetus.
958 577 1040 614 Cur
1059 575 1231 625 damnati
1252 574 1339 613 sunt
1360 575 1372 612 ?
1404 575 1509 627 Qia
1529 574 1719 612 creditum
1740 575 1805 612 cst.

410 647 597 700 Regnum
633 645 701 690 est,
732 644 857 682 dicere
886 643 927 681 in
957 656 1076 695 quem
1105 642 1214 687 velis,
1246 655 1289 680 ac
1318 640 1522 680 defendere
1553 654 1671 693 quern
1701 640 1809 679 velis.

411 715 543 752 Immo
563 712 721 751 servitus
743 711 809 756 est,
830 724 908 748 non
929 710 1053 747 dicere
1074 710 1113 747 in
1135 723 1253 762 quem
1273 708 1382 754 velis,
1403 722 1446 746 ac
1466 707 1669 746 defendere
1691 721 1810 760 quem

411 780 521 818 velis.
554 781 628 825 Ac,
651 779 682 817 fi
703 777 937 816 considerare
955 777 1130 829 cceperiS,
1153 785 1286 814 utrum
1306 775 1429 827 magis
1451 774 1552 813 mihi
1571 773 1647 813 hoc
1669 774 1812 813 necefl‘e

413 841 530 880 fuerit
549 840 687 885 facere,
709 854 756 877 an
777 839 877 877 istud
898 839 990 883 tibi3
1012 838 1220 890 intelliges,
1241 836 1437 875 honestius
1459 846 1495 875 te
1515 836 1812 875 inimicitiarum

415 909 580 948 modum
599 908 760 946 statuere
780 905 956 959 potuiffe,
989 919 1106 958 quam
1127 918 1191 943 me
1210 904 1479 943 humanitatis.

472 978 528 1013 At
556 988 658 1019 vero,
689 986 783 1011 cum
819 971 942 1010 honos
976 971 1158 1025 agebatur
1192 970 1446 1024 amplissimus
1482 969 1640 1008 familiae
1671 970 1812 1014 vestrae,

416 1041 493 1080 hoc
512 1041 590 1086 est,
621 1039 838 1079 consulatus
859 1039 1025 1092 parentis
1050 1038 1132 1082 tui,
1164 1037 1457 1091 sapientiffimus
1483 1037 1541 1074 vir
1566 1035 1816 1075 familiarifli-

419 1108 494 1147 mis
515 1108 589 1146 suis
611 1120 688 1145 non
709 1105 923 1144 succensuit
942 1114 1048 1157 pater
1068 1113 1177 1148 tuus,
1208 1117 1299 1141 cum
1322 1103 1467 1155 Syllam
1487 1112 1525 1141 et
1545 1102 1814 1148 defenderent,

418 1184 456 1212 et
477 1174 687 1212 laudarent.
720 1171 990 1224 Intelligebat‚
1021 1169 1121 1208 hanc
1142 1170 1254 1208 nobis
1275 1183 1295 1207 a
1315 1169 1524 1221 majoribus
1546 1169 1617 1207 esse
1637 1170 1816 1208 traditam

419 1239 678 1293 disciplinam,
700 1247 744 1276 ut
765 1237 910 1275 nullius
931 1237 1102 1275 amicitia
1121 1236 1167 1274 ad
1186 1235 1439 1289 propulsanda
1458 1235 1630 1288 pericula
1648 1235 1816 1288 impedi-

420 1318 564 1346 remur.
582 1307 637 1344 Et
656 1315 735 1344 erat
752 1304 846 1343 huic
860 1304 1012 1356 judicio
1033 1290 1148 1356 longe
1168 1302 1358 1345 difiimilis
1379 1302 1446 1340 illa
1461 1295 1675 1341 contentio.
1691 1304 1818 1347 Tum,

420 1373 563 1412 afflieto
585 1374 630 1411 P.
653 1372 779 1424 Sylla,
811 1370 1029 1410 consulatus
1050 1371 1160 1408 vobis
1181 1369 1423 1423 pariebatur,
1454 1369 1564 1407 sicuti
1586 1378 1716 1422 partus
1737 1368 1789 1406 est
1808 1383 1817 1406 :

421 1440 579 1480 honoris
601 1449 679 1478 erat
698 1448 892 1477 certamen
912 1453 920 1476 :
953 1447 1127 1490 ereptum
1149 1446 1315 1489 repetere
1343 1449 1409 1474 vos
1437 1436 1692 1475 clamitabatis
1707 1466 1718 1481 ,
1751 1445 1820 1481 ut,

422 1508 515 1546 visti
545 1508 586 1545 in
621 1520 775 1558 campo,
806 1506 846 1542 in
878 1503 963 1542 foro
992 1504 1208 1541 vinceretis.
1240 1504 1366 1547 Tum,
1397 1503 1467 1554 qui
1496 1512 1629 1541 contra
1659 1516 1725 1541 vos
1753 1517 1823 1556 pro

424 1572 539 1626 hujus
561 1572 678 1610 salute
697 1571 920 1624 pugnabant
934 1599 944 1614 ,
976 1569 1194 1608 amiciflimi
1215 1568 1345 1614 vestri,
1376 1569 1517 1620 quibus
1540 1583 1616 1607 non
1637 1569 1821 1607 irasceba-

425 1639 544 1684 mini,
575 1638 818 1677 consulatum
839 1637 948 1674 vobis
969 1636 1201 1689 eripiebant,
1231 1634 1371 1673 honori
1392 1634 1511 1673 vestro
1532 1636 1820 1688 repugnabant;

425 1715 463 1744 et
497 1714 627 1743 tamen
663 1704 703 1742 id
739 1703 922 1741 inviolata
955 1702 1072 1740 vestra
1105 1702 1298 1746 amicitia,
1335 1702 1485 1754 integro
1519 1701 1673 1747 officio,
1705 1701 1824 1739 veteri

425 1771 606 1824 exemplo
626 1779 741 1822 atque
760 1769 936 1807 instituto
957 1768 1098 1821 optimi
1119 1768 1316 1820 cujusque,
1347 1766 1553 1806 faciebant.

481 1838 638 1877 XVIII.
670 1837 758 1890 Ego
788 1849 878 1874 vero
909 1836 1051 1888 quibus
1083 1835 1320 1873 ornamentis
1348 1834 1519 1872 adversor
1545 1834 1637 1878 tuis,
1670 1842 1735 1871 aut
1761 1833 1825 1887 cui

429 1904 609 1958 dignitati
629 1903 756 1941 vestrae
776 1916 950 1956 repugno
968 1903 981 1939 ?
1014 1902 1123 1954 Qid
1143 1901 1220 1946 est,
1251 1901 1356 1954 quod
1370 1901 1453 1953 jam
1480 1901 1526 1939 ab
1552 1914 1597 1939 eo
1617 1901 1790 1954 expedias
1809 1899 1823 1937 ?

430 1972 572 2010 Honor
591 1969 637 2007 acl
661 1978 824 2022 patrem,
855 1969 1016 2021 insignia
1035 1967 1192 2006 honoris
1212 1967 1258 2005 ad
1280 1977 1315 2005 te
1335 1967 1456 2005 delata
1477 1967 1577 2005 sunt.
1608 1967 1690 2011 Tu,
1713 1980 1828 2005 orna-

430 2045 491 2074 tus
511 2036 658 2074 exuviis
679 2034 809 2087 hujus,
840 2035 946 2072 venis
967 2035 1014 2072 ad
1034 2048 1125 2072 eum
1145 2033 1405 2079 lacerandum,
1437 2046 1556 2086 quem
1577 2032 1824 2071 interemisti:

432 2115 503 2155 ego
529 2102 725 2154 jacentem
756 2110 794 2139 et
822 2101 1026 2154 spoliatum
1053 2099 1219 2139 defendo
1248 2110 1285 2138 et
1313 2110 1486 2154 protego.
1530 2101 1662 2152 Atque
1688 2098 1754 2136 hic
1781 2107 1825 2136 tu

433 2178 472 2206 et
506 2166 749 2220 reprehendis
783 2181 873 2213 me,
905 2168 995 2219 quia
1029 2166 1259 2211 defendam,
1290 2176 1328 2204 et
1361 2166 1554 2204 irasceris:
1591 2179 1663 2217 ego
1697 2174 1826 2202 autem

436 2248 513 2273 non
534 2234 652 2272 modo
672 2234 746 2272 tibi
768 2248 846 2272 non
874 2233 1035 2279 irascor,
1067 2233 1129 2272 sed
1157 2246 1204 2271 ne
1232 2231 1468 2286 reprehendo
1494 2232 1651 2284 quidem
1678 2229 1827 2268 saelum

435 2311 564 2340 tuum.
595 2301 657 2338 Te
676 2301 780 2339 enim
800 2300 978 2339 existimo
997 2301 1071 2338 tibi
1090 2299 1266 2345 statuisse,
1298 2299 1392 2351 quid
1411 2298 1632 2336 faciendum
1660 2305 1826 2349 putares,

434 2378 475 2406 et
494 2367 579 2405 satis
601 2367 785 2405 idoneum
805 2367 926 2404 officii
940 2367 1117 2417 judicem
1137 2365 1310 2419 posuisse.

494 2435 548 2473 At
585 2432 735 2474 accusat
768 2434 816 2472 C.
839 2433 1010 2472 Cornelii
1044 2432 1163 2479 filius,
1193 2433 1376 2484 idemque
1410 2430 1530 2468 valere
1565 2429 1694 2475 debet,
1725 2441 1766 2466 ac
1801 2428 1828 2467 fi

1389 2497 1416 2534 P
1448 2509 1472 2548 p
1503 2508 1524 2534 2
