2212 2835
662 233 738 272 IN
797 234 845 272 L.
907 232 1364 273 CATILINAM.
1654 250 1721 290 171

328 329 568 370 fortitudinis
590 332 747 376 invidia,
779 345 896 384 quam
922 332 1066 370 inertiae
1094 345 1135 370 ac
1166 333 1363 385 nequitiae,
1394 333 1723 387 pertimescenda?

332 399 410 443 An,
441 411 533 437 cum
555 398 657 436 bello
681 397 886 435 vastabitur
912 398 1035 442 Italia,
1068 398 1308 437 vexabuntur
1336 400 1462 444 urbes,
1495 402 1591 438 tecta
1616 400 1725 438 arde-

333 464 457 509 bunt;
490 474 574 502 tum
596 472 634 502 te
654 477 731 501 non
753 464 945 502 existimas
966 463 1117 502 invidiae
1138 465 1318 502 incendio
1339 465 1663 518 conflagraturum
1683 467 1696 504 ?

385 531 478 569 XII.
512 530 589 569 His
609 543 681 583 ego
709 530 945 568 sanetiffimis
973 529 1196 582 reipublicae
1222 531 1396 576 vocibus,
1427 539 1465 568 et
1490 545 1624 570 eorum
1651 531 1725 571 ho-

331 596 501 640 minum,
523 597 591 649 qui
613 596 714 634 idem
736 595 917 640 sentiunt,
940 595 1152 641 mentibus,
1181 610 1302 649 pauca
1322 595 1574 650 respondebo.
1623 599 1725 651 Ego,

328 663 355 703 sl
382 661 458 701 hoc
489 664 686 716 optimum
713 661 817 701 factu
837 663 1068 716 judicarem,
1100 663 1228 702 Patres
1260 664 1482 717 conscripti,
1515 664 1727 704 Catilinam

329 739 455 769 morte
480 730 665 776 multari3
698 731 812 769 unius
840 730 992 769 usuram
1019 727 1122 769 horae
1149 729 1351 784 gladiatori
1371 731 1432 770 isti
1451 731 1498 770 ad
1518 732 1727 771 vivendum

328 810 408 835 non
429 797 624 836 dediffem.
666 798 841 842 Etenim,
864 797 890 835 fi
911 797 1055 835 summi
1075 797 1162 843 viri,
1183 806 1222 836 et
1242 798 1438 837 clarisfimi
1458 799 1574 844 cives,
1596 800 1725 837 Satur-

331 865 428 909 nini,
460 874 498 902 et
533 863 817 909 Gracchorum,
852 873 890 902 et
925 863 1070 909 Flacci,
1101 872 1138 903 et
1169 864 1408 918 superiorum
1443 865 1725 918 complurium,

333 931 515 984 sanguine
542 945 619 969 non
647 931 764 969 modo
790 931 824 969 se
853 945 929 969 non
957 932 1283 977 contaminarunt,
1314 931 1375 970 sed
1403 932 1519 970 etiam
1548 931 1728 970 honesta-

331 1008 422 1036 runt
433 1016 445 1044 ;
478 1007 579 1036 certe
609 998 818 1036 verendum
849 997 949 1036 mihi
980 1011 1056 1036 non
1088 1008 1179 1043 erat,
1210 1011 1258 1036 ne
1292 999 1401 1051 quid,
1432 998 1508 1037 hoc
1540 999 1728 1052 parricida

331 1066 478 1103 civium
517 1064 734 1110 interfecto,
773 1064 927 1103 invidiae
966 1063 1067 1102 mihi
1105 1065 1147 1102 in
1185 1065 1444 1117 posteritatem
1483 1066 1726 1104 redundaret.

333 1131 453 1183 Qod
478 1132 503 1170 fi
530 1144 571 1169 ea
597 1130 697 1170 mihi
725 1131 895 1168 maxime
920 1130 1182 1184 impenderet3
1215 1139 1345 1169 tamen
1370 1130 1447 1169 hoc
1474 1132 1605 1170 animo
1627 1131 1727 1170 semu

331 1211 399 1250 per
427 1196 500 1242 fui,
536 1206 579 1234 ut
606 1197 807 1242 invidiam,
840 1196 981 1234 virtute
1007 1204 1169 1250 partam,
1205 1196 1384 1249 gloriam,
1419 1210 1498 1235 non
1524 1197 1726 1244 invidiam,

330 1271 520 1315 putarem.
1417 1311 1421 1315 ὁ

387 1331 624 1383 Qanquam
645 1329 826 1368 nonnulli
847 1329 934 1368 sunt
954 1328 995 1367 in
1014 1328 1090 1368 hoc
1110 1329 1258 1375 ordine,
1288 1329 1357 1382 qui
1376 1338 1441 1368 aut
1460 1342 1517 1375 ea,
1544 1343 1629 1382 quae
1649 1330 1728 1369 im-

333 1397 499 1442 minent,
521 1410 599 1436 non
619 1397 792 1442 videant;
815 1406 880 1435 aut
899 1410 954 1441 ea,
976 1409 1062 1449 quae
1077 1396 1223 1442 vident,
1242 1396 1499 1435 diffimulent:
1532 1396 1601 1449 qui
1621 1396 1729 1449 spem

334 1464 511 1502 Catilinae
531 1464 717 1503 mollibus
738 1464 934 1502 sententiis
955 1463 1144 1508 aluerunt,
1167 1464 1552 1516 conjurationemque
1570 1463 1729 1502 nascen-

333 1537 414 1567 tem
434 1542 513 1567 non
533 1530 723 1568 credendo
741 1529 1096 1566 corroboraverunt.
1120 1529 1303 1584 Qorum
1323 1529 1589 1567 auctoritatem
1611 1529 1730 1568 secuti

335 1595 467 1638 multi,
499 1607 577 1632 non
608 1594 733 1632 solum
760 1595 944 1646 improbi,
976 1607 1110 1632 verum
1137 1595 1252 1633 etiam
1281 1595 1466 1647 imperiti,
1498 1595 1524 1633 fi
1550 1595 1591 1634 in
1623 1594 1729 1634 hune

336 1660 695 1706 animadvertissem,
716 1661 922 1699 crudeliter
940 1670 978 1698 et
998 1661 1100 1713 regie
1119 1659 1266 1699 facturn
1287 1661 1357 1699 effe
1376 1661 1559 1700 dicerent.
1607 1662 1728 1701 Nunc

337 1727 527 1780 intelligo,
550 1728 576 1765 s1
597 1728 677 1772 iste,
695 1741 773 1780 quo
793 1728 973 1772 intendit,
995 1728 1035 1764 in
1057 1727 1244 1765 Malliana
1264 1728 1379 1766 castra
1399 1728 1627 1780 pervenerit,
1659 1742 1727 1767 ne-

334 1794 485 1832 minem
517 1804 596 1832 tarn
627 1793 788 1832 stultum
818 1793 912 1840 fore,
948 1795 1016 1846 qui
1051 1807 1127 1832 non
1160 1795 1285 1832 videat
1315 1795 1623 1847 conju-rationem
1656 1795 1729 1834 effe

333 1859 493 1905 faetam5
516 1860 714 1898 neminem
734 1869 813 1898 tam
834 1861 1075 1913 improbum,
1095 1860 1163 1913 qui
1185 1874 1261 1898 non
1279 1860 1451 1899 fateatur.
1485 1861 1576 1899 Hoc
1597 1870 1729 1900 autem

333 1940 413 1965 uno
442 1925 656 1971 interfefto,
687 1927 864 1980 intelligo
893 1926 992 1965 hanc
1024 1927 1245 1980 reipublicae
1274 1926 1419 1980 pestem
1444 1927 1635 1981 paulisper
1666 1941 1727 1966 re-

335 1992 466 2045 primi,
489 2006 566 2031 non
588 1993 629 2030 in
650 2002 880 2046 perpetuum
901 1993 1125 2046 comprimi,
1146 1993 1262 2047 poffe.
1318 1993 1437 2046 Qod
1456 1993 1482 2032 fi
1505 1993 1541 2032 se
1559 1994 1727 2047 ejecerit,

336 2057 542 2111 secumque
572 2058 656 2097 suos
691 2059 880 2104 eduxerit,
912 2068 949 2097 et
983 2059 1119 2098 eodem
1150 2069 1305 2098 caeteros
1341 2059 1513 2112 undique
1546 2060 1726 2098 collectos

336 2122 535 2177 naufragos
555 2126 814 2178 aggregaverit
826 2144 837 2171 ;
869 2125 1131 2178 extinguetur,
1151 2135 1266 2178 atque
1286 2126 1490 2170 delebitur,
1512 2138 1590 2164 non
1610 2126 1728 2165 modo

336 2187 417 2226 haec
439 2198 517 2228 tam
537 2190 665 2229 adulta
684 2191 906 2244 reipublicae
927 2192 1053 2245 pestis,
1084 2205 1219 2230 verum
1246 2192 1363 2230 etiam
1388 2192 1497 2244 stirps
1525 2205 1568 2230 ac
1599 2191 1725 2229 semen

338 2255 529 2294 malorum
550 2257 743 2296 omnium.

392 2322 507 2359 XIII.
540 2323 699 2361 Etenim
713 2325 881 2375 jamdiu,
900 2325 1028 2363 Patres
1049 2324 1270 2377 conscripti,
1288 2324 1327 2361 in
1349 2322 1408 2361 his
1430 2322 1609 2376 periculis
1630 2335 1725 2360 con-

333 2388 550 2441 jurationiS‚
582 2388 813 2442 insidiisque,
842 2391 1056 2429 versamur:
1090 2391 1151 2429 sed
1173 2391 1297 2429 nescio
1318 2404 1395 2442 quo
1417 2391 1526 2441 paeto
1546 2389 1727 2427 omnium

339 2455 538 2500 scelerum,
569 2468 611 2492 ac
632 2456 768 2493 veteris
789 2455 927 2494 furoris
948 2466 985 2495 et
1007 2457 1184 2501 audaciae,
1217 2456 1413 2494 maturitas
1435 2455 1475 2492 in
1497 2454 1613 2493 nostri
1631 2469 1727 2493 con-

339 2521 482 2560 sulatus
514 2530 666 2575 tempus
702 2522 841 2576 erupit.
882 2523 1002 2574 Qod
1034 2523 1059 2560 si
1090 2535 1137 2560 ex
1168 2531 1274 2560 tanto
1305 2521 1505 2560 latrocinio
1533 2521 1601 2560 iste
1631 2535 1728 2561 unus

1338 2587 1373 2625 Y
1404 2599 1427 2626 2
