<?xml version="1.0" encoding="UTF-8"?>
<!DOCTYPE html PUBLIC "-//W3C//DTD XHTML 1.0 Transitional//EN"
    "http://www.w3.org/TR/xhtml1/DTD/xhtml1-transitional.dtd">
<html xmlns="http://www.w3.org/1999/xhtml" xml:lang="en" lang="en">
 <head>
  <title>
</title>
<meta http-equiv="Content-Type" content="text/html;charset=utf-8" />
  <meta name='ocr-system' content='tesseract 3.04.00' />
  <meta name='ocr-capabilities' content='ocr_page ocr_carea ocr_par ocr_line ocrx_word'/>
</head>
<body>
  <div class='ocr_page' id='page_1' title='image "./operacumindicibu05ciceuoft_0229.png"; bbox 0 0 2212 2835; ppageno 0'>
   <div class='ocr_carea' id='block_1_1' title="bbox 754 192 1784 248">
    <p class='ocr_par' dir='ltr' id='par_1_1' title="bbox 754 192 1784 248">
     <span class='ocr_line' id='line_1_1' title="bbox 754 192 1784 248; baseline 0.005 -18"><span class='ocrx_word' id='word_1_1' title='bbox 754 192 893 231; x_wconf 86' lang='lat' dir='ltr'>PRO</span> <span class='ocrx_word' id='word_1_2' title='bbox 952 192 1001 230; x_wconf 87' lang='lat' dir='ltr'>L.</span> <span class='ocrx_word' id='word_1_3' title='bbox 1062 192 1396 233; x_wconf 83' lang='lat' dir='ltr'>MURENA.</span> <span class='ocrx_word' id='word_1_4' title='bbox 1709 210 1784 248; x_wconf 71' lang='lat'>219</span> 
     </span>
    </p>
   </div>
   <div class='ocr_carea' id='block_1_2' title="bbox 384 291 1782 2573">
    <p class='ocr_par' dir='ltr' id='par_1_2' title="bbox 385 291 1782 806">
     <span class='ocr_line' id='line_1_2' title="bbox 389 291 1780 348; baseline 0.004 -19"><span class='ocrx_word' id='word_1_5' title='bbox 389 291 582 330; x_wconf 87' lang='lat' dir='ltr'>sacrorum</span> <span class='ocrx_word' id='word_1_6' title='bbox 603 291 723 336; x_wconf 86' lang='lat' dir='ltr'>causa,</span> <span class='ocrx_word' id='word_1_7' title='bbox 755 291 893 344; x_wconf 87' lang='lat' dir='ltr'>reperti</span> <span class='ocrx_word' id='word_1_8' title='bbox 914 291 1014 329; x_wconf 89' lang='lat' dir='ltr'>sunt.</span> <span class='ocrx_word' id='word_1_9' title='bbox 1047 293 1092 330; x_wconf 92' lang='lat' dir='ltr'>In</span> <span class='ocrx_word' id='word_1_10' title='bbox 1112 292 1221 330; x_wconf 87' lang='lat' dir='ltr'>omni</span> <span class='ocrx_word' id='word_1_11' title='bbox 1241 292 1406 345; x_wconf 87' lang='lat' dir='ltr'>denique</span> <span class='ocrx_word' id='word_1_12' title='bbox 1424 294 1512 346; x_wconf 83' lang='lat' dir='ltr'>jure</span> <span class='ocrx_word' id='word_1_13' title='bbox 1532 295 1639 333; x_wconf 87' lang='lat' dir='ltr'>civili</span> <span class='ocrx_word' id='word_1_14' title='bbox 1659 297 1780 348; x_wconf 81' lang='lat' dir='ltr'>aequi-</span> 
     </span>
     <span class='ocr_line' id='line_1_3' title="bbox 391 356 1781 414; baseline 0.004 -19"><span class='ocrx_word' id='word_1_15' title='bbox 391 366 509 395; x_wconf 87' lang='lat' dir='ltr'>tatem</span> <span class='ocrx_word' id='word_1_16' title='bbox 539 358 789 410; x_wconf 89' lang='lat' dir='ltr'>reliquerunt,</span> <span class='ocrx_word' id='word_1_17' title='bbox 820 357 933 395; x_wconf 87' lang='lat' dir='ltr'>verba</span> <span class='ocrx_word' id='word_1_18' title='bbox 964 356 1041 409; x_wconf 89' lang='lat' dir='ltr'>ipsa</span> <span class='ocrx_word' id='word_1_19' title='bbox 1071 366 1303 396; x_wconf 86' lang='lat' dir='ltr'>tenuerunt:</span> <span class='ocrx_word' id='word_1_20' title='bbox 1341 368 1397 403; x_wconf 88' lang='lat' dir='ltr'>ut,</span> <span class='ocrx_word' id='word_1_21' title='bbox 1431 360 1520 411; x_wconf 86' lang='lat' dir='ltr'>quia</span> <span class='ocrx_word' id='word_1_22' title='bbox 1550 361 1590 398; x_wconf 88' lang='lat' dir='ltr'>in</span> <span class='ocrx_word' id='word_1_23' title='bbox 1620 361 1781 414; x_wconf 87' lang='lat' dir='ltr'>alicujus</span> 
     </span>
     <span class='ocr_line' id='line_1_4' title="bbox 390 422 1781 476; baseline 0.004 -17"><span class='ocrx_word' id='word_1_24' title='bbox 390 423 512 468; x_wconf 77' lang='lat' dir='ltr'>libris,</span> <span class='ocrx_word' id='word_1_25' title='bbox 542 423 711 475; x_wconf 87' lang='lat' dir='ltr'>exempli</span> <span class='ocrx_word' id='word_1_26' title='bbox 742 422 863 466; x_wconf 88' lang='lat' dir='ltr'>causa,</span> <span class='ocrx_word' id='word_1_27' title='bbox 899 422 939 459; x_wconf 88' lang='lat' dir='ltr'>id</span> <span class='ocrx_word' id='word_1_28' title='bbox 969 435 1113 460; x_wconf 91' lang='lat' dir='ltr'>nomen</span> <span class='ocrx_word' id='word_1_29' title='bbox 1143 423 1380 468; x_wconf 82' lang='lat' dir='ltr'>invenerant,</span> <span class='ocrx_word' id='word_1_30' title='bbox 1414 434 1611 476; x_wconf 90' lang='lat' dir='ltr'>putarunt,</span> <span class='ocrx_word' id='word_1_31' title='bbox 1647 441 1781 466; x_wconf 86' lang='lat' dir='ltr'>omnes</span> 
     </span>
     <span class='ocr_line' id='line_1_5' title="bbox 389 487 1782 542; baseline 0.003 -15"><span class='ocrx_word' id='word_1_32' title='bbox 389 489 582 533; x_wconf 88' lang='lat' dir='ltr'>mulieres,</span> <span class='ocrx_word' id='word_1_33' title='bbox 614 501 699 541; x_wconf 89' lang='lat' dir='ltr'>quae</span> <span class='ocrx_word' id='word_1_34' title='bbox 725 488 1014 540; x_wconf 85' lang='lat' dir='ltr'>coemptionem</span> <span class='ocrx_word' id='word_1_35' title='bbox 1045 487 1226 532; x_wconf 90' lang='lat' dir='ltr'>facerent,</span> <span class='ocrx_word' id='word_1_36' title='bbox 1259 489 1369 527; x_wconf 82' lang='lat' dir='ltr'><em>Caias</em></span> <span class='ocrx_word' id='word_1_37' title='bbox 1394 491 1533 529; x_wconf 88' lang='lat' dir='ltr'>vocari.</span> <span class='ocrx_word' id='word_1_38' title='bbox 1566 493 1654 542; x_wconf 88' lang='lat' dir='ltr'>Jam</span> <span class='ocrx_word' id='word_1_39' title='bbox 1682 493 1782 531; x_wconf 87' lang='lat' dir='ltr'>illud</span> 
     </span>
     <span class='ocr_line' id='line_1_6' title="bbox 388 552 1780 609; baseline 0.002 -16"><span class='ocrx_word' id='word_1_40' title='bbox 388 553 488 593; x_wconf 89' lang='lat' dir='ltr'>mihi</span> <span class='ocrx_word' id='word_1_41' title='bbox 508 553 666 606; x_wconf 87' lang='lat' dir='ltr'>quidem</span> <span class='ocrx_word' id='word_1_42' title='bbox 688 554 835 591; x_wconf 88' lang='lat' dir='ltr'>mirum</span> <span class='ocrx_word' id='word_1_43' title='bbox 853 553 972 591; x_wconf 89' lang='lat' dir='ltr'>videri</span> <span class='ocrx_word' id='word_1_44' title='bbox 993 552 1101 598; x_wconf 86' lang='lat' dir='ltr'>solet,</span> <span class='ocrx_word' id='word_1_45' title='bbox 1132 562 1191 591; x_wconf 89' lang='lat' dir='ltr'>tot</span> <span class='ocrx_word' id='word_1_46' title='bbox 1216 552 1412 600; x_wconf 89' lang='lat' dir='ltr'>homines,</span> <span class='ocrx_word' id='word_1_47' title='bbox 1443 563 1523 594; x_wconf 89' lang='lat' dir='ltr'>tam</span> <span class='ocrx_word' id='word_1_48' title='bbox 1549 556 1780 609; x_wconf 85' lang='lat' dir='ltr'>ingeniosos,</span> 
     </span>
     <span class='ocr_line' id='line_1_7' title="bbox 386 619 1782 674; baseline 0.003 -16"><span class='ocrx_word' id='word_1_49' title='bbox 386 633 455 673; x_wconf 89' lang='lat' dir='ltr'>per</span> <span class='ocrx_word' id='word_1_50' title='bbox 488 629 546 658; x_wconf 93' lang='lat' dir='ltr'>tot</span> <span class='ocrx_word' id='word_1_51' title='bbox 578 633 696 658; x_wconf 87' lang='lat' dir='ltr'>annos</span> <span class='ocrx_word' id='word_1_52' title='bbox 731 621 849 658; x_wconf 80' lang='lat' dir='ltr'>etiam</span> <span class='ocrx_word' id='word_1_53' title='bbox 881 633 985 658; x_wconf 89' lang='lat' dir='ltr'>nunc</span> <span class='ocrx_word' id='word_1_54' title='bbox 1018 619 1176 658; x_wconf 86' lang='lat' dir='ltr'>statuere</span> <span class='ocrx_word' id='word_1_55' title='bbox 1209 634 1287 659; x_wconf 90' lang='lat' dir='ltr'>non</span> <span class='ocrx_word' id='word_1_56' title='bbox 1321 621 1496 674; x_wconf 73' lang='lat' dir='ltr'>potuisse,</span> <span class='ocrx_word' id='word_1_57' title='bbox 1533 631 1664 661; x_wconf 90' lang='lat' dir='ltr'>utrum</span> <span class='ocrx_word' id='word_1_58' title='bbox 1694 624 1782 663; x_wconf 76' lang='lat' dir='ltr'>diem</span> 
     </span>
     <span class='ocr_line' id='line_1_8' title="bbox 385 686 1780 741; baseline 0.003 -16"><span class='ocrx_word' id='word_1_59' title='bbox 385 687 548 732; x_wconf 83' lang='lat' dir='ltr'>tertium,</span> <span class='ocrx_word' id='word_1_60' title='bbox 570 700 616 739; x_wconf 64' lang='lat' dir='ltr'>an</span> <span class='ocrx_word' id='word_1_61' title='bbox 629 687 887 741; x_wconf 77' lang='lat' dir='ltr'>perendinum3</span> <span class='ocrx_word' id='word_1_62' title='bbox 906 686 1077 739; x_wconf 82' lang='lat' dir='ltr'>judicem,</span> <span class='ocrx_word' id='word_1_63' title='bbox 1098 700 1145 725; x_wconf 87' lang='lat' dir='ltr'>an</span> <span class='ocrx_word' id='word_1_64' title='bbox 1164 686 1348 726; x_wconf 80' lang='lat' dir='ltr'>arbitrum</span> <span class='ocrx_word' id='word_1_65' title='bbox 1359 706 1372 733; x_wconf 64' lang='grc' dir='ltr'><strong><em>ς</em></strong></span> <span class='ocrx_word' id='word_1_66' title='bbox 1395 703 1483 734; x_wconf 88' lang='lat' dir='ltr'>rem,</span> <span class='ocrx_word' id='word_1_67' title='bbox 1505 701 1553 727; x_wconf 90' lang='lat' dir='ltr'>an</span> <span class='ocrx_word' id='word_1_68' title='bbox 1571 690 1681 735; x_wconf 81' lang='lat' dir='ltr'>litem,</span> <span class='ocrx_word' id='word_1_69' title='bbox 1703 691 1780 729; x_wconf 84' lang='lat' dir='ltr'>dici</span> 
     </span>
     <span class='ocr_line' id='line_1_9' title="bbox 386 763 593 806; baseline 0.005 -15"><span class='ocrx_word' id='word_1_70' title='bbox 386 763 593 806; x_wconf 86' lang='lat' dir='ltr'><strong>oporteret.</strong></span> 
     </span>
    </p>

    <p class='ocr_par' dir='ltr' id='par_1_3' title="bbox 384 819 1781 2062">
     <span class='ocr_line' id='line_1_10' title="bbox 441 819 1779 873; baseline 0.003 -15"><span class='ocrx_word' id='word_1_71' title='bbox 441 821 556 859; x_wconf 91' lang='lat' dir='ltr'><strong>XIII.</strong></span> <span class='ocrx_word' id='word_1_72' title='bbox 590 822 739 873; x_wconf 89' lang='lat' dir='ltr'>Itaque,</span> <span class='ocrx_word' id='word_1_73' title='bbox 760 830 804 859; x_wconf 92' lang='lat' dir='ltr'>ut</span> <span class='ocrx_word' id='word_1_74' title='bbox 824 821 920 865; x_wconf 85' lang='lat' dir='ltr'>dixi,</span> <span class='ocrx_word' id='word_1_75' title='bbox 942 819 1107 873; x_wconf 87' lang='lat' dir='ltr'>dignitas</span> <span class='ocrx_word' id='word_1_76' title='bbox 1128 820 1168 858; x_wconf 89' lang='lat' dir='ltr'>in</span> <span class='ocrx_word' id='word_1_77' title='bbox 1188 819 1256 859; x_wconf 90' lang='lat' dir='ltr'>ista</span> <span class='ocrx_word' id='word_1_78' title='bbox 1272 820 1429 860; x_wconf 89' lang='lat' dir='ltr'>scientia</span> <span class='ocrx_word' id='word_1_79' title='bbox 1448 821 1655 861; x_wconf 87' lang='lat' dir='ltr'>consularis</span> <span class='ocrx_word' id='word_1_80' title='bbox 1675 837 1779 862; x_wconf 90' lang='lat' dir='ltr'>nun-</span> 
     </span>
     <span class='ocr_line' id='line_1_11' title="bbox 385 885 1776 940; baseline 0.004 -17"><span class='ocrx_word' id='word_1_81' title='bbox 385 899 504 938; x_wconf 85' lang='lat' dir='ltr'>quam</span> <span class='ocrx_word' id='word_1_82' title='bbox 524 885 615 931; x_wconf 84' lang='lat' dir='ltr'>fuit,</span> <span class='ocrx_word' id='word_1_83' title='bbox 646 901 731 939; x_wconf 81' lang='lat' dir='ltr'>quae</span> <span class='ocrx_word' id='word_1_84' title='bbox 755 896 834 925; x_wconf 89' lang='lat' dir='ltr'>tota</span> <span class='ocrx_word' id='word_1_85' title='bbox 853 900 900 924; x_wconf 83' lang='lat' dir='ltr'>ex</span> <span class='ocrx_word' id='word_1_86' title='bbox 922 887 1032 925; x_wconf 89' lang='lat' dir='ltr'>rebus</span> <span class='ocrx_word' id='word_1_87' title='bbox 1054 886 1151 925; x_wconf 67' lang='lat' dir='ltr'>fictis</span> <span class='ocrx_word' id='word_1_88' title='bbox 1179 888 1537 940; x_wconf 90' lang='lat' dir='ltr'>commentitiisque</span> <span class='ocrx_word' id='word_1_89' title='bbox 1563 889 1749 928; x_wconf 89' lang='lat' dir='ltr'>constaret</span> <span class='ocrx_word' id='word_1_90' title='bbox 1767 905 1776 929; x_wconf 91' lang='lat'>:</span> 
     </span>
     <span class='ocr_line' id='line_1_12' title="bbox 384 953 1779 1009; baseline 0.004 -19"><span class='ocrx_word' id='word_1_91' title='bbox 384 953 514 1004; x_wconf 61' lang='lat' dir='ltr'>gratiae</span> <span class='ocrx_word' id='word_1_92' title='bbox 534 967 622 991; x_wconf 91' lang='lat' dir='ltr'>vero</span> <span class='ocrx_word' id='word_1_93' title='bbox 643 953 770 992; x_wconf 84' lang='lat' dir='ltr'>multo</span> <span class='ocrx_word' id='word_1_94' title='bbox 790 954 906 991; x_wconf 88' lang='lat' dir='ltr'>etiam</span> <span class='ocrx_word' id='word_1_95' title='bbox 927 954 1109 992; x_wconf 83' lang='lat' dir='ltr'>minores.</span> <span class='ocrx_word' id='word_1_96' title='bbox 1133 954 1251 1005; x_wconf 87' lang='lat' dir='ltr'>Qod</span> <span class='ocrx_word' id='word_1_97' title='bbox 1271 955 1377 993; x_wconf 89' lang='lat' dir='ltr'>enim</span> <span class='ocrx_word' id='word_1_98' title='bbox 1397 955 1582 994; x_wconf 84' lang='lat' dir='ltr'>omnibus</span> <span class='ocrx_word' id='word_1_99' title='bbox 1601 965 1719 1009; x_wconf 86' lang='lat' dir='ltr'>patet,</span> <span class='ocrx_word' id='word_1_100' title='bbox 1741 966 1779 995; x_wconf 91' lang='lat' dir='ltr'>et</span> 
     </span>
     <span class='ocr_line' id='line_1_13' title="bbox 385 1018 1779 1075; baseline 0.003 -18"><span class='ocrx_word' id='word_1_101' title='bbox 385 1032 494 1071; x_wconf 87' lang='lat' dir='ltr'>aeque</span> <span class='ocrx_word' id='word_1_102' title='bbox 525 1029 754 1073; x_wconf 87' lang='lat' dir='ltr'>promptum</span> <span class='ocrx_word' id='word_1_103' title='bbox 785 1019 837 1058; x_wconf 90' lang='lat' dir='ltr'>est</span> <span class='ocrx_word' id='word_1_104' title='bbox 866 1018 980 1064; x_wconf 86' lang='lat' dir='ltr'>mihi,</span> <span class='ocrx_word' id='word_1_105' title='bbox 1012 1029 1050 1058; x_wconf 90' lang='lat' dir='ltr'>et</span> <span class='ocrx_word' id='word_1_106' title='bbox 1078 1019 1285 1059; x_wconf 87' lang='lat' dir='ltr'>adversario</span> <span class='ocrx_word' id='word_1_107' title='bbox 1316 1034 1418 1066; x_wconf 91' lang='lat' dir='ltr'>meo,</span> <span class='ocrx_word' id='word_1_108' title='bbox 1451 1021 1491 1059; x_wconf 93' lang='lat' dir='ltr'>id</span> <span class='ocrx_word' id='word_1_109' title='bbox 1521 1021 1593 1060; x_wconf 81' lang='lat' dir='ltr'>effe</span> <span class='ocrx_word' id='word_1_110' title='bbox 1623 1032 1779 1075; x_wconf 88' lang='lat' dir='ltr'>gratum</span> 
     </span>
     <span class='ocr_line' id='line_1_14' title="bbox 385 1084 1777 1141; baseline 0.004 -19"><span class='ocrx_word' id='word_1_111' title='bbox 385 1084 496 1123; x_wconf 91' lang='lat' dir='ltr'>nullo</span> <span class='ocrx_word' id='word_1_112' title='bbox 515 1086 625 1137; x_wconf 61' lang='lat' dir='ltr'>pacto</span> <span class='ocrx_word' id='word_1_113' title='bbox 643 1085 778 1138; x_wconf 85' lang='lat' dir='ltr'>potest.</span> <span class='ocrx_word' id='word_1_114' title='bbox 812 1087 946 1137; x_wconf 89' lang='lat' dir='ltr'>Itaque</span> <span class='ocrx_word' id='word_1_115' title='bbox 967 1099 1044 1123; x_wconf 91' lang='lat' dir='ltr'>non</span> <span class='ocrx_word' id='word_1_116' title='bbox 1065 1085 1182 1123; x_wconf 90' lang='lat' dir='ltr'>modo</span> <span class='ocrx_word' id='word_1_117' title='bbox 1209 1085 1387 1124; x_wconf 88' lang='lat' dir='ltr'>beneficii</span> <span class='ocrx_word' id='word_1_118' title='bbox 1414 1086 1629 1125; x_wconf 89' lang='lat' dir='ltr'>collocandi</span> <span class='ocrx_word' id='word_1_119' title='bbox 1656 1088 1777 1141; x_wconf 89' lang='lat' dir='ltr'>spem,</span> 
     </span>
     <span class='ocr_line' id='line_1_15' title="bbox 387 1150 1780 1208; baseline 0.004 -20"><span class='ocrx_word' id='word_1_120' title='bbox 387 1151 449 1189; x_wconf 91' lang='lat' dir='ltr'>sed</span> <span class='ocrx_word' id='word_1_121' title='bbox 469 1152 585 1189; x_wconf 89' lang='lat' dir='ltr'>etiam</span> <span class='ocrx_word' id='word_1_122' title='bbox 609 1151 721 1195; x_wconf 90' lang='lat' dir='ltr'>illud,</span> <span class='ocrx_word' id='word_1_123' title='bbox 753 1152 858 1203; x_wconf 91' lang='lat' dir='ltr'>quod</span> <span class='ocrx_word' id='word_1_124' title='bbox 884 1151 1090 1203; x_wconf 89' lang='lat' dir='ltr'>aliquando</span> <span class='ocrx_word' id='word_1_125' title='bbox 1115 1150 1205 1196; x_wconf 91' lang='lat' dir='ltr'>fuit,</span> <span class='ocrx_word' id='word_1_126' title='bbox 1236 1152 1345 1191; x_wconf 82' lang='lat' dir='ltr'><em>Licet</em></span> <span class='ocrx_word' id='word_1_127' title='bbox 1369 1154 1554 1206; x_wconf 70' lang='lat' dir='ltr'>corficlere,</span> <span class='ocrx_word' id='word_1_128' title='bbox 1580 1155 1664 1206; x_wconf 89' lang='lat' dir='ltr'>jam</span> <span class='ocrx_word' id='word_1_129' title='bbox 1690 1168 1780 1208; x_wconf 92' lang='lat' dir='ltr'>per-</span> 
     </span>
     <span class='ocr_line' id='line_1_16' title="bbox 386 1216 1779 1273; baseline 0.004 -19"><span class='ocrx_word' id='word_1_130' title='bbox 386 1216 547 1258; x_wconf 85' lang='lat' dir='ltr'>didistis.</span> <span class='ocrx_word' id='word_1_131' title='bbox 580 1218 733 1270; x_wconf 82' lang='lat' dir='ltr'>Sapiens</span> <span class='ocrx_word' id='word_1_132' title='bbox 764 1217 973 1256; x_wconf 84' lang='lat' dir='ltr'>existimari</span> <span class='ocrx_word' id='word_1_133' title='bbox 1004 1231 1121 1256; x_wconf 90' lang='lat' dir='ltr'>nemo</span> <span class='ocrx_word' id='word_1_134' title='bbox 1151 1217 1274 1270; x_wconf 89' lang='lat' dir='ltr'>potest</span> <span class='ocrx_word' id='word_1_135' title='bbox 1303 1218 1344 1256; x_wconf 91' lang='lat' dir='ltr'>in</span> <span class='ocrx_word' id='word_1_136' title='bbox 1375 1231 1417 1256; x_wconf 90' lang='lat' dir='ltr'>ea</span> <span class='ocrx_word' id='word_1_137' title='bbox 1446 1219 1662 1271; x_wconf 87' lang='lat' dir='ltr'>prudentia,</span> <span class='ocrx_word' id='word_1_138' title='bbox 1694 1235 1779 1273; x_wconf 88' lang='lat' dir='ltr'>quae</span> 
     </span>
     <span class='ocr_line' id='line_1_17' title="bbox 386 1284 1778 1339; baseline 0.002 -18"><span class='ocrx_word' id='word_1_139' title='bbox 386 1296 513 1334; x_wconf 89' lang='lat' dir='ltr'>neque</span> <span class='ocrx_word' id='word_1_140' title='bbox 546 1292 652 1321; x_wconf 84' lang='lat' dir='ltr'>extra</span> <span class='ocrx_word' id='word_1_141' title='bbox 687 1284 858 1322; x_wconf 85' lang='lat' dir='ltr'>Romam</span> <span class='ocrx_word' id='word_1_142' title='bbox 893 1284 1067 1336; x_wconf 88' lang='lat' dir='ltr'>usquam,</span> <span class='ocrx_word' id='word_1_143' title='bbox 1104 1297 1231 1336; x_wconf 88' lang='lat' dir='ltr'>neque</span> <span class='ocrx_word' id='word_1_144' title='bbox 1264 1284 1417 1330; x_wconf 87' lang='lat' dir='ltr'>Romae,</span> <span class='ocrx_word' id='word_1_145' title='bbox 1459 1285 1571 1324; x_wconf 87' lang='lat' dir='ltr'>rebus</span> <span class='ocrx_word' id='word_1_146' title='bbox 1605 1286 1778 1339; x_wconf 88' lang='lat' dir='ltr'>prolatis,</span> 
     </span>
     <span class='ocr_line' id='line_1_18' title="bbox 385 1348 1778 1404; baseline 0.002 -17"><span class='ocrx_word' id='word_1_147' title='bbox 385 1349 602 1402; x_wconf 88' lang='lat' dir='ltr'>quidquam</span> <span class='ocrx_word' id='word_1_148' title='bbox 627 1349 753 1388; x_wconf 87' lang='lat' dir='ltr'>valet:</span> <span class='ocrx_word' id='word_1_149' title='bbox 785 1350 931 1403; x_wconf 89' lang='lat' dir='ltr'>peritus</span> <span class='ocrx_word' id='word_1_150' title='bbox 956 1350 1042 1388; x_wconf 91' lang='lat' dir='ltr'>ideo</span> <span class='ocrx_word' id='word_1_151' title='bbox 1070 1348 1203 1387; x_wconf 89' lang='lat' dir='ltr'>haberi</span> <span class='ocrx_word' id='word_1_152' title='bbox 1228 1363 1345 1388; x_wconf 89' lang='lat' dir='ltr'>nemo</span> <span class='ocrx_word' id='word_1_153' title='bbox 1365 1350 1501 1403; x_wconf 87' lang='lat' dir='ltr'>potest,</span> <span class='ocrx_word' id='word_1_154' title='bbox 1532 1351 1637 1404; x_wconf 93' lang='lat' dir='ltr'>quod</span> <span class='ocrx_word' id='word_1_155' title='bbox 1657 1352 1698 1390; x_wconf 91' lang='lat' dir='ltr'>in</span> <span class='ocrx_word' id='word_1_156' title='bbox 1718 1365 1778 1398; x_wconf 91' lang='lat' dir='ltr'>eo,</span> 
     </span>
     <span class='ocr_line' id='line_1_19' title="bbox 386 1415 1777 1471; baseline 0.003 -18"><span class='ocrx_word' id='word_1_157' title='bbox 386 1415 491 1467; x_wconf 91' lang='lat' dir='ltr'>quod</span> <span class='ocrx_word' id='word_1_158' title='bbox 522 1416 649 1454; x_wconf 89' lang='lat' dir='ltr'>sciunt</span> <span class='ocrx_word' id='word_1_159' title='bbox 677 1430 827 1462; x_wconf 82' lang='lat' dir='ltr'>omnes,</span> <span class='ocrx_word' id='word_1_160' title='bbox 869 1417 977 1455; x_wconf 90' lang='lat' dir='ltr'>nullo</span> <span class='ocrx_word' id='word_1_161' title='bbox 1011 1417 1129 1455; x_wconf 90' lang='lat' dir='ltr'>modo</span> <span class='ocrx_word' id='word_1_162' title='bbox 1162 1416 1315 1469; x_wconf 84' lang='lat' dir='ltr'>poffunt</span> <span class='ocrx_word' id='word_1_163' title='bbox 1344 1417 1445 1455; x_wconf 88' lang='lat' dir='ltr'>inter</span> <span class='ocrx_word' id='word_1_164' title='bbox 1475 1417 1512 1455; x_wconf 90' lang='lat' dir='ltr'>se</span> <span class='ocrx_word' id='word_1_165' title='bbox 1545 1418 1777 1471; x_wconf 86' lang='lat' dir='ltr'>discrepare:</span> 
     </span>
     <span class='ocr_line' id='line_1_20' title="bbox 386 1481 1781 1538; baseline 0.003 -19"><span class='ocrx_word' id='word_1_166' title='bbox 386 1481 556 1520; x_wconf 80' lang='lat' dir='ltr'>difficilis</span> <span class='ocrx_word' id='word_1_167' title='bbox 593 1492 722 1521; x_wconf 87' lang='lat' dir='ltr'>autem</span> <span class='ocrx_word' id='word_1_168' title='bbox 761 1496 817 1520; x_wconf 87' lang='lat' dir='ltr'>res</span> <span class='ocrx_word' id='word_1_169' title='bbox 856 1483 943 1521; x_wconf 88' lang='lat' dir='ltr'>ideo</span> <span class='ocrx_word' id='word_1_170' title='bbox 981 1496 1058 1520; x_wconf 91' lang='lat' dir='ltr'>non</span> <span class='ocrx_word' id='word_1_171' title='bbox 1092 1490 1263 1535; x_wconf 85' lang='lat' dir='ltr'>putatur,</span> <span class='ocrx_word' id='word_1_172' title='bbox 1299 1483 1405 1534; x_wconf 90' lang='lat' dir='ltr'>quod</span> <span class='ocrx_word' id='word_1_173' title='bbox 1437 1491 1476 1521; x_wconf 91' lang='lat' dir='ltr'>et</span> <span class='ocrx_word' id='word_1_174' title='bbox 1510 1485 1710 1538; x_wconf 83' lang='lat' dir='ltr'>perpaucis</span> <span class='ocrx_word' id='word_1_175' title='bbox 1741 1494 1781 1524; x_wconf 89' lang='lat' dir='ltr'>et</span> 
     </span>
     <span class='ocr_line' id='line_1_21' title="bbox 387 1547 1778 1599; baseline 0.003 -15"><span class='ocrx_word' id='word_1_176' title='bbox 387 1547 552 1584; x_wconf 88' lang='lat' dir='ltr'>minime</span> <span class='ocrx_word' id='word_1_177' title='bbox 570 1547 740 1585; x_wconf 89' lang='lat' dir='ltr'>obscuris</span> <span class='ocrx_word' id='word_1_178' title='bbox 762 1547 880 1584; x_wconf 83' lang='lat' dir='ltr'>literis</span> <span class='ocrx_word' id='word_1_179' title='bbox 900 1548 1133 1585; x_wconf 81' lang='lat' dir='ltr'>continetur.</span> <span class='ocrx_word' id='word_1_180' title='bbox 1166 1548 1314 1599; x_wconf 90' lang='lat' dir='ltr'>Itaque,</span> <span class='ocrx_word' id='word_1_181' title='bbox 1345 1547 1372 1585; x_wconf 84' lang='lat' dir='ltr'>fi</span> <span class='ocrx_word' id='word_1_182' title='bbox 1393 1547 1507 1593; x_wconf 87' lang='lat' dir='ltr'>mihi,</span> <span class='ocrx_word' id='word_1_183' title='bbox 1535 1547 1689 1588; x_wconf 89' lang='lat' dir='ltr'>homini</span> <span class='ocrx_word' id='word_1_184' title='bbox 1711 1564 1778 1588; x_wconf 89' lang='lat' dir='ltr'>ve—</span> 
     </span>
     <span class='ocr_line' id='line_1_22' title="bbox 388 1609 1778 1667; baseline 0.004 -19"><span class='ocrx_word' id='word_1_185' title='bbox 388 1609 589 1649; x_wconf 86' lang='lat' dir='ltr'>hementer</span> <span class='ocrx_word' id='word_1_186' title='bbox 607 1622 810 1664; x_wconf 86' lang='lat' dir='ltr'>occupato,</span> <span class='ocrx_word' id='word_1_187' title='bbox 841 1611 1082 1651; x_wconf 88' lang='lat' dir='ltr'>stomachum</span> <span class='ocrx_word' id='word_1_188' title='bbox 1109 1612 1320 1657; x_wconf 84' lang='lat' dir='ltr'>moveritis,</span> <span class='ocrx_word' id='word_1_189' title='bbox 1352 1613 1479 1651; x_wconf 90' lang='lat' dir='ltr'>triduo</span> <span class='ocrx_word' id='word_1_190' title='bbox 1505 1615 1778 1667; x_wconf 86' lang='lat' dir='ltr'>mejuriscon-</span> 
     </span>
     <span class='ocr_line' id='line_1_23' title="bbox 388 1677 1778 1734; baseline 0.004 -20"><span class='ocrx_word' id='word_1_191' title='bbox 388 1677 531 1715; x_wconf 73' lang='lat' dir='ltr'>[ultum</span> <span class='ocrx_word' id='word_1_192' title='bbox 553 1677 624 1715; x_wconf 82' lang='lat' dir='ltr'>effe</span> <span class='ocrx_word' id='word_1_193' title='bbox 643 1679 865 1730; x_wconf 85' lang='lat' dir='ltr'>profitebor.</span> <span class='ocrx_word' id='word_1_194' title='bbox 897 1680 1070 1724; x_wconf 86' lang='lat' dir='ltr'>Etenim,</span> <span class='ocrx_word' id='word_1_195' title='bbox 1102 1692 1187 1731; x_wconf 78' lang='lat' dir='ltr'>quae</span> <span class='ocrx_word' id='word_1_196' title='bbox 1208 1679 1253 1716; x_wconf 92' lang='lat' dir='ltr'>de</span> <span class='ocrx_word' id='word_1_197' title='bbox 1274 1678 1414 1732; x_wconf 90' lang='lat' dir='ltr'>scripto</span> <span class='ocrx_word' id='word_1_198' title='bbox 1434 1689 1613 1732; x_wconf 85' lang='lat' dir='ltr'>aguntur,</span> <span class='ocrx_word' id='word_1_199' title='bbox 1640 1681 1778 1734; x_wconf 87' lang='lat' dir='ltr'>scripta</span> 
     </span>
     <span class='ocr_line' id='line_1_24' title="bbox 386 1742 1776 1799; baseline 0.004 -19"><span class='ocrx_word' id='word_1_200' title='bbox 386 1742 473 1781; x_wconf 90' lang='lat' dir='ltr'>sunt</span> <span class='ocrx_word' id='word_1_201' title='bbox 493 1743 623 1781; x_wconf 87' lang='lat' dir='ltr'>omnia</span> <span class='ocrx_word' id='word_1_202' title='bbox 642 1758 649 1780; x_wconf 91' lang='lat'>:</span> <span class='ocrx_word' id='word_1_203' title='bbox 683 1757 808 1796; x_wconf 88' lang='lat' dir='ltr'>neque</span> <span class='ocrx_word' id='word_1_204' title='bbox 827 1753 954 1782; x_wconf 87' lang='lat' dir='ltr'>tamen</span> <span class='ocrx_word' id='word_1_205' title='bbox 974 1745 1189 1797; x_wconf 84' lang='lat' dir='ltr'>quidquam</span> <span class='ocrx_word' id='word_1_206' title='bbox 1217 1754 1295 1782; x_wconf 84' lang='lat' dir='ltr'>tam</span> <span class='ocrx_word' id='word_1_207' title='bbox 1322 1745 1476 1798; x_wconf 84' lang='lat' dir='ltr'>anguste</span> <span class='ocrx_word' id='word_1_208' title='bbox 1504 1745 1689 1799; x_wconf 88' lang='lat' dir='ltr'>scriptum</span> <span class='ocrx_word' id='word_1_209' title='bbox 1709 1747 1776 1793; x_wconf 89' lang='lat' dir='ltr'>est,</span> 
     </span>
     <span class='ocr_line' id='line_1_25' title="bbox 387 1810 1777 1864; baseline 0.003 -17"><span class='ocrx_word' id='word_1_210' title='bbox 387 1822 465 1862; x_wconf 88' lang='lat' dir='ltr'>quo</span> <span class='ocrx_word' id='word_1_211' title='bbox 484 1822 555 1863; x_wconf 87' lang='lat' dir='ltr'>ego</span> <span class='ocrx_word' id='word_1_212' title='bbox 576 1823 653 1848; x_wconf 90' lang='lat' dir='ltr'>non</span> <span class='ocrx_word' id='word_1_213' title='bbox 675 1810 824 1862; x_wconf 85' lang='lat' dir='ltr'>poffim,</span> <span class='ocrx_word' id='word_1_214' title='bbox 847 1813 929 1863; x_wconf 76' lang='lat' dir='ltr'>Qa</span> <span class='ocrx_word' id='word_1_215' title='bbox 949 1811 988 1850; x_wconf 80' lang='lat' dir='ltr'>de</span> <span class='ocrx_word' id='word_1_216' title='bbox 1006 1826 1046 1849; x_wconf 82' lang='lat' dir='ltr'>re</span> <span class='ocrx_word' id='word_1_217' title='bbox 1064 1813 1204 1864; x_wconf 79' lang='lat' dir='ltr'>agitur,</span> <span class='ocrx_word' id='word_1_218' title='bbox 1227 1811 1375 1850; x_wconf 84' lang='lat' dir='ltr'>addere.</span> <span class='ocrx_word' id='word_1_219' title='bbox 1409 1812 1505 1861; x_wconf 80' lang='lat' dir='ltr'>Qae</span> <span class='ocrx_word' id='word_1_220' title='bbox 1525 1812 1777 1852; x_wconf 80' lang='lat' dir='ltr'>consuluntur</span> 
     </span>
     <span class='ocr_line' id='line_1_26' title="bbox 384 1876 1776 1932; baseline 0.002 -18"><span class='ocrx_word' id='word_1_221' title='bbox 384 1884 528 1920; x_wconf 86' lang='lat' dir='ltr'>autem,</span> <span class='ocrx_word' id='word_1_222' title='bbox 569 1876 736 1915; x_wconf 87' lang='lat' dir='ltr'>minimo</span> <span class='ocrx_word' id='word_1_223' title='bbox 770 1877 943 1930; x_wconf 88' lang='lat' dir='ltr'>periculo</span> <span class='ocrx_word' id='word_1_224' title='bbox 977 1877 1265 1930; x_wconf 86' lang='lat' dir='ltr'>respondentur.</span> <span class='ocrx_word' id='word_1_225' title='bbox 1307 1878 1345 1915; x_wconf 85' lang='lat' dir='ltr'>Si</span> <span class='ocrx_word' id='word_1_226' title='bbox 1379 1878 1432 1923; x_wconf 86' lang='lat' dir='ltr'>id,</span> <span class='ocrx_word' id='word_1_227' title='bbox 1471 1879 1575 1930; x_wconf 88' lang='lat' dir='ltr'>quod</span> <span class='ocrx_word' id='word_1_228' title='bbox 1609 1888 1776 1932; x_wconf 86' lang='lat' dir='ltr'>oportet,</span> 
     </span>
     <span class='ocr_line' id='line_1_27' title="bbox 387 1941 1775 1997; baseline 0.004 -19"><span class='ocrx_word' id='word_1_229' title='bbox 387 1941 619 1994; x_wconf 87' lang='lat' dir='ltr'>responderis</span> <span class='ocrx_word' id='word_1_230' title='bbox 634 1961 645 1986; x_wconf 79' lang='lat'>3</span> <span class='ocrx_word' id='word_1_231' title='bbox 678 1943 782 1981; x_wconf 90' lang='lat' dir='ltr'>idem</span> <span class='ocrx_word' id='word_1_232' title='bbox 803 1943 947 1982; x_wconf 90' lang='lat' dir='ltr'>videare</span> <span class='ocrx_word' id='word_1_233' title='bbox 967 1943 1207 1997; x_wconf 87' lang='lat' dir='ltr'>respondisse,</span> <span class='ocrx_word' id='word_1_234' title='bbox 1239 1944 1344 1996; x_wconf 91' lang='lat' dir='ltr'>quod</span> <span class='ocrx_word' id='word_1_235' title='bbox 1365 1945 1514 1982; x_wconf 84' lang='lat' dir='ltr'>Servius</span> <span class='ocrx_word' id='word_1_236' title='bbox 1535 1960 1543 1983; x_wconf 75' lang='grc' dir='ltr'>ε</span> <span class='ocrx_word' id='word_1_237' title='bbox 1567 1945 1621 1983; x_wconf 90' lang='lat' dir='ltr'>fin</span> <span class='ocrx_word' id='word_1_238' title='bbox 1641 1945 1749 1983; x_wconf 87' lang='lat' dir='ltr'>aliter</span> <span class='ocrx_word' id='word_1_239' title='bbox 1761 1964 1775 1992; x_wconf 63' lang='grc' dir='ltr'><strong><em>ς</em></strong></span> 
     </span>
     <span class='ocr_line' id='line_1_28' title="bbox 387 2006 1478 2062; baseline 0.005 -19"><span class='ocrx_word' id='word_1_240' title='bbox 387 2006 503 2044; x_wconf 86' lang='lat' dir='ltr'>etiam</span> <span class='ocrx_word' id='word_1_241' title='bbox 524 2009 811 2048; x_wconf 88' lang='lat' dir='ltr'>controversum</span> <span class='ocrx_word' id='word_1_242' title='bbox 825 2011 890 2062; x_wconf 86' lang='lat' dir='ltr'>jus</span> <span class='ocrx_word' id='word_1_243' title='bbox 911 2009 1026 2055; x_wconf 83' lang='lat' dir='ltr'>nosse,</span> <span class='ocrx_word' id='word_1_244' title='bbox 1057 2020 1095 2048; x_wconf 92' lang='lat' dir='ltr'>et</span> <span class='ocrx_word' id='word_1_245' title='bbox 1116 2012 1285 2053; x_wconf 61' lang='lat' dir='ltr'>tractare,</span> <span class='ocrx_word' id='word_1_246' title='bbox 1318 2010 1478 2048; x_wconf 87' lang='lat' dir='ltr'>videare.</span> 
     </span>
    </p>

    <p class='ocr_par' dir='ltr' id='par_1_4' title="bbox 385 2072 1775 2522">
     <span class='ocr_line' id='line_1_29' title="bbox 442 2072 1775 2128; baseline 0.002 -17"><span class='ocrx_word' id='word_1_247' title='bbox 442 2072 686 2126; x_wconf 85' lang='lat' dir='ltr'>Qapropter</span> <span class='ocrx_word' id='word_1_248' title='bbox 715 2088 793 2113; x_wconf 92' lang='lat' dir='ltr'>non</span> <span class='ocrx_word' id='word_1_249' title='bbox 824 2075 948 2113; x_wconf 89' lang='lat' dir='ltr'>solum</span> <span class='ocrx_word' id='word_1_250' title='bbox 980 2076 1044 2113; x_wconf 84' lang='lat' dir='ltr'>illa</span> <span class='ocrx_word' id='word_1_251' title='bbox 1075 2075 1194 2128; x_wconf 85' lang='lat' dir='ltr'>gloria</span> <span class='ocrx_word' id='word_1_252' title='bbox 1226 2074 1402 2113; x_wconf 73' lang='lat' dir='ltr'>militaris</span> <span class='ocrx_word' id='word_1_253' title='bbox 1435 2075 1562 2114; x_wconf 87' lang='lat' dir='ltr'>vestris</span> <span class='ocrx_word' id='word_1_254' title='bbox 1595 2075 1775 2114; x_wconf 87' lang='lat' dir='ltr'>formulis</span> 
     </span>
     <span class='ocr_line' id='line_1_30' title="bbox 388 2141 1773 2194; baseline 0.004 -20"><span class='ocrx_word' id='word_1_255' title='bbox 388 2146 503 2190; x_wconf 90' lang='lat' dir='ltr'>atque</span> <span class='ocrx_word' id='word_1_256' title='bbox 522 2141 736 2179; x_wconf 62' lang='lat' dir='ltr'>actionibus</span> <span class='ocrx_word' id='word_1_257' title='bbox 755 2142 1015 2194; x_wconf 86' lang='lat' dir='ltr'>anteponenda</span> <span class='ocrx_word' id='word_1_258' title='bbox 1035 2142 1099 2186; x_wconf 89' lang='lat' dir='ltr'>est,</span> <span class='ocrx_word' id='word_1_259' title='bbox 1132 2155 1263 2180; x_wconf 87' lang='lat' dir='ltr'>verum</span> <span class='ocrx_word' id='word_1_260' title='bbox 1293 2142 1407 2178; x_wconf 77' lang='lat' dir='ltr'>etiam</span> <span class='ocrx_word' id='word_1_261' title='bbox 1436 2141 1588 2179; x_wconf 88' lang='lat' dir='ltr'>dicendi</span> <span class='ocrx_word' id='word_1_262' title='bbox 1614 2141 1773 2180; x_wconf 87' lang='lat' dir='ltr'>consue-</span> 
     </span>
     <span class='ocr_line' id='line_1_31' title="bbox 387 2203 1774 2257; baseline 0.002 -16"><span class='ocrx_word' id='word_1_263' title='bbox 387 2203 482 2241; x_wconf 86' lang='lat' dir='ltr'>tudo</span> <span class='ocrx_word' id='word_1_264' title='bbox 502 2204 616 2257; x_wconf 88' lang='lat' dir='ltr'>longe</span> <span class='ocrx_word' id='word_1_265' title='bbox 635 2216 672 2244; x_wconf 89' lang='lat' dir='ltr'>et</span> <span class='ocrx_word' id='word_1_266' title='bbox 692 2208 863 2246; x_wconf 87' lang='lat' dir='ltr'>multum</span> <span class='ocrx_word' id='word_1_267' title='bbox 885 2208 943 2244; x_wconf 78' lang='lat' dir='ltr'>isti</span> <span class='ocrx_word' id='word_1_268' title='bbox 965 2208 1088 2245; x_wconf 76' lang='lat' dir='ltr'>vestrae</span> <span class='ocrx_word' id='word_1_269' title='bbox 1109 2208 1371 2245; x_wconf 74' lang='lat' dir='ltr'>exercitationi</span> <span class='ocrx_word' id='word_1_270' title='bbox 1393 2207 1437 2244; x_wconf 80' lang='lat' dir='ltr'>ad</span> <span class='ocrx_word' id='word_1_271' title='bbox 1456 2206 1643 2245; x_wconf 88' lang='lat' dir='ltr'>honorem</span> <span class='ocrx_word' id='word_1_272' title='bbox 1665 2215 1774 2244; x_wconf 88' lang='lat' dir='ltr'>ante-</span> 
     </span>
     <span class='ocr_line' id='line_1_32' title="bbox 387 2270 1771 2326; baseline 0.001 -19"><span class='ocrx_word' id='word_1_273' title='bbox 387 2270 515 2308; x_wconf 86' lang='lat' dir='ltr'>cellet.</span> <span class='ocrx_word' id='word_1_274' title='bbox 541 2272 673 2323; x_wconf 90' lang='lat' dir='ltr'>Itaque</span> <span class='ocrx_word' id='word_1_275' title='bbox 694 2272 794 2310; x_wconf 87' lang='lat' dir='ltr'>mihi</span> <span class='ocrx_word' id='word_1_276' title='bbox 814 2275 991 2311; x_wconf 83' lang='lat' dir='ltr'>videntur</span> <span class='ocrx_word' id='word_1_277' title='bbox 1011 2275 1182 2326; x_wconf 80' lang='lat' dir='ltr'>plerique</span> <span class='ocrx_word' id='word_1_278' title='bbox 1204 2274 1316 2311; x_wconf 76' lang='lat' dir='ltr'>initio</span> <span class='ocrx_word' id='word_1_279' title='bbox 1339 2273 1464 2311; x_wconf 79' lang='lat' dir='ltr'>multo</span> <span class='ocrx_word' id='word_1_280' title='bbox 1485 2272 1558 2311; x_wconf 91' lang='lat' dir='ltr'>hoc</span> <span class='ocrx_word' id='word_1_281' title='bbox 1579 2271 1771 2317; x_wconf 83' lang='lat' dir='ltr'>maluiffe;</span> 
     </span>
     <span class='ocr_line' id='line_1_33' title="bbox 388 2335 1774 2392; baseline 0.001 -19"><span class='ocrx_word' id='word_1_282' title='bbox 388 2335 483 2387; x_wconf 88' lang='lat' dir='ltr'>post,</span> <span class='ocrx_word' id='word_1_283' title='bbox 523 2349 616 2374; x_wconf 89' lang='lat' dir='ltr'>cum</span> <span class='ocrx_word' id='word_1_284' title='bbox 654 2338 693 2374; x_wconf 90' lang='lat' dir='ltr'>id</span> <span class='ocrx_word' id='word_1_285' title='bbox 727 2338 865 2390; x_wconf 77' lang='lat' dir='ltr'>assequi</span> <span class='ocrx_word' id='word_1_286' title='bbox 906 2354 982 2377; x_wconf 87' lang='lat' dir='ltr'>non</span> <span class='ocrx_word' id='word_1_287' title='bbox 1018 2340 1234 2392; x_wconf 82' lang='lat' dir='ltr'>potuissent,</span> <span class='ocrx_word' id='word_1_288' title='bbox 1278 2340 1369 2377; x_wconf 77' lang='lat' dir='ltr'>istuc</span> <span class='ocrx_word' id='word_1_289' title='bbox 1407 2338 1645 2391; x_wconf 84' lang='lat' dir='ltr'>potiffimum</span> <span class='ocrx_word' id='word_1_290' title='bbox 1687 2337 1774 2375; x_wconf 91' lang='lat' dir='ltr'>sunt</span> 
     </span>
     <span class='ocr_line' id='line_1_34' title="bbox 386 2402 1773 2455; baseline 0.001 -16"><span class='ocrx_word' id='word_1_291' title='bbox 386 2402 538 2455; x_wconf 89' lang='lat' dir='ltr'>delapfi.</span> <span class='ocrx_word' id='word_1_292' title='bbox 571 2403 628 2440; x_wconf 90' lang='lat' dir='ltr'>Ut</span> <span class='ocrx_word' id='word_1_293' title='bbox 659 2403 765 2441; x_wconf 87' lang='lat' dir='ltr'>aiunt</span> <span class='ocrx_word' id='word_1_294' title='bbox 795 2404 833 2440; x_wconf 90' lang='lat' dir='ltr'>in</span> <span class='ocrx_word' id='word_1_295' title='bbox 866 2407 1011 2443; x_wconf 60' lang='lat' dir='ltr'>Graecis</span> <span class='ocrx_word' id='word_1_296' title='bbox 1041 2406 1265 2449; x_wconf 66' lang='lat' dir='ltr'>artificibus,</span> <span class='ocrx_word' id='word_1_297' title='bbox 1298 2418 1360 2441; x_wconf 62' lang='lat' dir='ltr'>cos</span> <span class='ocrx_word' id='word_1_298' title='bbox 1391 2403 1559 2441; x_wconf 75' lang='lat' dir='ltr'>auloedos</span> <span class='ocrx_word' id='word_1_299' title='bbox 1589 2402 1673 2447; x_wconf 69' lang='lat' dir='ltr'>ess&#39;e,</span> <span class='ocrx_word' id='word_1_300' title='bbox 1705 2403 1773 2455; x_wconf 83' lang='lat' dir='ltr'>qui</span> 
     </span>
     <span class='ocr_line' id='line_1_35' title="bbox 385 2466 1772 2522; baseline 0.001 -16"><span class='ocrx_word' id='word_1_301' title='bbox 385 2466 589 2506; x_wconf 78' lang='lat' dir='ltr'>citharoedi</span> <span class='ocrx_word' id='word_1_302' title='bbox 605 2467 685 2507; x_wconf 88' lang='lat' dir='ltr'>fieri</span> <span class='ocrx_word' id='word_1_303' title='bbox 706 2483 779 2508; x_wconf 90' lang='lat' dir='ltr'>non</span> <span class='ocrx_word' id='word_1_304' title='bbox 799 2472 1010 2521; x_wconf 50' lang='lat' dir='ltr'>pomerium</span> <span class='ocrx_word' id='word_1_305' title='bbox 1031 2472 1079 2509; x_wconf 84' lang='lat' dir='ltr'>fic</span> <span class='ocrx_word' id='word_1_306' title='bbox 1096 2472 1300 2509; x_wconf 65' lang='lat' dir='ltr'>nonnullos</span> <span class='ocrx_word' id='word_1_307' title='bbox 1319 2470 1506 2514; x_wconf 80' lang='lat' dir='ltr'>videmuS‚</span> <span class='ocrx_word' id='word_1_308' title='bbox 1525 2470 1593 2522; x_wconf 86' lang='lat' dir='ltr'>qui</span> <span class='ocrx_word' id='word_1_309' title='bbox 1608 2477 1772 2509; x_wconf 77' lang='lat' dir='ltr'>oratores</span> 
     </span>
    </p>

    <p class='ocr_par' dir='ltr' id='par_1_5' title="bbox 1337 2537 1470 2573">
     <span class='ocr_line' id='line_1_36' title="bbox 1337 2537 1470 2573; baseline 0 -1"><span class='ocrx_word' id='word_1_310' title='bbox 1337 2537 1366 2573; x_wconf 73' lang='lat' dir='ltr'>E</span> <span class='ocrx_word' id='word_1_311' title='bbox 1398 2549 1417 2571; x_wconf 82' lang='lat' dir='ltr'>c</span> <span class='ocrx_word' id='word_1_312' title='bbox 1449 2548 1470 2572; x_wconf 87' lang='lat'>2</span> 
     </span>
    </p>
   </div>
  </div>
 </body>
</html>
