2212 2835
692 99 876 142 POST
934 91 1305 136 REDITUM.
1617 100 1694 139 349

300 207 611 253 benevolentiam
630 213 668 243 et
688 203 807 242 fidem
827 213 907 239 non
926 197 1050 236 solum
1072 194 1192 234 animi
1213 192 1357 236 dolore,
1386 189 1448 229 sed
1469 188 1585 227 etiarn
1607 200 1694 226 cor-

302 281 404 334 poris
425 274 668 317 vulneribus,
699 267 892 309 ostendit?
924 264 1047 302 Vobis
1068 275 1176 305 vero,
1208 261 1336 298 Patres
1357 256 1588 309 conscripti,
1619 254 1696 292 sin·

301 346 404 400 gulis
425 352 463 382 et
481 342 557 394 egi,
588 348 626 377 et
645 350 769 390 agam,
800 332 936 387 gratias
955 346 964 369 ε
996 327 1174 367 univerfis
1195 326 1258 377 egi
1278 325 1325 362 ab
1346 324 1473 368 initio,
1505 329 1698 374 quantum

304 411 416 466 potui
432 428 443 455 3
476 407 560 447 satis
591 412 721 444 ornate
750 412 860 453 agere
886 396 996 436 nullo
1022 393 1140 432 modo
1168 390 1332 443 possum.
1364 390 1444 433 Et,
1477 400 1699 439 quanquam

305 479 392 517 sunt
412 478 453 515 in
481 487 544 513 me
571 470 762 525 praecipua
786 465 924 504 merita
950 460 1167 500 multorum
1186 486 1196 501 ‚
1228 469 1313 508 quae
1334 454 1431 492 fileri
1452 454 1561 491 nullo
1582 453 1700 491 modo

305 543 472 598 possunt,
503 549 633 577 tamen
659 534 774 586 hujus
802 527 988 582 temporis
1015 539 1057 563 ac
1086 523 1238 562 timoris
1271 521 1347 558 mei
1379 533 1457 557 non
1488 518 1540 556 est
1570 519 1700 556 conari

304 616 606 649 commemorare
641 598 825 639 beneficia
858 597 898 634 in
933 606 997 632 me
1030 589 1298 644 fingulorum:
1336 599 1425 624 nam
1459 583 1619 622 difficile
1650 583 1704 621 est

305 688 384 714 non
417 673 618 724 aliquem,
648 664 752 704 nefas
788 671 1054 717 quemquam,
1086 653 1290 709 praeterire.
1324 652 1411 704 Ego
1446 663 1510 689 vos
1546 649 1702 687 univer-

247 787 251 791 *
306 741 390 784 sos,
421 739 550 777 Patres
570 729 804 783 conscripti,
834 728 1013 766 Deorum
1033 733 1194 760 numero
1215 718 1341 756 colere
1360 716 1508 754 debeo:
1541 714 1628 759 sed,
1660 723 1704 752 ut

307 808 348 845 in
367 804 455 859 ipfis
477 802 565 841 Diis
585 794 874 838 immortalibus
897 805 974 830 non
995 789 1141 840 semper
1161 785 1327 828 eosdem,
1350 791 1464 835 atque
1483 781 1572 819 alias
1593 780 1703 825 alios,

309 872 472 911 solemus
501 876 539 905 et
564 862 733 904 venerari
757 870 796 899 et
821 857 994 912 precari,
1027 854 1077 892 fic
1107 853 1146 890 in
1167 850 1394 889 hominibus
1409 878 1420 893 ,
1452 847 1499 885 de
1521 859 1583 884 me
1603 846 1705 884 divi-

310 939 414 977 nitus
441 933 590 974 meritis
607 961 618 977 ‚
649 929 776 969 omnis
803 936 890 966 aetas
915 924 988 962 erit
1014 919 1116 960 mihi
1143 919 1189 957 ad
1217 930 1351 956 eorum
1379 928 1466 967 erga
1486 926 1550 951 me
1571 912 1708 951 merita

311 1001 551 1059 praedicanda
569 1008 684 1052 atque
704 993 920 1035 recolenda.

368 1071 572 1111 Hodierno
601 1074 730 1105 autem
765 1062 826 1100 die
860 1057 1094 1099 nominatim
1128 1067 1149 1092 a
1182 1065 1245 1092 me
1279 1048 1561 1103 magistratibus
1596 1045 1709 1084 statui

313 1138 450 1191 gratias
470 1134 542 1173 effe
561 1131 738 1185 agendas,
769 1137 808 1166 et
828 1126 873 1164 de
894 1123 1049 1178 privatis
1071 1121 1154 1164 uni,
1186 1119 1254 1171 qui
1276 1131 1344 1170 pro
1365 1115 1481 1154 salute
1505 1127 1589 1151 mea
1616 1125 1707 1150 mu-

315 1203 458 1256 nicipia
481 1196 725 1248 coloniasque
751 1191 880 1231 adiffet
897 1219 908 1236 ‚
940 1187 1132 1243 populum
1158 1185 1384 1222 Romanum
1411 1180 1569 1232 supplex
1598 1177 1708 1216 obse-

315 1269 474 1312 crass'et,
505 1262 732 1304 sententiam
752 1257 902 1297 dixiffet
922 1269 1007 1293 eam
1024 1284 1035 1299 ‚
1067 1264 1185 1305 quam
1212 1262 1276 1287 vos
1304 1247 1424 1286 secuti
1451 1244 1551 1284 mihi
1578 1244 1709 1296 digni-

317 1345 436 1375 tatem
470 1345 599 1371 meam
632 1325 861 1367 reddidistis.
894 1323 974 1361 Vos
1009 1333 1073 1359 me
1106 1317 1309 1356 florentem
1344 1313 1492 1365 semper
1525 1310 1680 1350 ornastis
1696 1328 1709 1354 5

315 1403 555 1441 laborantem
583 1394 799 1435 mutatione
825 1389 960 1433 vestis,
990 1395 1028 1424 et
1056 1396 1175 1438 prope
1201 1382 1309 1420 luem
1336 1379 1481 1423 vestr0,
1513 1376 1639 1430 quoad
1660 1375 1710 1413 li-

318 1469 401 1507 cuit
417 1495 430 1512 ,
460 1462 695 1504 defendistis.
726 1457 867 1498 Nostra
896 1451 1084 1493 memoria
1109 1449 1294 1487 senatores
1323 1459 1370 1484 ne
1397 1445 1437 1483 in
1459 1444 1532 1482 suis
1554 1442 1715 1496 quidem

320 1532 499 1587 periculis
520 1537 669 1569 mutare
687 1525 828 1564 vestem
849 1520 1018 1560 solebant
1035 1532 1045 1556 ε
1078 1517 1119 1554 in
1140 1527 1227 1553 meo
1248 1512 1420 1565 periculo
1440 1510 1588 1548 senatus
1614 1509 1715 1547 veste

322 1608 470 1638 mutata
498 1596 590 1640 fuit,
620 1592 746 1645 quoad
776 1588 888 1628 licuit
920 1599 986 1639 per
1012 1596 1146 1622 eorum
1173 1581 1306 1624 edicta,
1339 1578 1407 1630 qui
1435 1590 1520 1615 mea
1546 1575 1715 1628 pericula

324 1680 403 1705 non
434 1663 552 1702 modo
582 1660 648 1699 suo
680 1656 864 1711 praefidio‚
897 1651 959 1691 sed
988 1651 1104 1689 etiam
1135 1647 1254 1686 vestra
1280 1643 1560 1697 deprecatione,
1591 1640 1714 1680 nuda-

324 1742 426 1771 runt.
458 1727 615 1780 Qibus
642 1738 713 1777 ego
741 1722 853 1761 rebus
879 1717 1054 1771 objectis,
1085 1727 1177 1753 cum
1205 1711 1305 1750 mihi
1331 1711 1479 1763 privato
1501 1706 1715 1758 confligen-

323 1799 419 1836 dum
438 1796 610 1835 viderem
629 1804 722 1830 cum
741 1788 877 1827 eodem
897 1783 1083 1827 exercitu,
1115 1793 1233 1833 quem
1253 1776 1385 1816 consul
1406 1789 1484 1813 non
1505 1773 1633 1817 armis,
1657 1771 1718 1810 sed

324 1865 443 1903 vestra
461 1860 697 1903 auctoritate,
727 1856 940 1908 superaram
957 1870 969 1896 ;
1002 1849 1127 1888 multa
1146 1858 1303 1885 mecum
1323 1841 1401 1896 ipse
1421 1840 1606 1893 reputavi.

380 1929 497 1968 XIII.
530 1926 691 1965 Dixerat
710 1923 750 1960 in
770 1920 956 1959 concione
977 1914 1109 1954 consul
1126 1942 1136 1958 ‚
1168 1912 1203 1950 se
1229 1910 1321 1949 clivi
1349 1907 1560 1960 Capitolini
1587 1917 1718 1958 poenas

328 1997 374 2034 ab
402 1993 598 2046 equitibus
626 1988 812 2028 Romanis
839 1984 1108 2038 repetiturum.
1140 1975 1388 2018 Nominatim
1415 1974 1481 2011 alii
1507 1970 1718 2023 compella-

332 2063 495 2104 bantur,
525 2058 591 2096 alii
625 2054 865 2096 citabantur,
896 2049 962 2088 alii
994 2045 1285 2098 relegabantur:
1323 2040 1446 2078 aditus
1483 2037 1720 2089 templorum

332 2137 436 2165 erant
455 2138 533 2162 non
553 2123 678 2161 solum
698 2118 875 2173 praesidiis
897 2126 933 2154 et
959 2126 1074 2152 manu
1092 2141 1103 2157 ‚
1134 2122 1267 2149 verum
1295 2106 1412 2144 etiam
1440 2103 1690 2142 demolitione
1707 2128 1718 2143 ,

334 2191 483 2231 sublati.
517 2189 625 2227 Alter
659 2185 806 2228 consul,
839 2192 881 2221 ut
916 2194 978 2219 me
1011 2188 1049 2217 et
1083 2173 1366 2228 rempublicam
1398 2184 1474 2208 non
1506 2167 1622 2206 modo
1652 2167 1719 2202 de-

336 2260 524 2299 sererent,
563 2254 622 2292 sed
656 2252 771 2289 etiam
806 2248 977 2288 hostibus
1013 2242 1234 2296 reipublicae
1270 2238 1498 2292 proderent,
1530 2231 1720 2284 paCtioni-

335 2326 406 2363 bus
441 2334 502 2359 eos
543 2319 698 2358 suorum
732 2316 979 2369 praemiorum
1013 2310 1214 2361 obligarat.
1254 2306 1346 2342 Erat
1380 2301 1474 2338 alius
1511 2298 1556 2336 ad
1595 2306 1721 2349 portas

336 2403 426 2429 cum
449 2386 612 2439 imperio
632 2384 672 2421 in
701 2381 844 2419 multos
868 2391 985 2417 annos
1003 2405 1014 2422 ,
1047 2384 1264 2426 magnoque
1282 2366 1451 2407 exercitu
1471 2379 1479 2402 :
1512 2375 1630 2415 quem
1651 2374 1725 2414 ego
