2212 2835
709 224 849 263 PRO
907 224 957 263 L.
1015 224 1354 263 MURENA.
1664 240 1742 281 237

352 340 431 366 non
451 325 647 379 spondere,
677 339 755 364 non
777 338 909 364 vocare
929 325 1093 363 domum
1120 325 1239 369 suam,
1270 325 1449 378 poffunt:
1481 335 1595 380 atque
1620 326 1702 366 haec
1722 341 1743 366 a

351 394 463 432 nobis
483 401 622 446 petunt
641 393 792 430 omnia:
816 405 941 443 neque
961 391 1039 429 ulla
1059 405 1098 429 re
1118 392 1202 436 alia,
1220 405 1305 443 quae
1325 405 1345 429 a
1366 393 1476 430 nobis
1496 393 1740 446 consequun-

351 468 426 505 tur,
461 459 529 497 nis1
563 471 676 511 opera
708 457 785 502 sua,
824 457 1062 509 compensari
1097 465 1234 509 putant
1269 457 1383 509 poffe.
1425 459 1559 510 Itaque
1592 469 1629 497 et
1664 461 1741 513 legi

351 525 492 570 Fabiae,
514 537 600 577 quae
618 523 671 561 est
690 523 737 561 de
755 536 919 561 numero
938 522 1179 567 sectatorum,
1201 531 1239 560 et
1260 523 1404 561 senatus
1425 524 1613 569 consulto,
1635 527 1740 578 quod

349 591 402 629 est
420 591 470 629 L.
492 589 636 628 Caesare
655 588 810 627 consule
829 587 990 634 fa&um‚
1021 588 1263 627 restiterunt:
1292 589 1398 629 nulla
1414 590 1466 627 est
1486 591 1591 628 enim
1612 605 1738 644 poena,

347 671 432 709 quae
450 656 562 710 poffit
581 655 860 695 observantiam
881 655 1102 694 tenuiorum
1123 655 1171 693 ab
1197 654 1274 694 hoc
1301 665 1426 695 vetere
1450 656 1632 696 instituto
1651 659 1739 697 offi-

345 724 496 761 ciorum
516 722 735 761 excludere.

401 791 456 828 At
482 790 694 843 spectacula
721 789 808 828 sunt
836 789 1015 826 tributim
1043 788 1142 833 data,
1172 797 1210 827 et
1237 789 1282 828 ad
1302 790 1508 842 prandium
1529 792 1647 844 vulgo
1667 806 1737 830 vo-

346 857 435 894 cati.
468 856 549 894 Etfi
575 855 651 893 hoc
676 854 823 893 saelum
850 868 871 892 a
891 855 1060 892 Murena
1079 855 1255 900 omnino,
1287 855 1458 906 Judices,
1490 870 1568 895 non
1594 857 1660 902 est,
1690 858 1739 896 ab

345 922 425 973 ejus
446 921 580 959 amicis
601 930 730 958 autem
752 933 858 958 more
885 929 922 957 et
948 920 1066 957 modo
1090 919 1236 958 faustum
1256 920 1334 966 est3
1367 930 1496 960 tamen
1517 923 1737 962 admonitus

345 1000 383 1024 re
418 986 497 1040 ipsa
529 987 719 1031 recordor,
751 995 941 1038 quantum
974 984 1033 1024 hae
1067 986 1306 1038 quaestiones‚
1343 987 1381 1024 in
1416 987 1546 1026 senatu
1579 987 1735 1034 habitae,

343 1055 574 1106 punstorum
602 1053 728 1098 nobis,
760 1053 877 1097 Servi,
909 1052 1154 1090 detraxerint.
1187 1053 1306 1103 Qod
1331 1054 1437 1091 enim
1464 1063 1617 1107 tempus
1644 1055 1735 1101 fuit,

343 1129 410 1157 aut
451 1119 573 1158 nostra
609 1128 673 1157 aut
711 1128 864 1171 patrum
902 1118 1120 1156 nostrorum
1157 1119 1359 1164 memoria,
1408 1134 1487 1172 quo
1524 1120 1621 1167 haec,
1661 1122 1736 1160 five

343 1186 506 1223 ambitio
539 1184 605 1229 est,
641 1184 715 1222 five
747 1183 968 1228 liberalitas,
1005 1197 1084 1221 non
1117 1183 1248 1228 fuerit,
1280 1194 1324 1222 ut
1354 1185 1461 1223 locus
1493 1196 1530 1224 et
1560 1187 1600 1224 in
1631 1187 1736 1226 circo

341 1260 380 1289 et
406 1252 446 1289 in
471 1250 556 1289 foro
583 1251 736 1289 daretur
761 1250 894 1288 amicis
915 1259 953 1288 et
973 1249 1213 1288 tribulibus?
1246 1251 1343 1288 Haec
1370 1250 1548 1289 homines
1579 1254 1735 1291 tenuio-

341 1330 398 1355 res
425 1317 614 1370 primum,
645 1316 790 1355 nedum
817 1317 885 1369 qui
913 1329 934 1354 a
960 1316 1035 1355 suis
1062 1316 1269 1355 tribulibus
1296 1326 1421 1355 vetere
1446 1317 1622 1357 instituto
1641 1319 1733 1357 affe-

338 1383 556 1437 quebantur
575 1386 600 1411 *
617 1385 641 1411 ἕ
659 1385 684 1410 *

394 1446 567 1485 XXXV.
600 1444 830 1485 Praefeetum
855 1444 1009 1483 fabrum
1035 1443 1153 1483 semel
1177 1444 1311 1484 locum
1339 1446 1547 1485 tribulibus
1568 1447 1642 1486 suis
1663 1448 1731 1486 de-

341 1511 431 1549 disse
451 1526 461 1550 ι
494 1511 589 1563 quid
609 1511 773 1549 statuent
793 1511 834 1548 in
855 1511 953 1549 viros
973 1510 1190 1562 primarios,
1213 1510 1282 1562 qui
1301 1510 1342 1548 in
1363 1512 1466 1550 circo
1488 1521 1584 1551 totas
1606 1513 1731 1552 taber=

339 1590 421 1621 nas,
456 1576 663 1620 ‚tribulium
696 1577 818 1621 causa,
855 1576 1156 1629 compararunt?
1194 1576 1292 1614 Haec
1327 1578 1458 1615 omnia
1489 1578 1730 1626 sectatorum,

338 1642 655 1696 spe‘E’taculorum‚
673 1642 921 1695 prandiorum
940 1642 1051 1686 item,
1068 1642 1232 1680 crimina
1250 1656 1270 1679 a
1289 1643 1543 1682 multitudine
1562 1645 1603 1682 in
1624 1655 1730 1683 tuam

338 1709 502 1748 nimiam
536 1709 793 1761 diligentiam,
835 1709 953 1754 Servi,
993 1709 1165 1761 conjecta
1198 1709 1310 1748 sunt:
1347 1711 1387 1748 in
1422 1711 1564 1762 quibus
1601 1721 1729 1749 tamen

337 1776 505 1814 Murena
524 1775 571 1813 ab
590 1775 738 1813 senatus
759 1776 980 1813 auctoritate
1006 1773 1237 1813 defenditur.
1271 1776 1379 1827 Qid
1401 1778 1506 1815 enim
1526 1777 1538 1813 ?
1571 1779 1728 1815 Senatus

337 1855 434 1880 num
454 1841 608 1880 obviam
628 1842 781 1895 prodire
801 1841 949 1879 crimen
969 1841 1108 1894 putat?
1132 1855 1234 1886 n0n;
1258 1841 1318 1879 sed
1340 1843 1540 1882 mercede:
1565 1844 1727 1882 convin-

337 1922 392 1947 ce.
416 1909 528 1948 Num
550 1908 678 1946 sectari
698 1908 867 1946 multos?
885 1922 982 1953 nom
1001 1908 1062 1946 sed
1083 1908 1312 1947 conductos:
1335 1910 1442 1948 doce.
1461 1911 1574 1948 Num
1596 1910 1728 1948 locum

336 1975 382 2013 ad
408 1974 654 2027 specstandum
681 1975 781 2019 dare,
812 1984 877 2012 aut
903 1974 948 2012 ad
978 1974 1185 2026 prandium
1217 1975 1408 2013 invitare?
1441 1976 1632 2021 minime3
1665 1977 1726 2015 sed

335 2040 466 2092 vulgo,
497 2040 643 2093 paffim.
676 2041 784 2092 Qid
817 2041 869 2078 est
900 2041 1048 2092 vulgo?
1081 2040 1287 2079 universos.
1320 2042 1414 2080 Non
1445 2043 1578 2094 igitur,
1614 2042 1640 2080 fi
1675 2044 1724 2081 L.

335 2106 468 2150 Natta,
499 2106 651 2144 summo
683 2107 769 2144 loco
799 2106 1028 2151 adolescens,
1060 2107 1126 2158 qui
1154 2115 1191 2144 et
1222 2120 1301 2158 quo
1331 2108 1462 2145 animo
1486 2109 1569 2159 jam
1601 2108 1658 2152 fit,
1688 2118 1724 2145 et

336 2171 459 2223 qualis
481 2171 537 2208 vir
557 2170 710 2210 futurus
731 2172 788 2217 fit,
820 2172 1009 2216 videmus,
1041 2173 1080 2209 in
1101 2172 1279 2223 equitum
1307 2174 1489 2210 centuriis
1510 2173 1632 2210 voluit
1653 2173 1724 2209 effe

335 2247 372 2274 et
395 2237 439 2274 ad
460 2235 535 2274 hoc
560 2237 735 2275 officium
760 2238 1058 2282 necesthudinis,
1089 2246 1127 2275 et
1153 2237 1199 2274 ad
1225 2238 1419 2289 reliquum
1442 2247 1614 2290 tempus2.
1634 2252 1721 2289 gra-

336 2302 466 2346 tiosus,
503 2302 542 2339 id
570 2302 641 2339 erit
671 2303 750 2354 ejus
790 2304 926 2341 vitrico
960 2302 1084 2341 fraudi
1120 2313 1183 2340 aut
1217 2304 1400 2340 crimini:
1438 2317 1520 2347 nec,
1554 2305 1579 2339 fi
1614 2304 1722 2354 virgo

337 2368 509 2412 Vestalis,
541 2366 656 2419 hujus
683 2369 898 2420 propinqua
923 2378 960 2406 et
986 2368 1199 2413 necessaria,
1231 2369 1361 2406 locum
1395 2369 1501 2404 suum
1531 2368 1719 2419 gladiato-

334 2435 436 2473 rium
467 2433 647 2471 conceffit
676 2432 784 2477 huic,
816 2448 892 2472 non
924 2444 961 2472 et
993 2435 1058 2472 illa
1089 2435 1149 2486 pie
1181 2433 1285 2476 fecit,
1318 2443 1355 2471 et
1386 2433 1450 2470 hic
1481 2447 1500 2470 a
1530 2433 1641 2485 culpa
1669 2434 1720 2472 est

335 2514 358 2537 ἥ
380 2513 402 2537 ³44
425 2513 447 2536 ³⁴÷
479 2509 586 2564 Dctst
605 2509 774 2548 nonnihil.
