2212 2835
507 141 586 194 436
1008 135 1410 173 ORATIO

508 237 722 276 istiusmodi
744 244 838 274 artes
860 234 898 273 in
921 234 966 272 iis
988 232 1334 287 reprehenduntur,
1358 234 1441 286 qui,
1465 246 1556 272 cum
1578 233 1730 288 profesti
1752 235 1908 281 fuerint,

508 303 719 342 satisfacere
747 316 827 340 non
855 300 1036 354 possunt,
1070 314 1148 339 non
1175 301 1216 338 in
1243 301 1303 346 iis,
1336 301 1405 353 qui
1434 300 1592 339 abfuiffe
1619 302 1665 339 ab
1693 301 1753 340 his
1780 302 1911 341 studiis

506 369 754 408 confitentur.
792 368 926 406 Virtus
944 397 955 413 ,
996 367 1166 420 probitas
1185 397 1195 413 ‚
1236 368 1432 420 integritas
1473 368 1513 405 in
1553 368 1756 407 candidato
1776 397 1786 413 ,
1828 381 1907 406 non

507 437 650 489 linguae
670 434 907 480 volubilitas,
926 448 1004 474 non
1025 449 1095 480 ars,
1119 448 1195 473 non
1217 435 1387 480 scientia,
1410 435 1552 487 requiri
1573 435 1679 474 solet.
1705 437 1762 474 Ut
1783 449 1850 474 nos
1871 437 1913 474 in

507 503 714 556 mancipiis
734 501 925 556 parandis,
943 503 1119 553 quamvis
1141 501 1244 555 frugi
1266 501 1470 540 hominem
1493 502 1517 540 fi
1540 516 1609 555 pro
1628 501 1738 540 fabro
1759 511 1823 540 aut
1843 516 1914 555 pro

508 579 657 609 textore
691 570 875 613 emimus,
907 567 1005 607 ferre
1040 568 1197 607 moleste
1231 569 1411 613 solemus,
1444 568 1469 606 s1
1507 582 1565 606 eas
1601 577 1711 613 artes,
1744 582 1837 622 quas
1871 569 1913 607 in

504 637 673 676 'emendo
693 636 813 675 secuti
834 635 979 681 sumus,
999 635 1098 674 forte
1116 636 1341 680 nesciverit3
1365 636 1418 674 sm
1439 645 1567 674 autem
1589 637 1772 681 emimus,
1795 649 1913 689 quem

507 706 687 743 villicum
708 704 999 755 imponeremus
1015 731 1025 747 ,
1057 716 1177 755 quem
1199 704 1327 755 pecori
1347 703 1624 756 praeficeremus
1643 734 1654 749 ,
1686 703 1785 742 nihil
1807 705 1847 741 in
1868 717 1913 741 eo

505 772 576 809 nisi
608 769 886 823 frugalitatem,
917 769 1106 814 laborem,
1138 769 1394 821 vigilantiam,
1426 769 1497 808 effe
1525 784 1730 809 curamus:
1763 771 1812 809 fic
1840 784 1912 823 po-

505 837 622 890 pulus
654 837 856 874 Romanus
888 834 1025 887 deligit
1056 835 1312 887 magistratus,
1344 835 1448 888 quasi
1480 835 1703 888 reipublicae
1731 836 1910 875 villicos:

504 904 547 941 in
569 903 711 956 quibus
733 902 759 940 fi
780 915 856 954 qua
876 910 1056 954 praeterea
1076 902 1128 940 est
1149 915 1220 947 ars,
1252 901 1366 940 facile
1387 902 1557 955 patitur3
1590 901 1644 940 fin
1667 902 1812 947 minus,
1832 903 1913 941 vir-

505 980 589 1008 tute
616 984 751 1009 eorum
781 979 818 1008 et
847 969 1072 1007 innocentia
1098 978 1305 1008 contentus
1336 969 1401 1007 est.
1435 970 1591 1020 Qotus
1617 969 1724 1007 enim
1751 968 1914 1022 quisque

505 1037 667 1076 disertus
688 1037 701 1073 ?
733 1026 1062 1090 quotus‘quisque
1077 1037 1176 1089 juris
1199 1037 1342 1090 peritus
1363 1035 1446 1074 est?
1479 1045 1523 1075 ut
1542 1049 1606 1074 eos
1631 1049 1825 1082 numeres,
1846 1036 1916 1089 qui

504 1104 643 1143 volunt
675 1103 759 1142 effe.
793 1103 913 1156 Qod
947 1103 973 1142 fi
1005 1114 1183 1156 praeterea
1213 1104 1360 1143 honore
1392 1103 1532 1157 dignus
1565 1116 1695 1150 nemo,
1727 1103 1915 1157 quidnam

506 1181 565 1210 tot
586 1171 747 1224 optimis
769 1180 807 1209 et
827 1170 1074 1210 ornatissimis
1095 1172 1245 1210 civibus
1267 1171 1319 1210 est
1339 1170 1519 1210 futurum
1537 1172 1551 1208 ?

562 1238 715 1275 XXVI.
749 1236 868 1288 Jubes
892 1236 1097 1276 Plancium
1119 1238 1166 1275 de
1186 1238 1288 1276 vitiis
1311 1237 1523 1276 Laterensis
1544 1237 1683 1276 dicere.
1703 1233 1914 1290 Nihil'po-

502 1303 591 1348 test,
624 1303 692 1341 nis1
713 1316 805 1341 eum
826 1304 945 1341 nimis
967 1304 1007 1340 in
1027 1305 1063 1341 se
1083 1303 1313 1342 iracundum
1335 1304 1488 1356 putabis
1510 1302 1633 1341 fuifl‘e.
1667 1303 1776 1341 Idem
1804 1302 1914 1341 effers

506 1371 753 1409 Laterensem
780 1369 974 1408 laudibus.
1007 1370 1139 1408 Facile
1164 1370 1289 1423 patior
1304 1399 1316 1415 ‚
1347 1370 1388 1408 id
1416 1380 1452 1408 te
1473 1384 1582 1423 agere
1602 1369 1738 1408 multis
1758 1370 1883 1408 verbis
1901 1399 1913 1415 ‚

507 1437 613 1489 quod
646 1437 692 1475 ad
711 1437 912 1490 judicium
939 1450 1017 1475 non
1043 1437 1259 1489 pertineat3
1292 1446 1331 1475 et
1359 1437 1399 1475 id
1427 1446 1463 1475 te
1490 1437 1734 1475 accusantem
1759 1437 1913 1476 tamdiu

506 1504 633 1541 dicere
649 1533 661 1549 ,
693 1503 799 1555 quod
824 1516 895 1556 ego
924 1501 1098 1541 defensor
1117 1503 1195 1541 fine
1213 1503 1387 1557 periculo
1407 1504 1544 1557 poffim
1565 1502 1756 1542 confiteri.
1788 1503 1915 1556 Atqui

504 1584 585 1608 non
606 1570 724 1609 modo
744 1569 932 1608 confiteor
951 1570 1102 1608 summa
1121 1570 1162 1609 in
1182 1570 1386 1609 Laterense
1405 1579 1631 1609 ornamenta
1656 1569 1729 1609 effe
1743 1587 1756 1615 3
1788 1569 1851 1608 sed
1878 1578 1917 1608 te

506 1638 625 1676 etiam
646 1636 898 1691 reprehendo,
916 1638 1022 1690 quod
1043 1651 1085 1676 ea
1105 1652 1182 1676 non
1199 1650 1418 1684 enumeres,
1441 1638 1513 1677 alia
1533 1637 1709 1691 quaedam
1729 1637 1857 1676 inania
1875 1645 1915 1676 et

503 1704 604 1742 levia
638 1705 856 1758 conquiras.
891 1704 1074 1743 Praeneste
1106 1703 1235 1743 feciffe
1268 1705 1396 1743 ludos.
1438 1704 1579 1757 Qid?
1611 1704 1676 1742 alii
1711 1703 1913 1756 quaestores

504 1784 634 1809 nonne
653 1770 861 1809 fecerunt?
895 1771 1057 1822 Cyrenis
1078 1771 1277 1809 liberalem
1299 1773 1339 1809 in
1360 1771 1602 1823 publicanos,
1618 1770 1769 1822 justum
1789 1771 1828 1808 in
1850 1770 1912 1808 so-

506 1838 607 1882 cios,
633 1836 757 1874 fuisse.
790 1836 891 1887 Qis
913 1846 1028 1889 negat
1048 1837 1060 1873 ?
1092 1836 1155 1875 sed
1175 1837 1228 1875 ita
1249 1837 1374 1875 multa
1393 1837 1532 1875 Romae
1552 1845 1752 1889 geruntur,
1786 1846 1828 1876 ut
1847 1837 1911 1875 vix

506 1916 563 1948 ea,
594 1916 679 1955 quae
699 1902 800 1940 fiunt
818 1903 859 1940 in
880 1903 1105 1956 provinciis,
1137 1904 1354 1942 audiantur.

563 1969 659 2008 Non
681 1982 822 2014 vereor,
856 1983 903 2007 ne
925 1968 1024 2008 mihi
1046 1970 1206 2023 aliquid,
1237 1970 1411 2022 Judices,
1442 1970 1570 2008 videar
1593 1969 1787 2023 arrogasse,
1819 1969 1844 2008 fi
1867 1970 1913 2008 de

506 2037 694 2090 quaestura
714 2049 798 2075 mea
817 2037 964 2076 dixero.
1012 2038 1204 2089 Qamvis
1226 2039 1331 2076 enirn
1353 2038 1420 2075 illa
1440 2038 1610 2076 floruerit
1627 2068 1638 2083 ,
1670 2048 1800 2076 tamen
1820 2051 1912 2077 eum

507 2117 571 2141 me
604 2103 730 2156 postea
760 2103 870 2142 fuisse
901 2106 941 2142 in
973 2105 1156 2143 maximis
1189 2105 1301 2143 rebus
1333 2105 1509 2150 arbitror,
1542 2115 1584 2143 ut
1617 2119 1695 2143 non
1726 2106 1778 2144 ita
1809 2104 1933 2144 mihi.

507 2169 682 2208 multum
704 2170 748 2208 fit
768 2183 815 2208 ex
837 2170 1031 2222 quaesturae
1053 2171 1164 2209 laude
1191 2172 1442 2225 repetendum
1462 2186 1470 2210 ε
1504 2170 1566 2209 sed
1588 2181 1717 2210 tamen
1738 2185 1817 2210 non
1842 2185 1911 2210 ve-

507 2250 605 2281 reor,
637 2249 685 2274 ne
706 2236 792 2289 quis
813 2237 946 2276 audeat
967 2237 1107 2283 dicere,
1140 2238 1257 2276 ullius
1279 2239 1318 2276 in
1340 2238 1471 2276 Sicilia
1490 2238 1718 2293 quaesturam
1739 2247 1804 2276 aut
1823 2251 1911 2291 gra-

509 2303 649 2340 tiorem
680 2312 746 2341 aut
776 2304 976 2342 clariorem
1007 2304 1131 2344 fuiffe.
1164 2305 1263 2343 Vere
1295 2303 1533 2343 mehercules
1566 2304 1642 2343 hoc
1669 2305 1828 2344 dicam:
1860 2304 1910 2343 fic

508 2378 595 2407 tum
616 2369 897 2415 existimabam,
929 2370 1029 2408 nihil
1049 2370 1230 2410 homines
1251 2371 1356 2410 aliud
1375 2372 1528 2416 Romae,
1561 2371 1629 2410 nist
1651 2371 1697 2410 de
1725 2371 1912 2424 quaestura

507 2449 619 2482 mea,
652 2437 774 2492 loqui.
807 2438 1014 2478 Frumenti
1041 2439 1080 2478 in
1108 2437 1258 2479 summa
1279 2440 1433 2479 caritate
1453 2439 1673 2479 maximum
1700 2450 1911 2479 numerum
