2212 2835
651 150 791 188 PRO
852 150 958 189 CN.
1019 152 1372 192 PLANCIO.
1629 171 1712 211 439

374 249 465 288 VII.
499 249 622 300 Qid,
654 249 679 287 fi
702 249 836 302 populi
857 263 1012 302 quoque
1033 249 1178 288 factum
1207 251 1384 298 defendo,
1417 255 1640 302 Laterensis,
1672 268 1710 295 et

317 314 438 353 doceo
457 345 467 360 ,
499 316 574 353 Cn.
599 315 803 353 Plancium
831 329 908 354 non
935 316 1133 369 obrepsisse
1162 317 1208 355 ad
1234 316 1421 357 honorem
1442 350 1452 365 ,
1484 321 1545 359 sed
1571 336 1615 360 eo
1643 338 1711 362 ve-

317 381 409 419 niffe
445 381 570 426 cur-su,
601 382 669 433 qui
706 381 853 434 semper
887 383 1056 434 patuerit
1089 381 1316 422 hominibus
1351 387 1443 424 ortis
1476 387 1550 425 hoc
1582 390 1710 427 nostro

315 448 479 499 equestri
500 449 585 486 loco
608 449 621 484 ?
653 447 855 500 possumne
875 448 1019 500 eripere
1038 450 1201 486 orationi
1223 459 1295 488 tuae
1316 454 1605 493 contentionem
1627 458 1709 494 vesm

315 521 435 558 trum,
467 528 551 565 quae
579 514 727 551 tractari
753 514 829 551 fine
849 514 1086 551 contumelia
1108 528 1184 552 non
1206 516 1341 566 potest,
1373 526 1410 554 et
1432 528 1468 555 te
1489 521 1534 556 ad
1560 522 1709 560 causam

313 579 518 631 aliquando
539 579 762 631 crimenque
782 579 967 617 deducere
985 580 998 616 ?
1030 580 1081 624 Si,
1114 581 1218 632 quod
1239 583 1380 633 equitis
1415 585 1582 623 Romani
1606 587 1707 626 filius

312 644 377 688 est,
409 644 568 682 inferior
597 644 668 682 effe
699 645 860 690 debuit3
892 659 1026 684 omnes
1061 655 1191 685 tecum
1227 649 1404 700 equitum
1438 652 1708 692 Romanorum

312 709 383 747 filii
403 710 639 762 petiverunt.
684 709 799 748 Nihil
820 710 908 749 dico
928 711 1093 764 amplius
1113 727 1121 750 :
1154 711 1229 750 hoc
1252 723 1380 752 tamen
1401 717 1545 763 miror,
1577 733 1645 757 cur
1667 730 1708 758 tu

255 777 260 781 ’
311 774 404 814 huic
425 777 666 829 potiffimum
686 777 856 822 irascare,
887 778 956 830 qui
976 778 1195 831 longiffime
1221 793 1241 818 a
1261 789 1297 818 te
1324 781 1462 821 abfuit.
1495 785 1711 837 Equidem,

311 843 338 881 fi
371 843 539 895 quando,
575 852 617 881 ut
648 843 706 888 fit,
732 844 854 895 jactor
885 845 928 882 in
957 845 1085 891 turba,
1115 860 1192 884 non
1223 847 1338 886 illum
1371 851 1519 896 accuso,
1552 854 1620 905 qui
1655 854 1708 892 est

311 909 350 947 in
383 910 536 948 summa
565 909 664 948 sacra
694 910 765 954 via,
798 923 890 948 cum
921 925 992 964 ego
1024 912 1069 949 ad
1096 913 1263 951 Fabium
1284 914 1473 955 fornicem
1494 919 1704 971 impellor5

311 975 374 1014 sed
405 990 512 1021 eum,
543 977 611 1028 qui
642 976 683 1014 in
718 990 781 1014 me
812 977 939 1029 ipsum
970 978 1132 1016 incurrit
1160 990 1274 1032 atque
1302 982 1451 1021 incidit.
1487 987 1551 1023 Tu
1580 1001 1706 1039 neque

312 1043 521 1094 QPedio,
552 1041 644 1080 forti
665 1042 759 1087 viro,
791 1042 1000 1089 succenses,
1032 1058 1157 1098 neque
1183 1045 1276 1084 huic
1299 1049 1349 1086 A.
1374 1050 1514 1095 Plotio,
1546 1054 1703 1090 ornatis-

310 1108 407 1146 fimo
426 1107 594 1153 homini,
625 1107 806 1146 familiari
828 1122 944 1155 meo,
977 1119 1013 1148 et
1035 1111 1081 1148 ab
1100 1125 1157 1156 eo,
1181 1113 1249 1164 qui
1270 1113 1340 1152 hos
1361 1115 1538 1162 dimovit,
1560 1119 1705 1171 potiuS,

310 1188 427 1227 quam
449 1175 495 1212 ab
518 1175 577 1219 iis,
609 1175 677 1226 qui
698 1174 738 1212 in
760 1184 797 1212 te
818 1175 944 1227 ipsum
965 1176 1241 1223 incubuerunt,
1276 1188 1311 1216 te
1333 1181 1533 1234 depulsum
1557 1194 1680 1236 putas.

366 1240 440 1278 Sed
461 1250 590 1279 tamen
609 1240 691 1278 haec
713 1241 783 1278 tibi
806 1241 858 1278 est
878 1242 1004 1294 prima
1031 1256 1124 1281 cum
1151 1244 1310 1284 Plancio
1335 1249 1483 1299 generis
1510 1251 1618 1287 vestri
1645 1251 1704 1289 fa-

310 1306 507 1359 miliaeque
533 1307 731 1345 contentio
748 1336 761 1352 ,
792 1321 868 1359 qua
894 1308 959 1346 abs
989 1317 1026 1346 te
1054 1310 1249 1348 vincitur:
1282 1325 1351 1350 cur
1376 1315 1481 1352 enim
1510 1329 1586 1354 non
1608 1331 1704 1356 con-

309 1373 418 1411 fitear
434 1403 445 1419 ,
478 1373 582 1426 quod
603 1374 746 1412 neceffe
766 1374 818 1412 est
836 1375 849 1411 ?
880 1367 940 1412 sed
961 1389 1039 1413 non
1059 1375 1124 1414 hic
1147 1378 1269 1430 magis
1287 1408 1299 1423 ,
1331 1393 1447 1431 quam
1476 1396 1547 1435 ego
1568 1397 1587 1421 a
1608 1386 1703 1422 meis

309 1440 646 1493 competitoribus,
678 1449 716 1478 et
750 1440 854 1484 alias,
886 1450 922 1478 et
953 1442 993 1479 in
1027 1442 1245 1481 consulatus
1277 1447 1477 1496 petitione,
1511 1449 1702 1489 vincebam

309 1506 381 1543 Sed
402 1506 487 1543 vide
505 1535 516 1550 ,
548 1519 596 1542 ne
615 1504 697 1542 haec
718 1506 795 1557 ipsa
811 1535 821 1549 ‚
854 1519 938 1556 quae
960 1506 1120 1558 despicis
1138 1536 1149 1551 ,
1180 1507 1273 1546 huic
1301 1510 1499 1564 suffragata
1519 1514 1604 1553 sint.
1642 1518 1704 1554 Sic

308 1571 414 1608 enim
434 1570 691 1608 conferamus.
724 1571 791 1609 Est
813 1580 923 1609 tuum
956 1585 1099 1610 nomen
1131 1583 1291 1626 utraque
1321 1575 1470 1615 familia
1493 1581 1697 1620 consulare.

309 1638 422 1676 Num
444 1637 595 1675 dubitas
617 1637 749 1690 igitur,
781 1638 877 1690 quin
906 1651 1055 1682 omneS,
1088 1640 1155 1691 qui
1183 1639 1312 1679 favent
1334 1643 1542 1689 nobilitati,
1575 1649 1642 1698 qui
1663 1649 1702 1685 id

307 1711 446 1756 putant
466 1702 536 1740 effe
556 1701 881 1755 pulcherrimum,
913 1704 982 1755 qui
1002 1704 1251 1756 imaginibus,
1284 1708 1351 1759 qui
1372 1710 1596 1748 nominibus
1619 1712 1701 1750 ves-

307 1770 390 1814 tris,
416 1769 627 1813 ducuntur‚
659 1778 697 1806 te
717 1769 866 1807 aedilem
886 1768 1049 1808 fecerint
1068 1771 1080 1807 ?
1113 1771 1308 1823 Equidem
1331 1788 1409 1812 non
1430 1776 1579 1816 dubito.
1614 1779 1700 1823 Sed,

306 1836 333 1874 fi
353 1849 488 1888 parum
510 1835 627 1874 multi
647 1836 733 1874 sunt
749 1865 760 1882 ,
793 1837 861 1888 qui
882 1837 1127 1876 nobilitatem
1149 1848 1305 1883 ament;
1339 1855 1433 1878 num
1456 1842 1522 1880 ista
1543 1844 1594 1882 est
1615 1845 1699 1883 nos-

307 1912 363 1939 tra
394 1902 538 1954 culpa?
578 1902 740 1941 Etenim
768 1903 813 1941 ad
843 1914 959 1957 caput
987 1912 1025 1941 et
1055 1904 1100 1942 ad
1133 1903 1284 1944 fontem
1321 1908 1517 1960 utriusque
1552 1912 1700 1963 generis

304 1969 516 2006 veniamus.

363 2033 475 2071 VIII.
509 2035 574 2071 Tu
601 2047 639 2072 es
666 2048 713 2073 ex
742 2036 958 2088 municipio
985 2037 1247 2089 antiquiffimo
1276 2039 1512 2086 Tusculano,
1544 2055 1590 2079 ex
1622 2057 1701 2094 quo

308 2099 485 2152 plurimae
505 2099 661 2137 familiae
682 2100 767 2138 sunt
787 2102 998 2140 consulares
1018 2118 1026 2141 :
1059 2104 1099 2141 in
1122 2105 1262 2156 quibus
1283 2105 1335 2142 est
1355 2107 1470 2144 etiam
1492 2108 1697 2157 Juventia:

307 2174 402 2217 quot
423 2178 443 2202 e
464 2165 620 2217 reliquis
642 2167 867 2219 municipiis
889 2169 1071 2206 omnibus
1093 2183 1170 2207 non
1192 2170 1290 2208 sunt.
1324 2171 1406 2208 Hic
1427 2171 1479 2209 est
1499 2186 1518 2209 c
1538 2172 1697 2224 praefec-

307 2242 389 2270 tura
415 2233 580 2276 Atinati,
613 2246 689 2270 non
712 2242 789 2271 tam
811 2234 946 2286 prisca,
979 2249 1056 2273 non
1079 2245 1157 2273 tam
1178 2235 1376 2281 honorata,
1408 2252 1484 2275 non
1509 2247 1584 2275 tam
1607 2239 1697 2276 sub-

308 2299 462 2336 urbana.
501 2299 706 2348 Qantum
729 2300 898 2337 interesse
921 2302 975 2338 vis
998 2301 1043 2338 ad
1066 2302 1252 2339 rationem
1274 2303 1428 2354 petendi
1448 2303 1460 2338 ?
1492 2303 1668 2341 Primum
1684 2334 1696 2349 ,

308 2374 439 2401 utrum
461 2364 582 2414 magis
605 2362 728 2400 favere
748 2374 856 2415 putas
876 2366 1066 2409 Atinates,
1084 2379 1130 2403 an
1154 2367 1405 2410 Tusculanos,
1429 2366 1531 2403 suis?
1554 2368 1693 2414 Alteri,

310 2430 426 2482 (seire
453 2431 558 2467 enim
585 2428 659 2467 hoc
687 2439 841 2482 propter
868 2431 1104 2481 vicinitatem
1132 2431 1243 2470 facile
1270 2432 1443 2484 poffum)
1467 2446 1556 2471 cum
1581 2433 1697 2487 liujus
