2212 2835
438 208 514 247 266
942 201 1344 242 ORATIO

434 303 673 356 graviffimis.
706 301 799 339 Non
834 298 989 344 civitas,
1022 298 1085 337 sed
1116 297 1287 351 imperiti
1320 295 1522 341 homines,
1553 308 1574 333 a
1607 295 1824 334 Maeandrio

435 369 632 407 concitati.
665 369 757 419 Qo
789 367 875 404 loco
906 366 1023 404 etiam
1054 374 1168 418 atque
1193 364 1308 402 etiam
1336 362 1452 402 facite
1481 371 1525 401 ut
1552 361 1822 406 recordemini,

436 449 520 487 quae
540 434 585 472 fit
605 433 797 472 temeritas
824 431 1102 476 multitudinis,
1133 444 1218 483 quae
1242 430 1374 468 levitas
1401 428 1552 482 propria
1579 429 1823 472 Graecorum,

437 500 532 553 quid
553 500 593 538 in
613 499 800 538 concione
819 497 989 536 seditiosa
1009 497 1129 536 valeat
1154 497 1289 535 oratio.
1321 496 1417 540 Hic,
1448 495 1489 533 in
1513 493 1586 533 hac
1611 493 1827 547 graviffima

437 575 474 604 et
505 564 799 604 moderatiffima
828 564 996 608 civitate,
1027 576 1119 601 cum
1149 562 1201 600 est
1226 561 1355 600 forum
1382 561 1542 614 plenum
1568 559 1824 612 judiciorum,

437 632 599 685 plenum
620 631 924 682 magistratuum,
958 630 1117 682 plenum
1138 629 1378 682 optimorum
1399 628 1569 665 virorum
1596 634 1635 664 et
1660 625 1824 669 civium,

439 712 530 736 cum
551 698 765 751 speculatur
785 705 898 748 atque
917 695 1063 733 obfidet
1079 695 1193 733 rostra
1212 695 1351 733 vindex
1373 693 1613 738 temeritatis,
1630 701 1669 730 et
1689 690 1826 730 mode-

438 764 555 802 ratrix
576 763 709 807 officii,
740 762 872 805 curia,
905 769 1034 798 tamen
1060 768 1223 811 quantos
1247 759 1384 797 fluCffls
1410 759 1569 797 excitari
1588 758 1826 796 concionum

438 829 608 867 videtis?
641 827 750 879 Qid
781 839 846 864 vos
877 825 960 864 fieri
990 825 1149 863 censetis
1180 824 1410 863 Trallibus?
1442 837 1488 861 an
1514 823 1569 868 id,
1599 823 1704 875 quod
1732 824 1826 861 Per-

439 895 573 948 gami?
605 894 674 932 nisi
701 892 800 931 forte
824 891 884 930 hae
909 891 1080 930 civitates
1104 890 1311 930 existimari
1338 889 1488 935 volunt,
1518 887 1670 926 facilius
1698 901 1774 926 una
1792 887 1828 926 se

437 961 596 1014 epistola
626 958 870 998 Mithridatis
901 958 1049 996 moveri
1079 957 1309 1011 impellique
1339 954 1514 1010 potuisse,
1545 963 1590 994 ut
1615 954 1830 993 amicitiam

437 1027 573 1080 populi
594 1026 778 1071 Romani,
801 1025 918 1063 fidem
939 1025 1059 1070 suam,
1071 1025 1160 1077 jura
1178 1024 1310 1062 omnia
1329 1023 1464 1068 officii,
1485 1020 1828 1073 humanitatisque,

438 1093 653 1139 violarent,
685 1106 802 1145 quam
833 1100 876 1130 ut
908 1091 1036 1129 filium
1068 1091 1287 1129 testimonio
1317 1090 1510 1135 laederent,
1541 1089 1651 1141 cujus
1682 1096 1830 1141 patrem

438 1159 552 1198 armis
572 1158 797 1212 pellendum
816 1171 837 1195 a
856 1157 931 1195 suis
952 1157 1148 1195 moenibus
1168 1155 1406 1195 censuissent.

495 1227 626 1277 Qare
645 1224 766 1263 nolite
785 1222 886 1262 mihi
905 1223 972 1261 ista
992 1223 1150 1261 nomina
1170 1223 1371 1261 civitatum
1392 1221 1584 1260 nobilium
1609 1233 1828 1274 opponere:

441 1304 537 1344 quos
568 1290 674 1329 enim
709 1289 833 1328 hostes
866 1288 947 1328 haec
980 1288 1127 1327 familia
1162 1289 1406 1341 contempfit,
1441 1301 1644 1340 nunquam
1677 1286 1831 1324 eosdem

441 1356 551 1396 testes
585 1356 842 1410 pertimescet.
873 1356 997 1394 Vobis
1032 1365 1162 1394 autem
1195 1355 1248 1393 est
1283 1354 1566 1399 confitendum,
1604 1354 1631 1391 fi
1664 1352 1831 1391 confiliis

440 1423 664 1477 principum
685 1422 812 1461 vestrae
837 1422 1008 1460 civitates
1035 1430 1246 1474 reguntur,
1279 1435 1355 1459 non
1381 1420 1651 1459 multitudinis
1673 1418 1830 1457 temeri-

441 1498 532 1534 tate,
563 1488 626 1527 sed
655 1488 891 1541 optimatum
921 1486 1093 1531 confilio,
1124 1486 1271 1525 bellum
1303 1486 1350 1524 ab
1381 1486 1459 1524 istis
1491 1486 1710 1524 civitatibus
1738 1498 1831 1522 cum

442 1555 589 1609 populo
609 1555 790 1593 Romano
809 1552 881 1592 effe
900 1553 1118 1606 susceptum
1136 1567 1145 1591 :
1178 1553 1232 1590 fin
1251 1551 1318 1590 ille
1339 1561 1424 1590 tum
1446 1561 1575 1590 motus
1602 1551 1654 1589 est
1674 1550 1832 1589 temeri-

443 1630 517 1660 tate
535 1620 807 1673 imperitorum
827 1619 1037 1665 excitatus,
1056 1619 1260 1672 patiamini
1280 1631 1343 1656 me
1359 1617 1496 1657 delicta
1513 1617 1619 1670 vulgi
1638 1631 1658 1655 a
1676 1616 1835 1670 publica

444 1687 549 1726 causa
568 1686 746 1740 separare.
781 1694 784 1697 ’

499 1754 631 1792 XXV.
665 1755 719 1792 At
757 1753 862 1791 enim
901 1751 1009 1790 istam
1048 1750 1253 1804 pecuniam
1291 1749 1384 1787 huic
1423 1763 1555 1802 capere
1593 1762 1671 1787 non
1704 1748 1830 1786 licuit.

445 1819 727 1862 Utrumvultis
747 1819 845 1871 patri
866 1817 997 1856 Flacci
1017 1816 1175 1861 licuifl'e,
1206 1815 1357 1854 necne?
1389 1815 1426 1853 Si
1447 1815 1572 1859 licuit,
1604 1815 1711 1852 sicuti
1733 1823 1834 1852 certe

443 1886 555 1924 licuit
570 1903 582 1930 5
615 1885 660 1922 ad
679 1885 759 1936 ejus
780 1883 943 1922 honores
964 1883 1160 1928 collatam,
1190 1896 1237 1920 ex
1253 1882 1395 1934 quibus
1416 1881 1494 1934 ipse
1520 1880 1620 1919 nihil
1645 1881 1833 1934 capiebat,

444 1952 561 2005 patris
588 1951 792 2003 pecuniam
821 1952 919 1988 reete
945 1950 1100 1988 abstulit
1126 1949 1257 1987 filius:
1289 1948 1316 1986 fi
1344 1962 1421 1986 non
1442 1948 1584 1993 licuit;
1618 1957 1745 1986 tamen
1766 1947 1835 1985 illo

444 2027 601 2056 mortuo
621 2030 699 2055 non
719 2017 836 2055 modo
856 2016 973 2061 filius,
1005 2016 1065 2054 sed
1085 2016 1211 2068 quivis
1231 2014 1354 2060 heres,
1385 2014 1584 2053 re&iffime
1610 2014 1739 2066 potuit
1764 2027 1834 2051 au-

444 2084 556 2123 ferre.
589 2085 648 2121 Ac
677 2092 762 2122 tum
788 2083 947 2135 quidem
973 2082 1177 2126 Tralliani,
1208 2095 1300 2120 cum
1326 2081 1394 2134 ipsi
1420 2081 1525 2134 gravi
1553 2080 1700 2118 foenore
1726 2080 1837 2118 istam

446 2150 649 2203 pecuniam
678 2149 822 2188 multos
851 2162 968 2187 annos
996 2148 1290 2201 occupavissent,
1322 2161 1342 2185 a
1369 2147 1510 2186 Flacco
1538 2156 1666 2185 tamen
1687 2147 1834 2190 omnia,

446 2231 531 2269 quae
552 2217 768 2260 voluerunt,
799 2216 1123 2268 impetraverunt:
1156 2228 1280 2267 neque
1300 2222 1379 2252 tam
1400 2212 1555 2252 fuerunt
1574 2213 1834 2266 impudentes,

448 2294 489 2321 ut
510 2283 564 2328 id,
595 2281 700 2335 quod
720 2282 862 2321 Laelius
883 2282 995 2327 dixit,
1026 2282 1151 2320 dicere
1171 2281 1367 2325 auderent,
1391 2279 1490 2318 hanc
1511 2280 1558 2318 ab
1578 2280 1612 2318 se
1630 2280 1834 2333 pecuniam

447 2349 635 2387 abstulisse
662 2347 950 2387 Mithridatem.
982 2349 1082 2399 Qis
1110 2347 1214 2386 enim
1240 2356 1330 2392 erat,
1362 2348 1429 2399 qui
1457 2360 1534 2385 non
1555 2346 1678 2390 sciret,
1710 2346 1749 2383 in
1770 2358 1833 2382 or-

447 2415 580 2452 nandis
600 2415 861 2454 studiofiorem
888 2412 1176 2459 Mithridatem,
1208 2426 1324 2466 quam
1352 2413 1392 2451 in
1419 2413 1635 2466 spoliandis,
1667 2410 1835 2450 Trallia-

448 2481 506 2518 nis
535 2479 642 2519 fniffe
662 2480 674 2517 ?
