2212 2835
373 144 448 186 154
879 125 1278 167 ORATIO

366 229 505 280 putas?
529 227 599 266 Sed
621 233 831 265 moreretur
851 224 956 277 prius
977 222 1212 261 acerbiffima
1232 229 1356 259 morte
1377 220 1519 259 millies
1540 218 1758 263 Gracchus,

368 307 486 345 quam
517 293 557 330 in
588 293 668 344 ejus
700 290 886 328 concione
916 288 1087 326 carnifex
1118 286 1357 326 confisteret:
1390 300 1507 339 quem
1538 299 1616 324 non
1642 285 1759 324 modo

367 359 465 404 foro,
496 358 557 396 sed
577 357 693 395 etiam
714 355 807 394 caelo
833 354 908 393 hoc
939 368 981 393 ac
1008 353 1143 406 spiritu
1170 352 1345 391 censoriae
1373 353 1489 406 leges,
1520 361 1636 404 atque
1656 351 1761 390 urbis

369 424 584 469 domicilio,
606 436 729 461 carere
749 421 967 460 voluerunt.
1000 421 1081 459 Hic
1103 420 1137 458 se
1158 419 1383 473 popularem
1406 419 1530 457 dicere
1551 417 1677 462 audet,
1699 430 1762 455 me

368 490 538 528 alienum
563 503 584 527 a
610 488 828 527 commodis
856 486 1016 524 vestris?
1049 499 1139 523 cum
1167 485 1233 523 iste
1259 498 1392 523 omnes
1421 494 1458 522 et
1484 483 1763 537 suppliciorum

368 564 407 593 et
441 555 647 594 verborum
681 553 918 596 acerbitates,
954 565 1031 590 non
1067 565 1114 589 ex
1149 551 1337 589 memoria
1367 550 1496 595 vestra,
1535 563 1576 588 ac
1608 558 1764 602 patrum

369 621 596 666 vestrorum,
626 620 688 658 sed
709 633 756 658 ex
775 618 972 657 annalium
993 617 1273 661 monumentis,
1295 626 1409 669 atque
1428 630 1475 654 ex
1495 629 1630 668 regum
1650 628 1761 653 com-

371 687 583 732 mentariis,
618 685 895 738 conquifierit3
932 698 1003 736 ego
1039 684 1221 722 omnibus
1256 683 1351 720 meis
1387 683 1540 735 opibus,
1579 681 1761 720 omnibus

371 753 554 797 confiliis,
585 752 768 791 omnibus
798 751 910 789 dictis
936 760 1050 802 atque
1075 749 1197 793 factis,
1228 749 1474 801 repugnarim
1503 758 1541 786 et
1562 748 1763 786 restiterim

371 819 604 858 crudelitati.
638 818 724 857 Nifi
745 816 845 856 forte
865 815 966 855 hanc
986 816 1251 854 conditionem
1271 815 1380 852 vobis
1401 815 1472 852 effe
1491 815 1621 858 vultis,
1644 828 1762 866 quam

371 886 478 931 servi,
511 885 536 923 fi
568 884 754 923 libertatis
785 883 890 936 spem
922 881 1153 935 propositam
1184 894 1262 918 non
1292 879 1491 925 haberent,
1526 878 1623 917 ferre
1654 879 1762 918 nullo

373 951 492 990 modo
512 950 672 1004 poffent.

427 1017 570 1056 Misera
595 1016 649 1055 est
674 1015 1142 1068 ignominiajudiciorum
1171 1014 1434 1068 publicorum,
1466 1011 1600 1052 misera
1619 1012 1766 1051 multa-

372 1084 428 1122 tio
447 1084 655 1128 bonorum,
686 1082 870 1121 miserum
891 1082 1081 1120 exilium:
1114 1080 1176 1119 sed
1196 1090 1324 1118 tamen
1346 1081 1385 1118 in
1412 1080 1521 1119 omni
1549 1079 1766 1117 calamitate

373 1151 558 1189 retinetur
577 1149 735 1202 aliquod
754 1148 958 1201 vestigium
975 1147 1176 1185 libertatis.
1208 1147 1320 1185 Mors
1342 1146 1508 1198 denique
1528 1146 1552 1184 fi
1577 1145 1764 1198 proponi-

373 1226 449 1262 tur,
479 1217 521 1254 in
540 1216 716 1254 libertate
735 1215 961 1253 moriamur.
995 1212 1178 1252 Carnifex
1204 1226 1305 1257 vero,
1337 1221 1374 1250 et
1401 1211 1586 1250 obductio
1613 1211 1764 1264 capitis,

372 1293 410 1321 ct
430 1296 572 1321 nomen
593 1281 719 1335 ipsum
740 1282 879 1325 crucis,
909 1280 1004 1318 abfit
1023 1293 1101 1318 non
1129 1279 1247 1317 modo
1274 1292 1295 1316 a
1320 1291 1477 1331 corpore
1504 1278 1651 1316 civium
1679 1278 1764 1316 Ro-

374 1362 595 1392 manorum,
637 1347 697 1385 sed
731 1347 847 1385 etiam
881 1360 902 1384 a
935 1346 1182 1398 cogitatione,
1222 1344 1359 1389 oculis,
1401 1344 1569 1382 auribus.
1611 1344 1767 1382 Harum

374 1415 479 1454 enim
509 1414 690 1453 omnium
721 1426 849 1451 rerum
877 1426 955 1450 non
982 1412 1107 1450 solum
1135 1420 1308 1455 eventus,
1339 1420 1452 1463 atque
1479 1409 1674 1464 perpeffio,
1705 1409 1767 1448 sed

374 1482 491 1520 etiam
522 1480 708 1524 conditio,
740 1478 966 1532 expectatio,
997 1477 1145 1515 mentio
1174 1477 1252 1529 ipsa
1282 1477 1461 1529 denique,
1498 1476 1655 1528 indigna
1684 1476 1768 1513 cive

377 1548 559 1586 Romano
578 1554 693 1597 atque
709 1543 869 1582 homine
889 1543 1012 1582 libero
1031 1542 1097 1580 est.
1134 1544 1199 1580 An
1219 1555 1308 1580 vero
1325 1541 1445 1580 servos
1463 1541 1607 1579 nostros
1626 1539 1770 1579 horum

375 1613 653 1666 suppliciorum
673 1610 854 1649 omnium
875 1618 983 1647 metu
1004 1608 1254 1647 dominorum
1276 1607 1493 1661 benignitas
1510 1620 1586 1645 una
1602 1606 1769 1645 vindicta

375 1679 580 1718 liberabit:
613 1691 682 1716 nos
702 1691 723 1715 a
743 1676 978 1720 verberibus,
1009 1675 1056 1713 ab
1077 1689 1192 1720 unco,
1223 1688 1243 1712 a
1265 1674 1390 1713 crucis
1417 1674 1582 1725 denique
1611 1682 1765 1718 terrore,

376 1759 501 1798 neque
522 1759 578 1784 res
599 1744 723 1798 gestae,
755 1755 880 1795 neque
899 1743 979 1780 acta
1004 1749 1104 1786 aetas,
1135 1753 1259 1793 neque
1286 1740 1401 1778 nostri
1427 1738 1605 1784 honores,
1636 1739 1764 1777 vindi-

376 1813 519 1851 cabunt
537 1812 554 1863 ?>

432 1877 702 1929 Qamobrem
733 1874 868 1919 fateor,
898 1882 1013 1926 atque
1043 1873 1173 1917 etiam,
1204 1872 1258 1910 T.
1292 1871 1474 1916 Labiene,
1506 1870 1699 1924 profiteor,
1730 1880 1768 1910 et

377 1958 451 1997 prae
472 1957 535 1982 me
558 1942 652 1988 fero,
685 1951 721 1980 te
749 1955 796 1979 ex
822 1940 889 1978 illa
914 1939 1073 1983 crudeli,
1104 1940 1338 1991 importuna,
1371 1951 1448 1976 non
1476 1937 1677 1975 tribunitia
1703 1950 1767 1975 ac—

378 2011 495 2055 tione,
524 2010 584 2048 sed
605 2008 719 2061 regia,
741 2021 828 2046 meo
849 2006 1019 2051 consilio,
1040 2006 1195 2050 virtute,
1218 2005 1439 2042 auctoritate
1459 2004 1529 2042 effe
1548 2003 1768 2056 depulsum.

380 2078 469 2128 Qa
488 2084 530 2114 tu
551 2076 590 2113 in
611 2074 758 2112 actione
784 2085 1008 2125 quanquam
1035 2071 1167 2109 omnia
1192 2070 1372 2123 exempla
1395 2071 1601 2121 majorum,
1634 2083 1768 2108 omnes

378 2143 494 2195 leges,
534 2154 693 2178 omnem
728 2138 993 2177 auctoritatem
1027 2137 1191 2182 senatus,
1230 2150 1364 2174 omnes
1400 2136 1619 2187 religioneS,
1655 2144 1770 2187 atque

378 2208 633 2261 auspiciorum
662 2205 933 2259 publicajura,
963 2203 1191 2256 neglexisti3
1224 2212 1353 2241 tamen
1381 2216 1400 2240 a
1428 2216 1489 2240 me
1516 2201 1598 2240 hzec
1625 2201 1666 2239 in
1693 2200 1769 2239 hoc

378 2286 458 2313 tam
486 2274 628 2326 exiguo
655 2286 742 2310 meo
769 2282 942 2323 tempore
968 2284 1045 2308 non
1077 2270 1220 2308 audies.
1253 2269 1440 2307 Liberum
1475 2277 1627 2321 tempus
1655 2268 1768 2306 nobis

377 2341 530 2380 dabitur
549 2340 596 2377 ad
616 2338 725 2376 istam
745 2337 1060 2389 disceptationem
1079 2331 1089 2374 :'
1121 2349 1225 2373 nunc
1246 2335 1292 2373 de
1314 2335 1506 2375 Saturnini
1526 2333 1704 2379 crimine,
1725 2346 1767 2372 ac

376 2408 422 2446 de
443 2405 635 2445 clariffimi
658 2403 780 2457 patrui
803 2403 859 2442 tui
880 2411 1018 2449 morte,
1049 2402 1237 2441 dicemus.
