2212 2835
502 202 577 258 318
1010 195 1413 235 ORATIO

501 297 721 337 testimonio
738 325 750 342 ,
793 301 980 334 venerunt
1000 310 1012 338 ς
1060 291 1129 346 qui
1173 291 1279 331 hunc
1325 290 1561 345 adscriptum
1605 291 1897 332 Heracliensem

501 366 651 403 dicunt.

556 431 638 470 Hic
667 439 709 468 tu
735 428 882 468 tabulas
910 425 1092 465 desideras
1122 425 1432 464 Heracliensium
1460 424 1636 478 publicas
1654 454 1666 471 ,
1697 438 1790 478 quas
1816 425 1896 463 Ita·—

500 498 578 537 lico
598 497 715 541 bello,
743 494 897 534 incenso
919 492 1120 538 tabulario,
1141 492 1307 531 interiffe
1327 492 1469 530 scimus
1490 505 1638 531 omnes.
1662 492 1731 531 Est
1749 491 1899 530 ridicu-

500 565 601 609 lum,
632 563 678 601 ad
698 576 754 608 ea,
786 575 870 614 quae
890 559 1094 604 habemus,
1125 557 1226 597 nihil
1250 558 1376 596 dicere
1391 577 1403 604 ς
1436 572 1616 611 quaerere,
1648 572 1734 612 quae
1759 557 1901 596 habere

502 644 582 670 non
602 629 797 684 poffumus
816 642 825 666 :
857 636 895 665 et
915 626 961 664 de
980 624 1189 664 hominum
1210 625 1398 663 memoria
1418 634 1555 670 tacere,
1586 625 1785 663 literarum
1811 636 1899 662 me-

503 697 669 736 moriam
691 694 858 746 flagitare
877 707 886 730 z
918 700 957 729 et
973 720 984 736 ,
1016 705 1109 729 cum
1129 689 1267 728 habeas
1294 690 1517 743 ampliffimi
1542 690 1614 729 viri
1640 691 1871 743 religionem
1886 717 1899 735 ‚

502 762 744 815 integerrimi
765 758 974 811 municipii
987 756 1261 809 jusjurandum
1283 756 1494 809 fidemque,
1523 770 1581 803 ea,
1602 771 1686 810 quae
1706 756 1901 810 depravari

502 829 612 869 nullo
633 828 751 866 modo
771 825 938 880 poss‘unt,
969 823 1168 877 repudiare
1185 841 1198 869 ς
1230 823 1392 869 tabulas,
1423 836 1518 876 quas
1537 823 1643 862 idern
1662 824 1759 863 dicis
1786 823 1902 863 solere

503 894 715 947 corrumpi,
746 891 965 931 desiderare.

560 963 617 1000 At
637 959 886 1000 domicilium
906 958 1045 996 Romae
1071 970 1150 995 non
1176 954 1342 994 habuit:
1374 955 1405 994 is
1424 984 1436 1001 ,
1467 955 1564 1008 qui,
1595 964 1654 994 tot
1679 956 1788 994 annis
1815 964 1904 995 ante

504 1029 703 1068 civitatem
725 1027 852 1065 datam
869 1055 881 1071 ,
912 1024 1040 1063 sedem
1066 1023 1247 1062 omnium
1273 1036 1402 1061 rerum
1421 1036 1464 1061 ae
1484 1021 1730 1061 fortunarum
1750 1022 1904 1062 suarum

505 1096 644 1135 Romae
664 1093 884 1133 collocavit.
916 1093 972 1130 At
997 1104 1076 1130 non
1104 1090 1157 1129 est
1185 1088 1383 1143 professus.
1416 1091 1548 1128 Immo
1573 1103 1662 1128 vero
1686 1090 1734 1128 iis
1764 1089 1904 1128 tabulis

505 1161 689 1216 profeffus
708 1191 719 1206 ‚
750 1173 836 1213 quae
856 1158 942 1197 solae
962 1171 1010 1196 ex
1030 1157 1096 1196 illa
1116 1156 1371 1210 profeffione',
1403 1156 1645 1209 collegioque
1666 1165 1875 1210 praetorum
1891 1183 1903 1202 ,

505 1230 684 1268 obtinent
704 1227 951 1281 publicarum
973 1224 1192 1262 tabularum
1212 1225 1493 1262 auctoritatem.

563 1296 614 1332 V.
648 1293 754 1332 Nam
771 1321 782 1337 ,
814 1305 907 1330 cum
936 1290 1057 1343 Appii
1086 1290 1224 1327 tabula:
1245 1289 1503 1342 negligentius
1524 1288 1708 1327 affervatae
1729 1289 1905 1327 diceren-

506 1370 597 1406 tur3
631 1359 808 1403 Gabinii,
839 1356 1029 1410 quamdiu
1049 1354 1259 1393 incolumis
1279 1353 1371 1399 fuit,
1402 1354 1549 1399 levitas,
1581 1354 1663 1407 post
1686 1354 1906 1392 damnatio-

507 1441 599 1466 nem
617 1426 826 1469 calamitas,
859 1435 1018 1462 omnem
1039 1421 1259 1459 tabularum
1285 1420 1405 1459 fidem
1428 1419 1668 1474 refignaffet:
1701 1420 1906 1466 Metellus,

508 1494 630 1533 homo
660 1491 909 1532 sanetiffimus
940 1486 1312 1540 modestissimusque
1340 1488 1539 1533 omnium,
1570 1496 1675 1526 tanta
1707 1487 1909 1540 diligentia

508 1561 610 1606 fuit,
642 1569 685 1599 ut
706 1559 752 1598 ad
773 1559 821 1597 L.
845 1555 1063 1595 Lentulum
1082 1563 1312 1609 praetorem,
1343 1563 1382 1593 et
1401 1554 1614 1607 adjudices
1628 1583 1640 1600 ,
1671 1555 1841 1601 venerit,
1871 1562 1911 1594 et

507 1628 621 1667 unius
643 1625 813 1665 nominis
833 1624 950 1662 litura
969 1622 1005 1660 se
1025 1630 1274 1661 commotum
1294 1620 1366 1660 esse
1385 1621 1538 1660 dixerit.
1556 1621 1635 1660 His
1654 1621 1776 1675 igitur
1792 1621 1909 1660 tabu-

508 1695 555 1733 lis
577 1693 727 1732 nullam
748 1692 906 1730 lituram
926 1689 968 1727 in
988 1700 1132 1727 nomen
1156 1689 1207 1726 A.
1229 1688 1376 1726 Licinii
1396 1688 1547 1726 videtis.

565 1762 665 1812 Qae
686 1772 779 1797 cum
801 1758 854 1795 ita
874 1757 946 1795 sint
960 1784 971 1800 ‚
1003 1754 1098 1807 quid
1117 1752 1170 1791 est
1183 1782 1194 1798 ,
1226 1753 1332 1805 quod
1352 1753 1398 1790 de
1417 1754 1498 1805 ejus
1520 1752 1675 1791 civitate
1695 1752 1880 1792 dubitetis
1894 1781 1908 1799 ,

508 1826 719 1880 praesertim
740 1837 833 1863 cum
853 1822 936 1860 aliis
957 1833 1114 1873 quoque
1135 1819 1175 1857 in
1195 1818 1417 1857 civitatibus
1438 1817 1556 1856 fuerit
1573 1818 1814 1871 adscriptus?
1834 1820 1908 1858 Et-

506 1895 632 1937 enim,
662 1904 755 1929 cum
776 1887 1039 1928 mediocribus
1059 1885 1210 1930 multis,
1235 1894 1273 1924 et
1291 1894 1357 1923 aut
1377 1884 1497 1930 nulla,
1518 1894 1582 1923 aut
1602 1883 1747 1922 humili
1766 1885 1908 1938 aliqua,

512 1969 591 1997 arte
612 1957 778 2012 praeditis
796 1985 806 2001 ,
839 1955 1007 2009 gratuito
1027 1953 1226 1992 civitatem
1254 1952 1294 1990 in
1322 1952 1473 1990 Graecia
1498 1951 1677 1990 homines
1704 1951 1908 2005 impertie—

514 2027 681 2069 bantur;
714 2022 915 2075 Rheginos
935 2020 1064 2065 credo,
1095 2028 1161 2058 aut
1181 2017 1403 2063 Locrenses,
1435 2027 1500 2057 aut
1521 2018 1814 2071 Neapolitanos,
1846 2028 1911 2058 aut

511 2091 744 2131 Tarentinos
762 2119 773 2134 ‚
805 2088 911 2141 quod
930 2086 1089 2125 scenicis
1111 2085 1321 2123 artificibus
1342 2085 1470 2138 largiri
1492 2084 1662 2123 solebant
1679 2114 1689 2130 ,
1720 2085 1761 2123 id
1786 2084 1880 2124 huic
1897 2114 1909 2131 ,
1941 2127 1944 2129 ,

514 2159 664 2198 summa
685 2156 831 2209 ingenii
851 2155 1011 2208 praedito
1029 2153 1164 2207 gloria,
1196 2152 1368 2191 noluiffe.
1402 2145 1510 2203 Qud
1530 2152 1543 2189 ?
1575 2165 1666 2190 cum
1686 2153 1812 2190 caeteri
1833 2166 1911 2191 non

514 2226 633 2265 modo
654 2225 735 2278 post
756 2224 953 2261 civitatem
973 2221 1116 2266 datam,
1148 2220 1208 2258 sed
1234 2220 1350 2258 etiam
1373 2219 1455 2272 post
1481 2219 1607 2271 legem
1634 2219 1807 2273 Papiam,
1839 2219 1910 2257 ali-

513 2307 595 2346 quo
617 2292 733 2331 modo
753 2292 792 2328 in
814 2303 946 2328 eorum
968 2287 1276 2340 municipiorum
1297 2286 1444 2324 tabulas
1465 2286 1708 2339 irrepseriut5
1740 2285 1821 2331 hic,
1842 2286 1912 2338 qui

515 2374 565 2398 ne
587 2360 709 2398 utitur
730 2358 888 2411 quidem
909 2356 986 2393 illis
1003 2385 1015 2400 ‚
1046 2355 1086 2392 in
1107 2355 1249 2406 quibus
1271 2353 1323 2391 est
1350 2353 1510 2406 scriptus
1528 2382 1538 2399 ,
1570 2353 1676 2408 quod
1702 2352 1849 2406 semper
1877 2351 1912 2390 se

516 2425 805 2465 Heracliensem
826 2423 897 2462 effe
918 2422 1055 2467 voluit,
1087 2421 1278 2473 rejicietur
1297 2421 1310 2458 ?

572 2492 719 2531 Census
739 2491 884 2530 nostros
905 2489 1068 2543 requiris
1089 2487 1233 2528 scilicet
1252 2502 1261 2527 ι
1284 2487 1336 2526 est
1355 2487 1460 2526 enim
1481 2487 1703 2531 obscurum,
1722 2483 1912 2538 proximis
