2212 2835
685 209 824 249 PRO
885 214 989 251 CN.
1052 212 1405 257 PLANCIO.
1669 240 1741 279 45:

348 296 372 334 i}
407 299 600 351 gravitatis
635 302 706 340 effe
741 306 900 356 putasses
937 317 1042 353 tuae,
1072 311 1176 362 quod
1211 314 1327 352 multi
1366 316 1513 355 nobiles
1553 318 1646 371 saepe
1684 319 1744 357 fe-

345 376 494 411 cerunt,
531 378 587 413 ut,
623 383 718 408 cum
753 373 882 411 minus
918 375 1116 414 valuiffent
1149 378 1351 432 suffragiis,
1388 397 1504 434 quam
1540 385 1742 437 putassent,

343 431 485 480 postea,
516 434 672 485 prolatis
708 438 893 484 comitiis,
926 440 1203 491 prosternerent
1238 445 1286 488 se,
1317 455 1355 483 et
1386 449 1531 500 populo
1564 451 1743 490 Romano

319 494 462 534 .fra6to
482 500 613 537 animo
634 510 748 553 atque
768 501 911 541 humili
932 504 1218 558 supplicarent;
1251 524 1329 548 non
1350 511 1502 559 dubito,
1534 517 1628 567 quin
1650 532 1739 556 om—

341 563 400 600 nis
421 564 467 601 ad
497 574 533 602 te
561 568 785 606 conversura
804 570 840 606 se
860 569 978 609 fuerit
999 573 1213 613 multitudo
1232 591 1240 614 :
1274 591 1476 631 nunquam
1497 583 1602 619 enim
1624 585 1739 622 nobi-

340 627 440 672 litas,
472 630 621 683 integra
640 634 848 684 praesertim
871 645 985 689 atque
1007 639 1206 687 innocens,
1238 656 1258 680 a
1277 646 1424 697 populo
1448 647 1627 687 Romano
1649 648 1739 703 sup-

336 695 426 746 plex
461 697 656 748 repudiata
690 699 780 739 fuit.
825 703 921 748 Sed,
955 704 979 742 fi
1016 706 1086 744 tibi
1120 708 1282 760 gravitas
1318 720 1406 756 tua,
1437 722 1476 751 et
1509 716 1739 768 magnitudo

336 760 472 806 animi,
502 763 624 814 pluris
646 764 735 810 fuit,
769 766 863 806 ficut
886 768 958 807 effe
978 770 1126 818 debuit,
1158 788 1276 826 quam
1296 776 1483 825 aedilitas;
1517 781 1611 826 noli,
1643 796 1737 821 cum

333 825 472 865 habeas
509 829 562 873 id,
593 831 699 882 quod
734 833 930 879 malueris,
962 836 1165 877 desiderare
1199 841 1253 886 id,
1284 844 1390 895 quod
1424 846 1586 886 minoris
1621 857 1734 901 puta-

334 893 398 930 ris.
427 894 623 946 Equidem
644 897 833 949 primum,
858 910 900 939 ut
919 900 1065 941 honore
1085 905 1225 958 dignus
1246 907 1375 954 effem,
1397 912 1568 950 maxime
1588 914 1736 968 semper

331 958 524 998 laboravi:
549 961 728 1009 secundo,
751 974 794 1003 ut
813 967 1073 1009 existimarer:
1098 973 1255 1011 tertium
1276 974 1376 1013 mihi
1396 976 1473 1016 fuit
1492 978 1604 1024 illud,
1627 983 1732 1034 quod

331 1025 520 1079 plerisque
552 1029 727 1080 primum
759 1031 825 1077 est,
856 1034 934 1086 ipse
965 1033 1116 1076 honos:
1149 1040 1218 1091 qui
1249 1040 1296 1079 iis
1326 1042 1493 1096 denique
1520 1045 1635 1085 debet
1661 1048 1732 1086 effe

322 1092 535 1141 jucundus,
555 1107 721 1146 quorum
743 1097 921 1149 dignitati
943 1102 1109 1155 populus
1131 1104 1333 1145 Romanus
1354 1109 1634 1158 testimonium,
1653 1127 1731 1153 non

329 1156 564 1198 beneficium
584 1160 803 1208 ambitioni,
836 1164 955 1204 dedit.

384 1225 496 1264 XXI.
531 1227 681 1279 Qaeris
702 1230 835 1277 etiam,
866 1233 1093 1281 Laterenfis,
1124 1238 1219 1290 quid
1246 1239 1484 1294 imaginibus
1512 1245 1602 1290 tuis,
1634 1247 1727 1298 quid

326 1291 562 1331 ornatiffimo
597 1303 712 1346 atque
746 1298 898 1350 optimo
934 1301 1029 1347 viro,
1059 1304 1159 1355 patri
1189 1315 1270 1351 tuo,
1302 1307 1524 1361 respondeas
1556 1323 1724 1352 mortuo.

325 1356 424 1395 Noli
445 1359 512 1397 ista
533 1361 710 1400 meditari
729 1377 737 1402 :
770 1373 885 1416 atque
911 1366 1009 1406 illud
1032 1382 1127 1407 cave
1146 1372 1290 1423 potius,
1321 1387 1370 1412 ne
1391 1384 1455 1414 tua
1474 1377 1541 1415 ista
1559 1380 1725 1430 querela,

322 1422 512 1478 dolorque
532 1427 693 1474 nimius,
725 1430 772 1468 ab
797 1431 875 1470 illis
897 1433 1177 1485 sapientiffimis
1198 1438 1287 1477 viris
1308 1441 1617 1493 reprehendatur.
1651 1446 1724 1484 Vi-

325 1489 383 1528 dit
404 1492 510 1530 enim
532 1503 636 1545 pater
657 1504 745 1533 tuus
764 1526 775 1540 ,
807 1498 985 1550 Appium
1012 1500 1226 1541 Claudium
1245 1532 1256 1548 ,
1288 1506 1570 1548 nobiliffimum
1590 1510 1723 1550 homi-

322 1569 429 1602 nem,
462 1559 548 1596 vivo
574 1569 680 1612 patre
707 1561 787 1608 suo,
818 1565 1080 1616 potentiffimo
1100 1577 1138 1606 et
1165 1569 1372 1611 clariffimo
1400 1574 1496 1620 cive,
1529 1577 1576 1615 C.
1601 1578 1722 1616 Clau-

319 1621 400 1668 dio,
432 1624 580 1663 aedilem
618 1640 695 1665 non
729 1628 800 1667 effe
834 1629 994 1677 facium,
1026 1642 1065 1671 et
1095 1635 1261 1675 eundem
1293 1638 1369 1677 fine
1399 1641 1544 1694 repulsa
1574 1642 1720 1683 saecum

320 1689 392 1728 esse
412 1691 609 1731 consulem
630 1708 638 1731 ε
671 1695 782 1740 vidit,
813 1695 1016 1737 hominem
1038 1700 1107 1739 fibi
1128 1704 1298 1743 maxime
1319 1708 1587 1759 conjunffifflm,
1609 1724 1718 1764 egre-

318 1756 430 1808 gium
451 1758 594 1804 virum,
625 1761 676 1800 L.
699 1761 951 1809 Volcatium;
984 1766 1094 1812 vidit,
1126 1768 1190 1807 M.
1214 1771 1406 1818 Pisonem,
1438 1774 1478 1812 in
1506 1775 1572 1814 ista
1595 1777 1717 1815 aedili-

319 1831 395 1861 tate
414 1823 692 1864 offenfiuncula
711 1838 879 1882 accepta,
901 1830 1073 1871 summos
1095 1848 1115 1872 a
1134 1837 1279 1888 populo
1299 1839 1481 1879 Romano
1500 1841 1570 1880 effe
1589 1842 1717 1882 hono-

318 1902 376 1926 res
408 1890 578 1942 adeptOS.
610 1893 717 1931 Avus
748 1908 837 1934 vero
869 1906 958 1935 tuus
985 1908 1022 1936 et
1052 1901 1095 1938 P.
1121 1902 1267 1941 Nasica:
1292 1904 1364 1943 tibi
1392 1907 1588 1947 :militiam
1617 1924 1715 1962 pra:-

317 1955 460 1993 dicaret
492 1957 694 2009 repulsam,
726 1974 804 2012 quo
835 1963 918 2001 cive
946 1966 1144 2004 nemInem
1176 1981 1248 2021 ego
1275 1970 1396 2010 statuo
1417 1974 1456 2011 in
1479 1973 1551 2012 hac
1571 1976 1714 2028 repub-

316 2019 388 2057 lica
409 2020 640 2068 fortiorem5
672 2034 709 2062 et
736 2027 784 2065 C.
807 2027 940 2074 Marii,
973 2031 1054 2082 qui,
1084 2032 1231 2072 duabus
1257 2036 1446 2076 aedilitatis
1467 2042 1630 2092 acceptis
1651 2055 1712 2079 re-

315 2086 445 2138 pulsis,
478 2088 612 2141 septies
643 2091 776 2130 consul
810 2094 862 2132 est
892 2095 1043 2142 faetu83
1076 2109 1113 2137 et
1147 2101 1196 2139 L.
1229 2103 1400 2149 Caesaris,
1432 2105 1507 2144 Cn.
1543 2108 1708 2152 octavii,

315 2153 378 2191 M.
404 2154 545 2199 Tullii,
577 2170 672 2208 quos
708 2172 843 2198 omnes
878 2162 1035 2209 scimus,
1068 2165 1246 2205 aedilitate
1279 2171 1505 2221 praeteritos,
1536 2173 1708 2213 consules

313 2219 383 2257 effe
404 2220 536 2259 faCtos.

369 2287 438 2324 Sed
466 2288 559 2338 quid
586 2303 657 2342 ego
681 2293 853 2333 aediiit-ias
881 2297 1043 2349 repulsas
1072 2299 1248 2354 colligo?
1279 2316 1364 2355 quae
1396 2304 1489 2357 saepe
1518 2305 1706 2356 ejusmodi

312 2352 448 2390 habita*
471 2354 574 2399 sunt,
608 2365 649 2394 ut
670 2358 716 2395 iis
731 2388 741 2403 ,
773 2362 841 2412 qui
859 2366 1040 2414 praeteriti
1062 2365 1201 2412 essent,
1234 2369 1397 2420 benigne
1417 2383 1437 2407 a
1456 2371 1600 2423 populo
1620 2371 1702 2410 fac-

311 2428 395 2456 tum
419 2420 619 2460 videretur.
653 2425 854 2464 Tribunus
875 2430 1049 2468 militum
1072 2433 1120 2470 L.
1145 2432 1362 2486 Philippus,
1385 2435 1536 2475 summa
1556 2438 1701 2477 nobili-

311 2495 385 2523 tate
407 2497 443 2523 ct
464 2488 707 2540 eloquentia3
741 2493 901 2544 quaestor
922 2496 969 2534 C.
987 2497 1144 2545 Caelius,
1166 2499 1390 2539 clariffimus
1412 2516 1453 2541 ac
1476 2502 1699 2544 fortiffimus

1222 2566 1256 2604 L
1287 2566 1298 2604 l
1329 2567 1341 2605 l
1374 2580 1395 2607 2
