2212 2835
482 193 559 244 428
979 189 1382 228 ORATIO

483 292 687 331 sceleribus
721 289 993 334 connivebant,
1024 298 1062 327 et
1096 302 1380 342 nonnunquam
1413 288 1493 341 ejus
1523 287 1735 327 indomitos
1767 297 1881 341 atque

482 359 684 397 effrenatos
719 357 866 396 furores
901 356 1036 410 plausu
1069 356 1185 394 etiam
1221 355 1286 393 suo
1321 354 1662 409 prosequebantur,
1694 368 1811 408 quam
1846 354 1882 392 se

483 427 563 464 cito
582 425 780 463 inverterit
798 439 807 462 ι
840 437 944 462 nunc
965 423 1071 461 enim
1088 423 1170 475 jam
1192 422 1319 460 laudat
1340 422 1482 468 illum3
1515 423 1555 460 in
1576 435 1638 460 eos
1661 420 1855 460 invehitur
1869 449 1880 466 ‚

483 493 626 546 quibus
661 491 697 529 se
729 500 838 529 antea
871 490 1106 528 venditabat.
1140 489 1249 540 Qid
1283 489 1509 527 existimatis
1544 502 1650 533 eum,
1681 488 1708 526 fi
1738 487 1881 525 reditus

482 559 518 596 ei
538 558 668 610 gratiae
688 556 866 610 patuerit,
898 555 967 593 effe
989 554 1196 599 facturum,
1218 554 1285 607 qui
1309 563 1386 593 tam
1409 554 1575 593 libenter
1593 555 1633 593 in
1655 553 1889 607 opinionem.

481 625 611 678 gratiae
632 624 771 676 irrepat
790 623 802 659 ?

538 691 670 729 XXV.
703 690 809 740 Qas
830 701 902 740 ego
921 688 1010 725 alias
1029 687 1281 739 optImatium
1302 686 1506 725 discordias
1528 700 1548 725 a
1570 687 1655 725 Diis
1677 687 1885 725 immorta-

481 757 585 796 libus
607 755 758 794 definiri
780 754 944 806 putem?
963 767 1052 791 nam
1074 752 1149 790 hoc
1170 753 1332 805 quidem
1352 754 1468 791 verbo
1489 767 1613 805 neque
1634 755 1678 792 P.
1703 753 1882 798 Clodius,

482 836 609 876 neque
629 821 833 874 quisquam
854 821 901 858 de
921 819 1139 873 gregalibus
1161 819 1258 871 ejus,
1289 827 1355 857 aut
1374 818 1420 856 de
1440 818 1677 863 confiliariis,
1708 819 1882 872 designa-

482 899 557 929 tur.
582 889 742 928 Habent
764 887 917 925 Etrusci
938 886 1027 924 libri
1048 894 1150 924 certa
1170 886 1342 930 nomina,
1365 899 1450 938 quae
1470 885 1510 923 in
1532 885 1571 923 id
1591 898 1713 939 genus
1734 885 1883 924 civium

480 957 614 996 cadere
634 955 787 1009 poffunt
805 969 814 993 :
847 954 1073 999 Deteriores,
1104 952 1268 1006 repa-fis,
1300 952 1406 1005 quod
1420 953 1504 1005 jam
1524 952 1702 998 audietis,
1722 950 1794 990 hos
1813 965 1884 1005 ap-

481 1023 640 1076 pellant,
665 1034 833 1075 quorum
854 1029 892 1059 et
913 1029 1060 1059 mentes
1081 1029 1120 1058 et
1140 1032 1195 1057 res
1217 1018 1305 1057 sunt
1324 1018 1495 1072 perditae‚
1516 1018 1709 1071 longeque
1730 1032 1750 1056 a
1769 1031 1883 1057 com-

482 1090 593 1127 muni
615 1089 731 1127 salute
752 1088 965 1139 disjunctae.
998 1087 1127 1138 Qare
1141 1115 1152 1131 ,
1183 1099 1275 1124 cum
1305 1085 1376 1123 Dii
1395 1085 1635 1124 immortales
1657 1094 1818 1123 monent
1837 1084 1884 1123 de

479 1157 732 1210 optimatium
763 1154 988 1199 discordii83
1021 1154 1067 1191 de
1093 1153 1387 1191 clariffimorum
1415 1162 1454 1190 et
1481 1152 1630 1206 optime
1654 1152 1883 1190 meritorum

480 1223 628 1261 civium
657 1221 877 1260 diffenfione
904 1220 1148 1274 praedicunt:
1180 1233 1272 1258 cum
1301 1219 1545 1273 principibus
1566 1219 1785 1273 periculum
1806 1232 1880 1257 cae-

480 1290 649 1341 demque
682 1288 946 1340 portendunt,
978 1287 1018 1324 in
1051 1295 1136 1324 tuto
1167 1286 1360 1324 collocant
1393 1286 1595 1331 Clodium,
1627 1286 1695 1338 qui
1727 1294 1882 1323 tantum

479 1355 580 1394 abest
601 1369 620 1392 a
640 1353 897 1407 principibus,
929 1361 1122 1404 quantum
1142 1364 1162 1388 a
1182 1352 1302 1404 puris,
1335 1362 1525 1404 quantum
1547 1365 1567 1389 a
1585 1351 1783 1404 religiofiS.

534 1421 658 1460 Vobis
676 1450 686 1466 ‚
721 1421 757 1458 O
779 1418 972 1457 clariffimi
993 1428 1107 1470 atque
1128 1418 1270 1470 optimi
1291 1418 1391 1456 cives
1406 1447 1417 1463 ,
1448 1427 1486 1456 et
1506 1417 1633 1456 vestrae
1654 1417 1763 1455 saluti
1783 1430 1879 1455 con-

479 1487 683 1526 sulendum
709 1495 746 1524 et
774 1483 1087 1538 prospiciendum
1113 1484 1260 1521 vident.
1294 1484 1426 1522 Caedes
1453 1484 1677 1537 principum
1709 1483 1878 1521 ostendi-

479 1565 568 1600 tur3
601 1553 654 1599 id,
686 1552 791 1605 quod
812 1551 1014 1590 interitum
1036 1550 1288 1603 optimatium
1310 1550 1415 1603 sequi
1437 1550 1582 1589 neceffe
1602 1550 1668 1595 est,
1699 1549 1881 1603 adjungi-

478 1631 541 1660 tur
559 1636 568 1659 :
601 1621 732 1664 etiam,
758 1631 806 1656 ne
827 1618 866 1656 in
889 1618 1003 1656 unius
1025 1617 1235 1670 imperium
1257 1631 1313 1655 res
1335 1617 1492 1663 recidat,
1513 1617 1783 1655 admonemur.
1816 1616 1882 1654 Ad

478 1678 596 1740 quem
630 1695 781 1724 metum
813 1683 839 1722 fi
872 1685 1049 1722 Deorum
1079 1682 1238 1721 monitis
1270 1697 1348 1721 non
1376 1682 1620 1728 duceremur,
1652 1692 1780 1720 tamen
1809 1681 1878 1733 ipfi

479 1753 605 1792 nostro
633 1753 736 1790 sensu
764 1751 1061 1802 conjecturaque
1088 1761 1333 1801 raperemur:
1366 1762 1491 1800 neque
1516 1748 1622 1785 enim
1651 1747 1753 1785 ullus
1781 1747 1879 1785 alius

476 1818 753 1863 discordiarum
788 1816 883 1853 solet
917 1814 988 1852 effe
1023 1814 1148 1852 exitus
1182 1814 1282 1852 inter
1315 1813 1435 1851 claros
1469 1822 1506 1851 et
1540 1821 1714 1866 potentes
1750 1813 1849 1850 viros
1863 1841 1876 1858 ,

479 1885 546 1924 nifi
567 1894 631 1922 aut
653 1882 849 1921 universus
871 1882 1062 1925 interitus,
1093 1888 1158 1918 aut
1179 1879 1332 1918 victoris
1354 1879 1588 1924 dominatus,
1612 1888 1677 1917 aut
1697 1892 1876 1932 regnum.

478 1950 656 1990 Diffenfit
676 1962 769 1987 cum
792 1948 934 1993 Mario,
956 1946 1160 1985 clariffimo
1180 1946 1278 1992 cive,
1306 1946 1438 1984 consul
1459 1945 1716 1985 nobiliffimus
1736 1955 1774 1984 et
1794 1944 1876 1983 for-

477 2017 641 2056 tiffimus
656 2045 667 2061 ,
700 2016 746 2053 L.
771 2014 873 2067 Sylla
891 2029 900 2052 z
932 2013 1075 2052 horum
1097 2022 1258 2064 uterque
1279 2013 1331 2051 ita
1351 2012 1492 2051 cecidit
1511 2012 1634 2050 victus
1649 2041 1660 2057 ‚
1692 2021 1736 2050 ut
1756 2013 1878 2050 victor

476 2085 578 2123 idern
602 2082 828 2136 regnaverit.
861 2082 966 2119 Cum
989 2081 1152 2119 octavio
1171 2080 1318 2132 collega
1339 2080 1466 2119 Cinna
1486 2079 1674 2118 dissensit:
1707 2079 1881 2132 utrisque

475 2151 618 2190 horum
653 2149 815 2187 secunda
846 2147 1000 2187 fortuna
1031 2161 1195 2201 regnum
1229 2147 1281 2186 est
1311 2147 1474 2201 largita,
1507 2147 1656 2186 adversa
1687 2155 1872 2185 mortem.

476 2218 586 2256 Idem
619 2217 760 2255 iterum
794 2215 895 2267 Sylla
926 2215 1141 2268 superavit:
1174 2224 1261 2252 tum
1288 2215 1365 2253 fine
1392 2214 1513 2252 dubio
1539 2213 1677 2252 habuit
1707 2214 1876 2267 regalem

474 2284 715 2338 potestatem,
747 2295 970 2335 quanquam
993 2280 1275 2334 rempublicam
1297 2281 1549 2334 recuperavit.

530 2350 628 2388 Inest
656 2349 731 2387 hoc
761 2358 934 2402 tempore
962 2347 1065 2385 haud
1091 2347 1298 2386 obscurum
1327 2347 1489 2392 odium,
1521 2356 1635 2400 atque
1656 2347 1694 2384 id
1716 2346 1872 2384 insitum

473 2419 626 2472 penitus
654 2426 691 2455 et
712 2416 884 2455 inustum
910 2416 1049 2454 animis
1077 2414 1287 2454 hominum
1315 2415 1663 2468 ampliffimorum:
1697 2413 1873 2452 diffident

474 2484 690 2539 principes:
723 2492 896 2538 captatur
932 2482 1093 2522 occasio.
1127 2482 1210 2535 Qi
1243 2496 1320 2523 non
1356 2491 1510 2522 tantum
1543 2481 1682 2535 opibus
1716 2480 1869 2523 valent,
