2212 2835
684 208 776 246 DE
835 204 1024 244 LEGE
1083 202 1438 243 AGRARIA.
1711 213 1761 251 99

357 317 570 346 commune
590 305 728 343 odium
749 304 851 342 orbis
872 312 977 341 terrae
998 301 1206 339 vocabatur
1227 315 1234 338 :
1269 299 1380 338 urbes
1403 306 1563 351 pacatae,
1595 296 1674 349 agri
1697 296 1757 334 so-

359 374 528 417 ciorum,
564 384 702 423 regum
736 370 865 414 status,
903 367 1130 405 decemviris
1161 366 1426 403 donabantur:
1464 376 1568 402 nunc
1600 362 1759 415 praesens

360 448 463 477 certa
481 437 645 490 pecunia
665 444 865 473 numerata
882 433 1079 486 quaeritur.
1112 432 1301 484 Expecto,
1323 430 1418 482 quid
1438 430 1616 468 tribunus
1637 428 1761 481 plebis

360 504 521 556 vigilans
561 511 599 540 et
636 510 772 539 acutus
811 500 1019 552 excogitet.
1061 497 1209 535 Veneat
1223 525 1234 542 ‚
1274 496 1426 549 inquit,
1467 495 1559 532 filva
1595 496 1757 532 Scantia.

360 572 506 609 Utrum
527 569 684 609 tandem
704 567 804 606 hanc
825 567 956 605 filvam
977 565 1018 604 in
1039 564 1180 603 relictis
1201 562 1505 616 poffeffionibus,
1527 574 1573 598 an
1592 561 1631 598 in
1652 563 1757 599 Cen-

359 636 487 675 sorum
507 635 671 689 pascuis,
699 634 906 673 invenisti?
939 632 978 671 Si
998 631 1094 685 quid
1114 630 1180 676 est,
1203 630 1308 683 quod
1328 628 1531 682 indagaris,
1554 628 1758 672 inveneris,

359 715 406 741 ex
427 702 593 741 tenebris
612 701 766 746 erueris,
789 711 1013 753 quanquam
1029 697 1212 750 iniquum
1228 695 1294 741 est,
1316 694 1499 734 consume
1516 703 1644 732 tamen
1661 693 1760 736 sane,

359 769 546 822 quoniam
566 768 824 807 commodum
844 766 910 812 est,
941 765 1128 819 quoniam
1150 763 1311 816 quidem
1339 771 1382 800 tu
1409 761 1584 800 attulisti.
1617 760 1761 798 Silvam

359 849 449 875 vero
469 846 512 875 tu
533 836 725 875 Scantiam
746 834 907 879 vendas,
939 833 1052 871 nobis
1075 830 1336 874 Consulibus,
1366 838 1482 882 atque
1502 827 1578 866 hoc
1598 827 1728 865 senatu
1747 827 1759 863 ἓ

361 910 406 939 tu
429 901 557 939 ullum
577 900 740 953 veCfigal
759 898 953 952 attingas?
985 907 1028 936 tu
1048 895 1185 950 populi
1206 895 1377 933 Romani
1397 893 1559 932 subfidia
1578 892 1686 936 belli,
1719 900 1761 929 tu

361 976 588 1006 ornamenta
606 967 725 1020 pacis,
745 965 911 1019 eripias?
942 965 1052 1002 Tum
1073 976 1162 1001 vero
1182 961 1258 1000 hoc
1278 975 1343 1000 me
1362 961 1585 999 inertiorem
1608 958 1759 997 Consu-

362 1034 442 1073 lem
467 1034 666 1087 judicabo,
697 1046 816 1086 quam
846 1032 936 1070 illos
966 1029 1190 1069 fortiffimos
1221 1029 1336 1073 viros,
1368 1028 1436 1080 qui
1466 1027 1568 1080 apud
1597 1027 1760 1078 majores

363 1103 508 1142 nostros
528 1102 686 1142 fuerunt
701 1120 713 1147 5
744 1100 851 1154 quod
879 1113 965 1152 quae
986 1098 1196 1151 vestigaliQ
1227 1097 1306 1135 illis
1327 1095 1579 1140 Consulibus,
1616 1094 1763 1147 populo

364 1172 547 1210 Romano
566 1177 672 1222 parta
691 1167 792 1213 sunt,
812 1180 872 1212 ea,
890 1178 954 1204 me
975 1163 1156 1209 Consule,
1179 1176 1227 1201 ne
1245 1162 1399 1202 retineri
1420 1162 1580 1215 quidem
1602 1160 1764 1214 potuiffe

357 1240 652 1293 judicabuntur.

419 1307 480 1346 ΙΙ..
508 1305 653 1344 Vendit
674 1304 793 1343 Italiae
812 1301 1050 1356 poffeffiones
1071 1314 1118 1339 ex
1137 1300 1271 1339 ordine
1290 1312 1440 1338 omnes.
1473 1299 1568 1336 Sane
1588 1297 1640 1335 est
1657 1297 1698 1335 in
1718 1310 1762 1335 eo

363 1373 529 1426 diligens
547 1388 556 1412 z
580 1372 729 1411 nullam
749 1370 853 1408 enim
875 1368 1148 1423 praetermittit.
1182 1366 1427 1419 Persequi-tur
1446 1365 1487 1403 in
1508 1364 1649 1402 tabulis
1670 1377 1762 1401 cen-

363 1440 468 1479 soriis
489 1449 611 1479 totam
635 1439 831 1477 Siciliam:
854 1436 1011 1475 nullum
1028 1435 1252 1480 aedificium,
1274 1433 1403 1472 nullos
1419 1445 1542 1486 agros,
1563 1431 1762 1484 relinquit.

364 1507 536 1545 Audistis
557 1506 776 1544 auctionem
796 1503 932 1557 populi
949 1502 1119 1540 Romani
1140 1501 1393 1554 proscriptam
1412 1513 1432 1537 a
1449 1499 1607 1537 tribuno
1622 1498 1763 1552 plebis,

365 1573 614 1610 constitutam
646 1572 685 1608 in
718 1569 890 1608 mensem
918 1568 1169 1620 Januarium:
1202 1575 1259 1610 et,
1290 1565 1425 1609 credo,
1458 1578 1534 1602 non
1563 1564 1762 1610 dubitatis,

365 1639 466 1691 quint
482 1638 629 1676 idcirco
647 1635 743 1681 haec,
775 1635 894 1674 aerarii
915 1633 1035 1678 causa,
1068 1646 1145 1670 non
1168 1631 1410 1669 vendiderint
1430 1631 1471 1674 ii,
1504 1631 1571 1683 qui
1590 1631 1705 1669 armis
1726 1639 1764 1668 et

365 1706 507 1743 virtute
527 1713 776 1757 pepererunt,
809 1711 852 1740 ut
871 1701 980 1746 effet,
1012 1701 1117 1753 quod
1144 1713 1233 1745 nos,
1267 1698 1480 1750 largitionis
1508 1698 1641 1742 causa,
1668 1711 1761 1736 ven-

366 1773 558 1810 deremus.

386 1860 390 1861 ν
420 1838 562 1876 Videte
581 1848 702 1882 nunc,
731 1835 858 1889 quoad
881 1834 1019 1873 fecerit
1037 1834 1109 1872 iter
1128 1833 1309 1886 apertius,
1341 1844 1459 1882 quam
1485 1839 1607 1868 antea.
1640 1830 1762 1875 Nam,

367 1905 556 1958 superiore
577 1913 683 1957 parte
703 1903 798 1955 legis
820 1901 1155 1955 quemadmodum
1177 1899 1411 1951 Pompeium
1433 1906 1713 1950 oppugnarent,
1745 1910 1765 1933 a

368 1985 431 2010 me
453 1972 612 2010 indicati
640 1970 751 2009 sunt:
783 1983 887 2007 nunc
907 1970 990 2022 jam
1018 1968 1053 2006 se
1084 1967 1152 2020 ipsi
1183 1965 1425 2004 indicabunt.
1457 1965 1605 2016 Jubent
1636 1964 1764 2001 venire

368 2051 475 2091 agros
502 2037 776 2082 Attalensium,
807 2045 922 2088 atque
948 2035 1286 2086 Olympenorum:
1319 2031 1390 2069 hos
1417 2031 1564 2085 populo
1585 2031 1765 2068 Romano

369 2105 536 2148 Servilii,
567 2103 762 2142 fortiffimi
782 2103 874 2148 viri,
905 2102 1063 2139 vic'toria
1083 2100 1273 2153 adjunxit.
1307 2098 1460 2136 Deinde
1480 2111 1587 2150 agros
1610 2097 1649 2134 in
1672 2097 1764 2134 Ma-

369 2171 527 2208 cedonia
546 2171 683 2224 regios,
715 2170 783 2222 qui
802 2169 943 2222 partim
966 2169 1019 2206 T.
1052 2166 1281 2210 Flaminini,
1308 2165 1448 2218 partim
1470 2165 1518 2202 L.
1552 2163 1675 2206 Pauli,
1697 2162 1765 2214 qui

371 2236 508 2275 Persen
540 2237 659 2281 vicit,
695 2237 836 2275 virtute
871 2235 967 2288 parti
999 2233 1085 2272 sunt
1104 2248 1112 2271 :
1152 2232 1291 2271 deinde
1327 2245 1461 2284 agrum
1497 2230 1693 2282 optimum
1728 2236 1766 2264 et

370 2301 710 2340 >frustuofiffimum
728 2301 996 2345 Corinthium,
1019 2300 1086 2352 qui
1103 2301 1152 2338 L.
1176 2298 1370 2336 Mummii
1389 2297 1552 2349 imperio
1573 2308 1614 2331 ac
1636 2292 1777 2330 felici--

372 2378 447 2407 tate
467 2368 512 2406 ad
532 2368 729 2420 ve&igalia
747 2368 882 2421 populi
901 2368 1070 2406 Romani
1091 2366 1292 2418 adjunctus
1314 2363 1384 2402 est:
1408 2361 1489 2415 post
1509 2369 1645 2398 autem·
1659 2372 1767 2411 agros

372 2430 411 2473 in
433 2434 620 2488 Hispania
639 2434 739 2486 apud
759 2434 1034 2486 Carthaginem
1056 2446 1211 2476 novam,
1243 2431 1410 2468 duorum
1436 2427 1664 2479 Scipionum
1683 2425 1776 2464 exi-

373 2502 451 2540 mia
481 2502 623 2540 virtute
657 2498 829 2554 possessos
849 2515 858 2537 :
897 2509 982 2538 tum
1017 2513 1105 2536 vero
1138 2498 1257 2549 ipsam
1292 2505 1458 2533 veterem
1492 2491 1769 2546 Carthaginem

1372 2559 1466 2597 ΝΖ
