2212 2835
673 162 815 201 ΡΜ)
873 161 922 202 L.
982 163 1319 204 MURENA.
1632 176 1709 220 209

314 258 414 297 mihi
442 260 567 313 potior
593 258 668 298 hoc
696 260 855 313 quidem
883 261 924 298 in
952 269 1124 315 tempore
1151 262 1196 300 sit
1222 262 1343 301 officii
1371 263 1463 307 mei,
1494 277 1612 316 quam
1632 263 1709 302 hu*

308 327 415 378 jusce
435 327 578 372 salutis,
601 326 795 372 defensi03
828 327 889 365 sed
911 337 967 373 ut,
999 342 1087 367 meo
1107 328 1209 367 faeto
1229 329 1338 369 vobis
1358 330 1534 383 probato,
1566 331 1710 383 majore

314 395 537 432 auctoritate
557 394 603 432 ab
623 393 738 446 hujus
759 392 918 439 honore,
942 393 1058 440 fama,
1082 394 1325 448 fortunisque
1344 397 1542 443 omnibus,
1573 398 1709 437 inimi-

313 473 450 499 corum
470 462 639 513 impetus
660 459 878 513 propulsare
899 461 1051 513 poffim.

369 527 422 564 II.
455 527 509 564 Et
527 526 702 579 primum
724 526 786 564 M.
813 526 967 571 Catoni,
986 527 1106 565 vitam
1126 526 1171 565 ad
1187 536 1332 566 certam
1355 528 1511 566 rationis
1532 542 1708 568 normam

313 592 509 645 dirigenti,
526 602 563 630 et
583 592 870 646 diligentiffime
888 593 1141 646 perpendenti
1161 603 1361 632 momenta
1379 595 1600 634 officiorum
1621 609 1709 634 orna

311 661 438 704 nium,
461 660 507 698 de
527 660 657 698 officio
678 672 765 698 meo
785 659 1033 713 respondebO.
1059 661 1191 714 Negat
1210 660 1320 700 fuiffe
1340 663 1488 701 rectum
1510 663 1622 707 Cato,
1646 676 1709 701 me

311 735 349 764 et
369 726 598 771 consulem‚‘
613 735 651 765 et
670 726 766 779 legis
786 726 956 765 ambitus
977 726 1154 773 latorem,
1184 737 1222 766 et
1243 738 1323 767 tarn
1343 728 1466 767 severe
1489 729 1593 782 gesto
1613 742 1709 767 con·

311 793 450 838 sulatu,
485 793 637 831 causam
670 794 720 831 L.
757 793 936 831 Murenae
972 793 1172 846 attingere.
1213 795 1336 846 Cujus
1371 794 1611 849 reprehensio
1645 808 1711 834 me

311 858 560 896 vehementer
579 867 724 903 movet,
755 871 833 896 non
854 858 979 896 solum
1001 867 1044 896 ut
1064 859 1188 905 vobis,
1219 860 1392 911 Judices‚
1417 860 1560 914 quibus
1581 861 1708 899 maxi-

311 939 377 964 me
403 925 538 969 debeo,
568 938 704 963 verum
731 924 847 962 etiam
875 935 918 963 ut
944 925 1013 978 ipsi
1041 926 1195 972 Catoni,
1225 927 1445 980 graviffimo
1469 936 1586 981 atque
1605 928 1709 966 inte-

311 992 481 1045 gerrimo
502 993 598 1037 viro,
630 991 818 1030 rationem
838 991 929 1030 facti
955 992 1035 1030 mei
1060 992 1238 1046 probem.
1270 996 1308 1032 A
1334 1008 1413 1047 quo
1439 994 1610 1040 tandem,
1642 995 1708 1034 M.

313 1060 426 1104 Cato,
466 1059 520 1097 est
553 1058 698 1111 aequius
733 1058 930 1097 consulem
969 1057 1137 1104 defendi,
1175 1073 1293 1112 quam
1327 1074 1347 1098 a
1379 1060 1566 1100 consule?
1607 1062 1709 1113 Qis

311 1123 414 1162 mihi
439 1124 480 1163 in
505 1123 702 1177 republica
720 1124 855 1176 potest,
886 1133 951 1161 aut
971 1124 1099 1169 debet,
1130 1124 1202 1163 effe
1221 1126 1479 1178 conjunctior,
1510 1139 1629 1179 quam
1659 1127 1708 1172 is,

311 1191 377 1229 cui
396 1190 607 1244 respublica
625 1203 646 1227 a
665 1203 729 1227 me
750 1203 828 1228 uno
848 1190 1009 1228 traditur
1029 1189 1256 1236 sustinenda,
1273 1193 1424 1244 magnis
1445 1192 1542 1230 meis
1563 1192 1708 1231 labori-

311 1258 383 1296 bus
403 1266 441 1295 et
458 1257 640 1310 periculis
661 1256 891 1295 sustentata?
924 1256 1042 1308 Qod
1062 1257 1088 1295 fi
1109 1257 1149 1295 in
1169 1257 1216 1295 iis
1237 1257 1350 1296 rebus
1372 1258 1600 1312 repetendis,
1622 1273 1709 1312 quae

309 1325 482 1378 mancipi
507 1325 608 1371 sunt,
639 1325 670 1364 is
696 1325 916 1378 periculum
937 1325 1077 1378 judicii
1103 1324 1274 1379 praestare
1300 1325 1427 1372 debet,
1458 1326 1527 1380 qui
1552 1326 1588 1365 se
1607 1340 1711 1366 nexu

309 1392 523 1446 obligavit;
555 1391 727 1446 profesto
746 1392 863 1431 etiam
884 1393 1022 1431 rectius
1043 1393 1084 1430 in
1099 1392 1252 1445 judicio
1271 1392 1439 1432 consulis
1465 1392 1649 1446 defignati
1676 1394 1708 1432 is

310 1458 552 1511 potiffimum
585 1459 733 1504 consul,
773 1459 841 1511 qui
875 1458 1075 1497 consulem
1110 1459 1328 1505 declaravit,
1363 1460 1495 1498 auctor
1529 1459 1710 1498 beneficii

311 1523 448 1575 populi
481 1524 666 1568 Romani,
697 1521 945 1575 defensorque
980 1522 1157 1575 periculi,
1188 1523 1260 1561 effe
1289 1524 1460 1563 debebit.
1491 1525 1552 1563 Ac
1585 1525 1629 1571 fi,
1664 1533 1710 1564 ut

312 1588 510 1626 nonnullis
531 1589 572 1626 in
591 1588 812 1627 civitatibus
833 1588 913 1626 fieri
943 1588 1049 1633 solet,
1083 1596 1265 1642 patronus
1295 1589 1389 1628 huic
1409 1590 1528 1630 causae
1547 1591 1709 1645 publice

311 1653 618 1700 constitueretur,
648 1655 680 1692 is
699 1654 892 1708 potiffime
911 1653 1056 1692 honore
1077 1654 1212 1694 affecto
1241 1654 1414 1696 defensor
1442 1656 1607 1704 daretur,
1638 1658 1709 1711 qui

311 1720 448 1758 eodem
468 1719 614 1758 honore
634 1721 816 1773 praeditus
837 1733 914 1759 non
935 1721 1065 1759 minus
1086 1720 1233 1761 afferret
1248 1722 1294 1761 ad
1311 1722 1522 1762 dicendum
1538 1724 1706 1763 auetori—

310 1786 413 1831 tatis,
444 1799 563 1838 quam
588 1785 797 1825 facultatis.
830 1787 949 1838 Qod
973 1787 1000 1825 fi
1026 1800 1046 1825 e
1073 1797 1188 1840 portu
1208 1788 1442 1828 solventibus
1463 1789 1506 1834 ii,
1538 1789 1606 1842 qui
1622 1790 1707 1842 jam

309 1851 352 1891 in
377 1861 535 1905 portum
561 1865 608 1891 ex
636 1852 712 1891 alto
740 1852 989 1898 invehuntur,
1021 1855 1227 1908 praecipere
1254 1855 1407 1894 summo
1431 1855 1558 1895 studio
1584 1856 1708 1896 solent

308 1927 349 1957 et
383 1917 656 1972 tempestatum
691 1919 892 1965 rationem,
932 1930 969 1958 et
1001 1920 1244 1974 praedonum,
1284 1930 1322 1960 et
1356 1922 1532 1962 locorum
1549 1941 1562 1968 3
1601 1922 1708 1976 quod

310 1993 444 2023 natura
469 1984 592 2031 affert,
624 1994 667 2024 ut
693 1985 746 2023 eis
774 1984 982 2031 faveamus,
1013 1987 1082 2039 qui
1102 1988 1235 2027 eadem
1254 1988 1440 2042 pericula,
1471 1988 1615 2042 quibus
1637 2002 1706 2028 nos

311 2050 504 2104 perfuncti
525 2052 669 2098 sumus,
687 2053 967 2106 ingrediantur:
990 2068 1069 2107 quo
1086 2054 1242 2094 tandem
1264 2069 1327 2094 me
1347 2057 1479 2095 animo
1498 2055 1568 2096 effe
1587 2069 1705 2109 opor-

311 2126 381 2163 tet,
411 2132 530 2172 prope
553 2122 635 2173 jam
662 2133 709 2158 ex
736 2134 876 2174 magna
889 2123 1094 2174 jactatione
1121 2130 1260 2162 terram
1280 2123 1490 2169 videntem,
1521 2124 1561 2161 in
1582 2122 1703 2168 hunc,

311 2185 377 2223 cui
414 2186 524 2224 video
562 2188 749 2226 maximas
790 2188 1011 2241 reipublicae
1054 2189 1294 2242 tempestates
1343 2190 1414 2229 effe
1457 2189 1668 2228 subeundas
1689 2190 1702 2225 ?

312 2254 456 2304 Qare,
487 2253 513 2291 fi
532 2253 584 2292 est
605 2254 698 2293 boni
717 2255 896 2301 consulis,
929 2270 1005 2294 non
1028 2257 1151 2295 solum
1172 2257 1314 2303 videre,
1345 2257 1441 2310 quid
1460 2266 1605 2310 agatur,
1636 2269 1704 2294 ve-

312 2333 400 2357 rum
431 2319 546 2357 etiam
578 2321 787 2373 providere,
823 2323 917 2374 quid
949 2323 1129 2361 futurum
1161 2324 1232 2369 fit,
1270 2323 1464 2362 ostendam
1496 2322 1571 2360 alio
1602 2322 1703 2367 loco,

310 2395 503 2439 quantum
530 2386 658 2426 salutis
683 2390 905 2427 communis
934 2390 1092 2435 intersit,
1123 2391 1218 2429 duos
1246 2390 1417 2428 consules
1445 2392 1483 2427 in
1508 2388 1706 2441 republica

312 2453 496 2493 Kalendis
528 2454 697 2505 Januarii
728 2455 811 2494 effe.
845 2458 962 2509 Qod
994 2458 1018 2496 fi
1052 2460 1104 2496 ita
1129 2458 1197 2503 est,
1228 2471 1304 2497 non
1334 2468 1411 2495 tam
1438 2470 1502 2495 me
1528 2456 1701 2495 officium

395 2521 461 2560 To
473 2533 524 2559 M.
547 2521 598 2561 V.
1308 2524 1346 2560 D
1377 2524 1400 2561 d
