2212 2835
724 107 856 147 PRO
916 106 968 144 A.
1031 99 1436 142 CLUENTlo,
1739 96 1789 150 '65

395 207 478 245 satis
501 218 643 258 magno
664 210 891 256 argumento
911 199 981 239 effe
1000 199 1127 243 debet,
1146 196 1250 250 quod
1266 210 1313 234 ex
1331 204 1411 234 tam
1428 190 1788 245 inultisjudicibu3‚

395 273 569 312 absoluto
591 271 761 315 Falcula,
780 282 897 307 nemo
917 279 1000 306 reus
1021 265 1142 304 faetus
1163 263 1229 303 est.
1253 262 1363 314 Qid
1382 262 1488 300 enim
1509 259 1610 298 mihi
1629 258 1790 296 damna-

398 351 455 379 tos
477 340 646 378 ambitus
668 336 867 388 colligitis,
889 334 962 371 alia
980 333 1078 385 lege,
1110 330 1223 369 certis
1243 329 1490 373 criminibus,
1517 325 1696 381 plurimis
1717 323 1793 362 tes·

400 407 504 444 tibus
524 407 536 443 ?
568 417 660 442 cum
680 403 855 454 primum
879 399 939 437 illi
959 398 1028 450 ipfi
1049 397 1251 435 debuerint
1271 396 1400 448 potius
1421 393 1586 432 accusari
1606 392 1652 430 de
1671 402 1793 444 pecu-

400 473 475 511 niis
493 468 727 523 repetundis,
750 480 869 520 quam
889 464 1074 503 ambitus.
1103 462 1225 506 Nam,
1247 461 1274 499 fi
1294 462 1335 499 in
1355 461 1524 499 ambitus
1540 458 1698 512 judiciis
1718 455 1795 494 hoc

400 537 461 577 his
481 536 624 581 obfuit,
647 548 739 573 cum
759 534 832 572 alia
851 533 935 585 lege
955 530 1107 569 causam
1127 529 1323 573 dicerent;
1355 536 1471 572 certe,
1496 526 1522 564 si
1542 525 1694 579 propria
1712 524 1797 575 lege

399 604 516 657 hujus
537 602 686 657 peccati
717 600 873 639 adduffi
902 597 1034 643 effent,
1067 596 1194 635 multo
1226 594 1313 648 plus
1348 592 1541 632 obfuiffet.
1574 590 1740 634 Deinde,
1771 588 1798 625 fi

401 681 508 710 tanta
527 671 583 710 vis
603 668 680 707 fuit
700 668 806 706 istius
827 665 1018 709 criminis,
1050 673 1107 708 ut,
1140 676 1217 715 qua
1236 660 1398 714 quisque
1425 660 1510 713 lege
1529 672 1577 697 ex
1596 657 1673 696 illis
1688 655 1798 708 judi-

404 738 515 777 cibus
536 733 622 775 reus
643 734 765 773 fastus
796 732 898 777 effet,
931 741 1062 770 tamen
1095 728 1167 768 hac
1195 728 1307 782 plaga
1325 727 1465 781 periret
1481 745 1493 772 3
1525 738 1595 764 cur
1625 724 1665 762 in
1697 729 1802 760 tanta

405 804 661 844 multitudine
692 800 970 844 accusatorum,
1007 797 1122 836 tantis
1154 795 1337 849 praemiis,
1371 793 1497 832 caeteri
1528 792 1582 830 rei
1602 790 1693 829 faeti
1723 801 1803 827 non

407 872 526 911 sunt?
558 871 640 910 Hic
662 867 855 922 profertur
874 866 928 911 id,
963 864 1069 918 quod
1094 863 1291 916 judicium
1311 860 1495 914 appellari
1528 872 1607 898 non
1637 863 1803 910 oportet,

410 939 456 977 P.
475 937 663 990 Septimio
685 933 859 973 Scaevolae
878 933 991 970 litem
1011 944 1055 969 eo
1075 929 1235 968 nomine
1255 927 1326 966 effe
1346 926 1584 966 aestimatarn.
1608 924 1731 976 Cujus
1753 920 1806 959 rei

410 1019 496 1057 quae
526 1001 762 1042 consuetudo
793 1001 852 1044 sit,
883 997 1070 1051 quoniam
1101 996 1202 1049 apud
1222 994 1402 1033 homines
1429 992 1675 1046 peritiffimos
1703 989 1806 1031 dico,

412 1070 589 1124 pluribus
611 1067 735 1106 verbis
756 1066 892 1104 docere
912 1077 991 1102 non
1011 1062 1145 1101 debeo.
1168 1062 1387 1113 Nunquam
1406 1059 1512 1098 enim
1533 1071 1574 1096 ea
1594 1054 1808 1109 diligentia,

413 1151 499 1190 quae
518 1136 611 1175 solet
630 1132 804 1172 adhiberi
823 1132 863 1169 in
884 1129 1027 1168 caeteris
1054 1128 1228 1181 judiciis,
1259 1127 1406 1171 eadem,
1429 1139 1493 1164 reo
1512 1126 1707 1168 damnato,
1739 1121 1808 1160 ad·

413 1203 540 1242 hibita
558 1201 624 1239 est.
647 1201 693 1238 In
713 1198 849 1237 litibus
870 1195 1099 1235 aestimandis
1115 1193 1195 1232 fere
1209 1193 1376 1246 judices,
1393 1200 1472 1237 aut,
1489 1191 1595 1244 quod
1614 1190 1684 1228 fibi
1703 1202 1810 1233 eum,

413 1282 536 1322 quem
555 1266 671 1306 semel
692 1264 1015 1307 condemnarunt,
1032 1261 1242 1299 inimicum
1262 1267 1401 1313 putant
1420 1257 1505 1303 effe,
1525 1257 1551 1296 fi
1569 1269 1645 1310 qua
1664 1256 1705 1294 in
1721 1268 1812 1293 eum

417 1337 468 1375 lis
484 1335 622 1389 capitis
643 1333 748 1372 illata
767 1330 833 1376 est,
855 1344 934 1369 non
954 1328 1167 1368 admittunt
1179 1345 1191 1373 ς
1213 1335 1292 1372 aut,
1314 1325 1420 1379 quod
1440 1324 1476 1363 se
1495 1323 1716 1378 perfundios
1731 1324 1814 1374 jam

416 1402 490 1443 effe
509 1401 755 1445 arbitrantur,
783 1411 876 1436 curn
896 1396 943 1435 de
962 1409 1027 1434 reo
1052 1395 1290 1447 judicarunt,
1319 1391 1583 1445 negligentius
1612 1389 1817 1428 attendunt

417 1478 565 1509 caetera.
589 1468 724 1520 Itaque
743 1474 780 1503 et
801 1462 1004 1516 majestatis
1025 1460 1190 1499 absoluti
1210 1459 1298 1498 sunt
1317 1457 1517 1512 permulti,
1539 1456 1684 1510 quibus
1703 1455 1816 1494 dam-

421 1535 534 1580 natis,
556 1534 603 1572 de
623 1531 796 1585 pecuniis
818 1528 1053 1582 repetundis,
1070 1527 1156 1564 lites
1177 1525 1294 1563 efl‘ent
1314 1524 1530 1563 aestimatae:
1562 1531 1600 1560 et
1619 1521 1695 1560 hoc
1716 1535 1818 1574 quo-

424 1601 518 1639 tidie
538 1599 620 1638 fieri
641 1599 830 1640 videmus,
862 1604 920 1639 ut,
951 1607 1015 1632 reo
1035 1593 1215 1630 damnato
1235 1591 1282 1628 de
1310 1590 1484 1644 pecuniis
1505 1588 1741 1642 repetundis,
1772 1587 1820 1626 ad

425 1680 522 1719 quos
544 1662 751 1718 perveniffe
772 1661 952 1715 pecunias
983 1660 1022 1697 in
1050 1658 1184 1697 litibus
1205 1656 1435 1695 aestimandis
1458 1655 1645 1693 statutum
1666 1654 1725 1699 fit,
1755 1666 1819 1692 eos

425 1733 487 1771 illi
500 1731 651 1785 judices
671 1728 882 1767 absolvant.
914 1726 1033 1777 Qod
1053 1739 1146 1763 cum
1175 1723 1234 1768 fit,
1265 1736 1344 1761 non
1369 1722 1518 1776 judicia
1537 1720 1820 1764 rescinduntur,

427 1799 489 1838 fed
508 1797 584 1836 hoc
605 1795 795 1840 statuitur,
817 1792 1111 1832 aestimationem
1132 1790 1264 1829 litium
1285 1802 1363 1828 non
1383 1788 1456 1827 effe
1475 1787 1689 1841 judicium.
1721 1788 1822 1824 Scae-

427 1866 512 1904 vola
543 1863 821 1904 condemnatus
853 1860 906 1898 est
935 1859 1020 1897 aliis
1051 1857 1295 1902 criminibus,
1332 1854 1649 1909 frequentissirnis
1670 1853 1825 1907 Apuliae

430 1932 614 1972 testibus:
651 1929 761 1968 omni
792 1927 1041 1966 contentione
1075 1933 1294 1979 pugnatum
1325 1923 1392 1968 est,
1423 1932 1467 1961 ut
1497 1922 1544 1960 lis
1574 1920 1658 1959 haec
1687 1920 1825 1973 capitis

432 1999 691 2037 aestirnaretur.
715 1996 814 2046 Qae
835 2007 891 2032 res
911 1993 937 2031 fi
958 1993 1012 2030 rei
1026 1992 1208 2045 judicatae
1227 1990 1378 2044 pondus
1399 1987 1599 2033 habuisset,
1617 1986 1682 2025 ille
1701 1986 1827 2040 postea

434 2065 493 2104 vel
513 2064 663 2108 iisdem,
685 2061 745 2100 vel
767 2061 864 2105 aliis,
886 2059 1057 2098 inimicis
1078 2071 1162 2096 reus
1183 2056 1255 2095 hac
1276 2057 1360 2110 lege
1380 2055 1458 2109 ipsa
1477 2054 1599 2093 faetus
1619 2052 1722 2091 effet.

489 2131 621 2170 XLII.
652 2128 833 2181 Sequitur
852 2127 905 2172 id,
927 2125 1033 2178 quod
1052 2125 1112 2163 illi
1127 2123 1324 2177 judicium
1345 2122 1553 2175 appellant,
1576 2121 1737 2172 majores
1758 2130 1829 2155 au-

437 2207 516 2235 tem
539 2196 654 2234 nostri
670 2207 872 2246 nunquam
890 2205 1015 2244 neque
1029 2191 1227 2243 judicium
1245 2189 1511 2233 nominarunt,
1530 2199 1656 2239 neque
1673 2183 1830 2237 perinde

440 2271 483 2299 ut
514 2276 594 2300 rem
619 2261 834 2314 judicatam
855 2259 1162 2301 observaverunt,
1193 2255 1467 2294 animadverfio
1498 2263 1612 2305 atque
1630 2250 1831 2289 auctoritas

440 2328 618 2366 censoria.
650 2330 739 2379 Qa
768 2327 815 2365 de
836 2341 874 2364 re
894 2335 1099 2378 antequam
1121 2325 1246 2362 dicere
1267 2323 1427 2375 incipio,
1461 2331 1646 2374 perpauca
1666 2314 1766 2355 mihi
1786 2316 1833 2354 de

374 2432 377 2435 .
443 2409 530 2434 meo
550 2394 680 2433 officio
699 2393 813 2431 verba
832 2392 1006 2431 facienda
1026 2393 1136 2436 sunt3
1169 2400 1212 2430 ut
1232 2404 1252 2428 a
1272 2403 1335 2429 me
1356 2401 1447 2427 cum
1477 2385 1636 2437 hujusce
1656 2383 1834 2437 periculi,

581 2461 648 2498 To
662 2472 712 2497 M.
736 2459 786 2497 V.
1514 2452 1531 2489 Ι
