2212 2835
628 182 705 222 IN
764 182 813 222 L.
874 181 1333 220 CATILINAM.
1623 182 1691 221 181

288 281 464 335 judiciis,
496 280 839 335 proscriptionibus
871 280 1078 325 bonorum,
1113 278 1326 332 defatigati,
1364 280 1550 333 permulti
1582 288 1620 318 et
1651 293 1698 318 ex

296 351 406 395 urbe,
437 359 475 388 et
495 363 542 388 ex
563 349 674 401 agris,
706 348 742 386 se
761 348 801 385 in
822 347 888 385 illa
907 347 1023 384 castra
1043 345 1217 385 conferre
1243 347 1440 386 dicuntur.
1473 347 1604 386 Hosce
1625 361 1697 400 ego

295 430 374 455 non
406 426 487 454 tam
517 415 663 454 milites
695 426 813 458 acres,
845 427 964 466 quam
992 412 1217 451 infitiatores
1246 413 1385 458 lentos,
1417 414 1487 451 effe
1516 414 1694 452 arbitror.

296 485 379 536 Qi
404 484 583 523 homines
609 483 798 535 primum,
830 481 856 519 fi
883 481 976 519 stare
1002 494 1081 519 non
1106 480 1274 533 poffunt,
1306 491 1511 521 corruant:
1545 483 1605 520 sed
1628 483 1695 527 ita,

295 561 340 589 ut
370 564 448 589 non
479 549 598 588 modo
628 549 776 593 civitas,
808 547 871 586 sed
901 561 949 585 ne
976 547 1096 585 vicini
1123 547 1283 599 quidem
1316 549 1487 601 proximi
1518 550 1693 588 sentiant.

294 618 402 657 Nam
433 617 534 654 illud
563 629 642 654 non
673 614 865 668 intelligo,
901 614 1171 667 quamobrem,
1207 614 1233 652 fi
1267 614 1394 652 vivere
1429 613 1583 653 honeste
1618 629 1694 654 non

292 685 459 737 poffunt,
482 683 605 736 perire
625 682 791 735 turpiter
811 681 960 726 velint3
993 690 1058 719 aut
1078 694 1162 727 cur,
1185 681 1334 720 minore
1355 681 1486 720 dolore
1506 683 1695 736 perituros

292 750 328 795 se
347 764 440 789 cum
461 739 614 795 multis,
644 762 763 802 quam
785 748 811 786 fi
831 748 898 786 soli
920 757 1090 800 pereant,
1122 748 1368 788 arbitrentur.

348 818 550 869 Qintum
580 829 701 869 genus
732 815 787 853 est
815 815 1108 868 parricidarum,
1139 815 1375 860 ficariorum,
1407 816 1574 869 denique
1605 831 1693 855 om-

293 884 406 924 niurn
437 883 739 922 facinorosorum
759 897 773 921 z.
806 895 902 934 quos
935 896 1006 935 ego
1037 896 1057 919 a
1089 882 1257 920 Catilina
1288 897 1365 921 non
1398 897 1547 922 revoco.
1587 884 1693 923 Nam

293 964 419 1003 neque
435 950 568 988 divelli
588 951 634 989 ab
655 964 700 988 eo
725 948 906 1002 poffunt5
938 958 976 987 et
996 958 1150 1002 pereant
1176 949 1260 987 sane
1284 950 1324 987 in
1345 950 1561 997 latrocinio,
1593 965 1693 1004 quo-

293 1017 399 1056 niam
420 1016 507 1054 sunt
527 1017 580 1054 ita
600 1016 730 1061 multi,
762 1024 806 1053 ut
825 1029 889 1054 eos
909 1028 1042 1068 capere
1061 1028 1189 1053 carcer
1208 1028 1285 1053 non
1305 1016 1431 1068 poffit.

350 1083 592 1122 Postremum
614 1092 745 1128 autem·
763 1095 883 1135 genus
904 1081 957 1120 est
977 1095 1055 1120 non
1076 1081 1201 1120 solum
1223 1096 1400 1128 numero,
1423 1097 1556 1122 verum
1577 1084 1694 1123 etiam

293 1162 431 1202 genere
461 1149 556 1202 ipso,
587 1157 703 1201 atque
734 1148 824 1193 vita,
856 1147 960 1200 quod
992 1148 1194 1200 proprium
1226 1147 1278 1186 est
1310 1148 1501 1194 Catilinae,
1534 1150 1580 1187 de
1612 1151 1692 1202 ejus

295 1216 459 1260 deledtu,
500 1216 626 1253 immo
660 1228 747 1253 vero
781 1214 828 1252 de
862 1214 1073 1267 complexu
1109 1215 1188 1266 ejus
1224 1228 1267 1252 ac
1306 1215 1416 1253 finu:
1460 1230 1557 1268 quos
1594 1231 1694 1270 pexo

293 1283 447 1336 capillo,
480 1282 637 1328 nitidos,
669 1292 734 1321 aut
753 1281 962 1327 imberbes,
993 1290 1058 1319 aut
1079 1281 1175 1319 bene
1196 1281 1387 1326 barbatos,
1410 1283 1546 1321 videtis
1566 1298 1574 1322 :
1608 1298 1692 1322 ma-

292 1350 428 1389 nicatis
455 1359 494 1388 et
520 1349 701 1388 talaribus
729 1349 900 1395 tunicis;
932 1348 1025 1387 velis
1052 1348 1228 1394 amietos,
1260 1362 1338 1387 non
1362 1349 1490 1402 togis:
1523 1364 1693 1402 quorum

293 1416 420 1455 omnis
452 1416 638 1455 industria
666 1416 768 1462 vitae,
800 1425 838 1455 et
862 1415 1047 1469 vigilandi
1078 1415 1200 1461 labor,
1231 1416 1271 1453 in
1303 1416 1539 1455 antelucanis
1571 1418 1692 1456 coenis

291 1483 546 1534 expromitur.
578 1484 625 1522 In
655 1482 718 1521 his
747 1482 930 1535 gregibus
956 1494 1095 1519 omnes
1119 1481 1316 1526 aleatores,
1347 1496 1483 1521 omnes
1515 1483 1692 1529 adulteri,

293 1560 428 1586 omnes
460 1549 605 1601 impuri
638 1548 923 1601 impudicique,
958 1547 1166 1586 versantur.
1208 1547 1268 1585 Hi
1298 1549 1422 1600 pueri,
1459 1559 1537 1587 tam
1573 1550 1693 1603 lepidi

292 1625 335 1650 ac
373 1613 541 1659 delicati,
580 1628 660 1652 non
697 1613 822 1653 solum
860 1627 998 1658 amare,
1038 1622 1077 1651 et
1114 1614 1246 1658 amari,
1287 1627 1411 1666 neque
1449 1625 1614 1661 cantare,
1654 1625 1692 1655 et

293 1678 438 1724 saltare,
478 1679 541 1717 sed
575 1679 691 1718 etiam
729 1680 820 1718 ficas
855 1680 1017 1724 vibrare,
1058 1688 1096 1716 et
1133 1679 1305 1731 spargere
1344 1694 1501 1726 venena,
1542 1682 1691 1720 didice-

291 1753 410 1783 tunt:
444 1745 513 1797 qui
543 1745 613 1784 nifi
645 1756 801 1791 exeunt,
833 1746 902 1784 nisi
934 1754 1108 1799 pereunt,
1140 1746 1285 1783 etiamfi
1319 1747 1489 1785 Catilina
1520 1749 1689 1801 perierit,

290 1809 424 1848 scitote
461 1809 538 1849 hoc
575 1810 617 1849 in
656 1811 856 1864 republica
893 1811 1141 1849 seminarium
1181 1811 1456 1850 Catilinarium
1495 1813 1688 1853 futurum.

291 1877 558 1915 Veruntamen
593 1877 690 1930 quid
723 1877 793 1916 fibi
827 1877 888 1915 isti
925 1878 1052 1916 miseri
1090 1877 1259 1916 volunt?
1302 1892 1400 1917 num
1440 1880 1520 1918 suas
1560 1881 1690 1920 secum

293 1943 539 1982 mulierculas
567 1943 656 1982 sunt
682 1944 723 1982 in
749 1944 865 1982 castra
885 1944 1038 1983 ducturi
1060 1944 1073 1983 ?
1105 1944 1440 1997 quemadmodum
1462 1957 1590 1985 autem
1612 1948 1690 1986 illis

289 2022 413 2048 carere
431 2019 626 2063 poterunt,
656 2009 718 2048 his
739 2010 945 2064 praesertim
962 2012 1044 2063 jam
1073 2011 1284 2049 noctibus?
1316 2025 1395 2064 quo
1424 2023 1553 2051 autem
1581 2016 1690 2066 paeto

289 2075 349 2115 illi
380 2077 648 2130 Apenninum,
680 2087 794 2130 atque
825 2078 910 2116 illas
941 2079 1096 2131 pruinas
1131 2091 1173 2116 ac
1205 2079 1325 2123 nives,
1359 2079 1581 2132 perferent?
1619 2081 1688 2118 nist

290 2141 436 2181 idcirco
469 2143 507 2181 se
538 2143 690 2182 facilius
726 2143 900 2183 hiemem
937 2145 1161 2183 toleraturos
1195 2155 1347 2198 putant,
1379 2147 1485 2197 quod
1520 2148 1613 2184 nudi
1648 2148 1687 2184 in

290 2209 476 2247 conviviis
511 2209 640 2248 saltare
675 2211 906 2249 didicerunt.
949 2212 986 2249 O
1023 2211 1172 2249 bellum
1213 2225 1445 2264 magnopere
1484 2213 1685 2265 pertimes-

291 2274 475 2319 cendum,
506 2289 599 2314 cum
625 2274 724 2314 hanc
753 2277 797 2315 sit
823 2276 1025 2315 habiturus
1055 2277 1224 2314 Catilina
1250 2277 1463 2315 scortorum
1485 2277 1686 2316 cohortem

290 2341 506 2393 praetoriam
528 2340 535 2378 !

345 2408 418 2445 XI.
451 2407 630 2446 Instruite
651 2421 768 2454 nunc,
801 2410 990 2461 Qirites,
1016 2409 1234 2448 contrahas
1258 2419 1334 2448 tam
1358 2409 1550 2462 prarclaras
1574 2411 1683 2448 Cati-

290 2473 376 2511 lina:
410 2473 537 2527 copias
572 2473 689 2512 vestra
722 2474 903 2527 praesidia,
938 2475 1151 2528 vestrosque
1185 2476 1403 2513 exercitus:
1441 2484 1478 2512 ct
1512 2476 1688 2527 primum
