2212 2835
638 149 716 189 IN
774 149 825 189 L.
884 147 1348 188 CATILINAM.
1636 149 1709 203 167

309 255 420 308 paeto
439 260 671 299 metuerent,
702 261 745 290 ut
766 259 803 290 te
823 258 1005 289 metuunt
1023 262 1160 288 omnes
1182 249 1282 288 cives
1303 249 1376 294 tui,
1396 249 1561 288 domum
1582 262 1710 288 meam

308 321 604 374 relinquendam
624 327 825 373 putarem:
858 327 901 356 tu
921 317 995 356 tibi
1015 317 1153 355 urbem
1173 329 1252 354 non
1272 316 1463 354 arbitraris
1482 316 1494 354 ?
1526 325 1577 362 et,
1599 316 1625 354 fi
1647 331 1710 354 me

308 390 405 427 meis
425 388 577 428 civibus
596 386 736 440 injuria
755 385 970 438 suspectum
993 393 1072 422 tam
1091 384 1268 436 graviter,
1291 393 1406 436 atque
1421 383 1626 428 offensum,
1650 384 1708 421 vi-

307 456 439 494 derem
454 473 467 500 3
495 466 619 492 carere
639 465 703 490 me
721 451 872 504 aspectu
893 450 1056 495 civium,
1077 463 1196 502 quam
1217 448 1363 488 infestis
1384 450 1506 488 oculis
1527 452 1709 489 omnium

309 520 495 574 conspici,
517 519 692 557 mallem.
715 518 797 562 Tu,
818 530 912 555 cum
932 515 1167 555 conscientia
1186 515 1372 554 scelerum
1393 525 1550 555 tuorum
1571 518 1708 570 agnos-

308 601 370 626 cas
389 586 526 626 odium
549 585 731 624 omnium
752 583 918 637 justum,
948 592 988 622 et
1008 583 1092 636 jam
1118 582 1192 620 tibi
1222 582 1290 621 diu
1316 582 1509 629 debitum,
1541 584 1708 629 dubitas,

305 667 478 708 quorum
501 662 649 692 mentes
676 650 880 703 sensusque
905 649 1095 695 vulneras,
1127 663 1262 688 eorum
1291 649 1486 703 aspectum
1513 651 1708 703 praesenti-

307 733 450 773 amque
468 719 619 759 vitare?
652 718 691 756 Si
717 726 755 756 te
782 726 956 771 parentes
984 716 1168 755 timerent
1198 725 1314 769 atque
1341 716 1503 755 odiffent
1536 717 1606 762 tui,
1639 730 1708 754 ne-

307 801 384 841 que
403 801 467 826 eos
488 787 567 826 ulla
586 786 733 825 ratione
751 785 900 838 placare
918 783 1038 837 poffes
1055 802 1066 830 3
1100 792 1143 822 ut
1169 784 1321 837 opinor,
1353 784 1399 822 ab
1428 797 1562 822 eorum
1584 784 1708 822 oculis

305 855 437 908 aliquo
457 853 698 893 concederes.
730 851 853 890 Nunc
872 860 910 889 te
929 850 1064 903 patria,
1096 864 1181 903 quae
1201 851 1424 889 communis
1452 851 1503 888 est
1528 852 1709 889 omnium

307 921 482 960 nostrum
500 933 651 974 parens,
681 919 764 958 odit
781 932 824 957 ac
845 918 1014 963 metuit3
1046 927 1084 956 et
1106 918 1259 971 jamdiu
1285 918 1332 956 de
1361 928 1397 956 te
1425 917 1523 956 nihil
1542 918 1707 971 judicat,

307 989 376 1027 nifi
412 988 460 1027 de
492 987 697 1042 parricidio
731 985 798 1024 suo
832 986 1028 1039 cogitare:
1063 984 1181 1038 hujus
1213 994 1255 1023 tu
1285 999 1412 1038 neque
1442 986 1709 1024 auctoritatem

308 1056 498 1101 verebere,
521 1068 646 1108 neque
660 1053 859 1107 judicium
880 1052 1048 1105 sequere,
1071 1065 1195 1105 neque
1212 1053 1294 1091 vim
1311 1053 1555 1106 pertimesces
1572 1054 1585 1090 ?
1609 1054 1709 1104 Qae

306 1133 453 1168 tecum,
476 1121 657 1166 Catilina,
678 1121 728 1158 fic
750 1119 842 1172 agit,
864 1128 902 1157 et
922 1118 1214 1172 quodammodo
1235 1120 1349 1157 tacita
1368 1120 1565 1172 loquitur:
1600 1120 1707 1158 Nul-

308 1191 393 1228 lum
408 1191 492 1242 jam
515 1197 573 1228 tot
592 1201 710 1226 annos
730 1185 880 1224 facinus
902 1185 1060 1231 exstitit,
1082 1186 1152 1224 nifi
1172 1199 1239 1238 per
1259 1195 1314 1224 te:
1338 1186 1494 1224 nullum
1515 1187 1708 1239 flagitium

305 1257 382 1295 fine
401 1265 438 1294 te
457 1271 465 1294 :
498 1255 572 1294 tibi
593 1254 661 1293 uni
682 1253 901 1292 multorum
921 1253 1069 1291 civium
1090 1265 1217 1298 neces,
1250 1253 1322 1291 tibi
1342 1254 1494 1291 vexatio
1519 1254 1707 1306 direptio-

306 1336 382 1376 que
401 1322 609 1367 sociorum,
641 1321 836 1374 impunita
855 1319 932 1358 fuit
953 1333 995 1357 ac
1015 1319 1136 1357 libera
1156 1335 1163 1357 :
1198 1328 1239 1358 tu
1262 1333 1338 1358 non
1360 1320 1485 1358 solum
1514 1320 1560 1358 ad
1580 1322 1707 1373 negli-

306 1389 446 1442 gendas
467 1388 569 1442 leges
589 1401 632 1426 ac
653 1386 894 1440 quaestiones,
924 1399 1060 1424 verum
1081 1387 1199 1425 etiam
1219 1386 1266 1424 ad
1292 1387 1511 1425 evertendas
1538 1386 1707 1440 perfrin—

306 1455 537 1509 gendasque,
567 1454 732 1494 valuisti.
766 1454 968 1506 Superiora
986 1452 1067 1498 illa,
1097 1466 1321 1505 quanquam
1340 1452 1497 1492 ferenda
1521 1467 1600 1492 non
1621 1453 1708 1491 fue-

308 1530 412 1567 runt,
444 1532 587 1566 tamen,
619 1530 663 1559 ut
684 1521 809 1573 potui,
841 1519 942 1557 tuli:
975 1532 1079 1557 nunc
1099 1532 1188 1557 vero
1209 1533 1273 1557 me
1300 1529 1420 1559 totam
1447 1520 1519 1559 effe
1538 1521 1578 1559 in
1600 1530 1710 1559 metu

309 1597 463 1640 propter
483 1597 522 1625 te
541 1601 695 1632 unum,
718 1585 913 1640 quidquid
932 1585 1180 1638 increpuerit,
1204 1586 1415 1624 Catilinam
1437 1588 1592 1634 timeri,-
1617 1588 1708 1626 nul-

307 1652 393 1691 lum
414 1654 535 1692 videri
554 1662 687 1691 contra
714 1665 777 1690 me
806 1651 1010 1690 confilium
1038 1652 1128 1689 iniri
1156 1651 1271 1704 poffe,
1303 1652 1408 1705 quod
1434 1666 1453 1691 a
1482 1662 1550 1691 tuo
1571 1654 1708 1691 sceiere

305 1718 505 1758 abhorreat
519 1738 532 1766 3
555 1733 633 1758 non
655 1719 707 1757 est
726 1718 944 1757 ferendum.
977 1718 1247 1770 Qamobrem
1269 1719 1430 1764 discede,
1459 1730 1572 1772 atque
1601 1719 1707 1757 hunc

307 1785 408 1824 mihi
427 1787 608 1825 timorem
630 1786 733 1839 eripe
755 1800 763 1824 ε
797 1785 822 1823 fi
844 1798 968 1830 verus,
1000 1798 1048 1823 ne
1068 1785 1289 1839 opprimar,
1321 1786 1375 1824 sm
1395 1786 1525 1832 falsus,
1558 1796 1600 1824 ut
1622 1796 1707 1825 tan-

306 1853 396 1892 dem
417 1853 624 1908 aliquando
645 1853 781 1891 timere
802 1852 985 1891 definam.

364 1919 478 1959 VIII.
510 1921 609 1958 Haec
630 1920 656 1958 fi
678 1929 825 1965 tecum,
858 1928 902 1958 ut
921 1919 1016 1964 dixi,
1052 1919 1172 1971 patria
1202 1919 1396 1972 loquatur,
1427 1934 1555 1958 nonne
1578 1920 1706 1973 impe-

307 1995 404 2024 trare
424 1987 571 2032 debeat,
603 1987 720 2026 etiam
741 1987 766 2025 fi
788 1987 869 2025 vim
890 1985 1072 2024 adhibere
1092 1998 1171 2024 non
1196 1986 1309 2039 poffit
1328 1987 1340 2024 ?
1374 1987 1497 2038 Qid,
1530 1988 1635 2039 quod
1666 1997 1707 2025 tu

307 2062 345 2090 te
370 2052 447 2106 ipse
474 2054 516 2091 in
543 2053 753 2092 custodiam
783 2053 948 2091 dedisti?
983 2052 1105 2103 Qid‚
1138 2053 1258 2105 quod,
1289 2053 1452 2091 vitandae
1480 2054 1703 2105 suspicionis

308 2119 428 2163 causa,
450 2120 550 2172 apud
572 2120 634 2158 M.
658 2120 855 2172 Lepidum
876 2129 912 2158 te
934 2117 1104 2157 habitare
1126 2119 1221 2157 velle
1239 2119 1390 2158 dixisti?
1414 2134 1433 2157 a
1449 2134 1527 2172 quo
1546 2133 1620 2157 non
1644 2132 1703 2156 re-

308 2193 456 2237 ceptus,
486 2185 602 2224 etiam
632 2187 678 2224 ad
706 2199 770 2224 me
796 2186 924 2224 venire
951 2185 1060 2223 ausus
1087 2199 1153 2230 es3
1186 2195 1314 2238 atque,
1347 2195 1389 2224 ut
1417 2186 1525 2223 domi
1553 2199 1647 2222 meae
1670 2195 1705 2222 te

308 2251 540 2296 affervarem,
563 2252 712 2305 rogasti.
738 2254 843 2291 Cum
864 2266 884 2290 a
904 2265 966 2290 me
983 2265 1139 2304 quoque
1158 2252 1199 2289 id
1221 2252 1438 2304 responsum
1463 2251 1618 2295 tuliss'es,
1642 2264 1704 2287 mc

308 2317 418 2356 nullo
439 2317 557 2355 modo
576 2318 678 2370 posse
697 2319 832 2358 iisdem
854 2319 1061 2372 parietibus
1083 2328 1168 2356 tuto
1189 2318 1260 2356 effe
1288 2329 1433 2362 tecum,
1466 2318 1532 2368 qui
1562 2330 1703 2368 magno

306 2385 346 2422 in
375 2384 547 2437 periculo
573 2384 701 2429 effem,
733 2386 838 2438 quod
865 2386 1000 2424 iisdem
1030 2385 1226 2423 moenibus
1248 2386 1549 2426 contineremur,
1582 2384 1626 2419 ad
1649 2384 1715 2434 Οἐ

309 2451 520 2489 Metellum
561 2460 764 2504 praetorem
802 2452 950 2491 venisti.
993 2453 1030 2490 A
1068 2465 1146 2504 quo
1180 2451 1414 2503 repudiatus,
1456 2450 1500 2486 ad
1536 2448 1703 2487 sodalem
