2212 2835
493 207 567 263 398
988 202 1390 241 oRAT1o

489 306 626 357 scripta
646 303 743 347 effe5
778 315 854 340 non
878 315 1078 354 repugno:
1111 300 1172 339 sed
1194 314 1323 353 quaero
1340 329 1351 345 ,
1383 313 1468 353 quae
1489 300 1551 339 lex
1576 301 1650 339 lata
1679 301 1722 339 sit
1739 330 1750 346 ,
1782 309 1825 340 ut
1846 310 1888 340 tu

488 372 584 410 aedes
607 384 707 410 meas
729 370 992 414 consecra1·es;
1025 368 1093 407 ubi
1114 368 1188 407 tibi
1206 367 1289 406 haec
1310 367 1470 421 potestas
1492 368 1577 407 data
1603 369 1675 414 sit;
1708 382 1786 421 quo
1801 369 1889 420 jure

488 437 638 476 feceris.
675 438 818 489 Neque
852 449 923 489 ego
955 449 1059 474 nunc
1092 435 1138 473 de
1168 435 1366 488 religione,
1399 434 1460 472 sed
1490 435 1535 472 de
1565 435 1676 474 bonis
1707 435 1890 474 omnium

487 505 675 549 nostrum,
707 517 777 542 nec
798 503 844 541 de
863 502 1079 557 pontificio,
1111 502 1173 540 sed
1193 502 1240 540 de
1254 502 1341 554 jure
1361 502 1536 555 publico,
1568 503 1735 556 disputo.

544 574 593 611 L.
626 573 708 610 Lex
729 570 880 624 Papiria
899 579 1001 609 vetat
1027 569 1122 608 aedes
1149 569 1288 621 injussu
1315 569 1440 622 plebis
1466 569 1691 609 consecrari.
1724 570 1779 608 Sit
1806 568 1892 607 sane

487 638 564 678 hoc
585 639 631 677 de
652 638 787 677 nostris
808 636 967 682 aedibus,
988 650 1030 675 ac
1051 650 1131 675 non
1151 637 1198 674 de
1219 636 1387 689 publicis
1409 636 1581 690 templis.
1604 638 1743 675 Unum
1763 636 1891 674 osten-

488 706 534 744 de
566 706 727 744 verbum
758 704 1053 742 consecrationis
1085 703 1125 741 in
1157 703 1237 756 ipsa
1266 713 1331 741 tua
1359 703 1470 755 lege;
1504 703 1530 742 fi
1563 703 1629 742 illa
1658 704 1719 742 lex
1749 703 1815 748 est,
1847 716 1890 741 ac

488 787 566 811 non
593 787 667 811 vox
694 771 840 810 sceleris
868 780 906 808 et
932 770 1170 808 crudelitatis
1197 779 1285 807 tuae.
1333 770 1452 821 Qod
1478 771 1504 808 fi
1531 771 1605 809 tibi
1631 780 1717 809 tum
1749 771 1789 810 in
1820 770 1890 808 illo

487 840 711 893 reipublicae
741 837 939 890 naufragio
968 838 1102 875 omnia
1131 837 1171 875 in
1199 845 1373 875 mentem
1406 838 1534 875 venire
1563 837 1797 890 potuissent,
1826 846 1893 876 aut

488 907 515 945 fi
543 916 630 944 tuus
660 905 819 959 scriptor
847 906 887 943 in
918 904 988 943 illo
1018 904 1199 942 incendio
1229 903 1395 942 civitatis
1428 917 1505 942 non
1538 902 1767 957 syngraphas
1798 917 1893 942 cum

489 973 686 1025 Byzantiis
721 971 917 1016 exulibus,
953 979 990 1009 et
1025 984 1119 1009 cum
1153 970 1288 1023 legatis
1325 970 1452 1023 regiis,
1489 969 1642 1016 faceret,
1676 969 1738 1008 sed
1770 983 1893 1008 vacuo

488 1040 619 1078 animo
640 1040 713 1078 tibi
735 1039 803 1077 ista
823 1052 901 1076 non
922 1038 1028 1083 scita,
1059 1037 1121 1076 sed
1146 1045 1338 1090 portenta,
1370 1036 1627 1076 conscriberet
1643 1055 1654 1083 ;
1687 1036 1776 1076 effes
1802 1050 1892 1075 om·-

487 1107 565 1152 nia,
597 1107 622 1145 fi
646 1107 775 1144 minus
798 1119 850 1151 re,
882 1114 919 1143 at
940 1105 1066 1143 verbis
1086 1104 1289 1157 legitimis,
1321 1104 1564 1143 consecutus.
1597 1103 1670 1142 Sed
1690 1117 1769 1142 uno
1790 1113 1892 1142 tern-

488 1187 580 1227 pore
599 1174 797 1212 cautiones
825 1172 968 1210 fiebant
995 1172 1250 1225 pecuniarum
1267 1190 1279 1217 ;
1312 1170 1456 1210 foedera
1479 1170 1716 1210 feriebantur
1733 1171 1893 1225 provin-

487 1241 635 1279 ciarum
652 1259 663 1285 ;
696 1253 831 1292 regum
852 1239 1124 1291 appellationes
1152 1239 1301 1276 venales
1327 1247 1433 1277 erant
1451 1257 1462 1283 ;
1494 1238 1688 1277 servorum
1709 1239 1892 1277 omnium

488 1308 647 1345 vicatim
670 1306 933 1344 celebrabatur
953 1314 1032 1343 tota
1053 1305 1148 1343 urbe
1166 1305 1396 1357 descripti03
1415 1305 1568 1343 inimici
1588 1306 1628 1343 in
1648 1305 1810 1357 gratiam
1831 1318 1891 1342 re-

489 1374 796 1412 conciliabantur
814 1390 823 1415 ;
856 1371 1017 1424 imperia
1037 1371 1322 1410 ascribebantur
1342 1385 1448 1409 novae
1471 1372 1696 1424 juventuti3
1730 1371 1893 1423 QSeio

488 1454 679 1479 venenum
702 1439 839 1477 misero
859 1438 1089 1491 parabatur3
1121 1437 1169 1475 de
1198 1439 1274 1476 Cn.
1298 1437 1485 1490 Pompeio
1503 1467 1513 1483 ,
1545 1446 1829 1491 propugnatore
1856 1446 1896 1476 et

488 1508 643 1546 custode
659 1505 828 1559 imperii,
845 1504 1129 1550 interficiendo,
1146 1504 1305 1542 consilia
1324 1504 1542 1549 inibantur3
1562 1504 1710 1542 senatus
1731 1518 1779 1543 ne
1798 1504 1895 1558 quid

488 1574 592 1620 effer,
625 1583 667 1612 ut
701 1574 876 1626 lugerent
910 1572 1004 1610 boni
1039 1571 1201 1625 semper,
1237 1580 1281 1609 ut
1310 1580 1421 1624 capta
1448 1571 1663 1625 respublica
1689 1571 1895 1610 consulum

488 1640 708 1694 proditione
734 1639 772 1677 vi
799 1638 1003 1677 tribunitia
1027 1647 1246 1676 teneretur:
1278 1636 1362 1676 haec
1387 1651 1480 1676 cum
1507 1646 1566 1676 tot
1595 1646 1776 1690 tantaque
1805 1650 1896 1690 age-

489 1717 621 1746 rentur
639 1736 649 1753 ,
681 1720 759 1745 non
780 1705 927 1743 niIrum
947 1704 1000 1743 est
1017 1734 1027 1749 ‚
1059 1703 1266 1757 praesertim
1286 1704 1327 1741 in
1348 1702 1477 1741 furore
1496 1704 1618 1742 animi
1639 1712 1678 1742 et
1697 1704 1867 1742 caecitate
1880 1732 1892 1749 ‚

489 1774 615 1812 multa
648 1774 763 1811 illurn
796 1781 835 1809 et
869 1780 906 1808 te
940 1769 1128 1808 fefellisse.
1169 1771 1225 1808 At
1259 1769 1414 1813 videte,
1444 1778 1587 1821 quanta
1616 1769 1672 1807 vis
1701 1768 1747 1806 fit
1777 1767 1894 1821 hujus

490 1840 652 1892 Papiriae
673 1839 767 1891 legis
789 1838 828 1875 in
851 1851 889 1874 re
910 1836 1003 1882 tali;
1036 1849 1113 1874 non
1140 1835 1296 1888 qualem
1322 1843 1364 1873 tu
1393 1834 1502 1873 affers
1520 1865 1531 1880 ,
1563 1834 1711 1873 sceleris
1737 1834 1895 1888 plenam

489 1916 528 1945 et
548 1905 703 1945 furoris.
736 1905 987 1956 QMarcius
1007 1903 1138 1942 censor
1158 1903 1310 1957 signum
1332 1902 1559 1941 Concordiae
1579 1901 1720 1940 fecerat
1733 1930 1745 1948 ‚
1774 1902 1894 1956 idque

489 1974 529 2012 in
566 1973 726 2026 publico
757 1971 988 2010 collocarat:
1025 1969 1101 2009 hoc
1132 1971 1285 2023 signum
1317 1971 1364 2008 C.
1388 1969 1534 2008 Caffius
1566 1969 1698 2008 censor
1728 1983 1822 2008 cum
1853 1970 1894 2008 in

489 2040 639 2078 curiam
673 2037 942 2083 transtulisset,
974 2038 1187 2090 collegium
1221 2037 1389 2076 vestrum
1419 2037 1641 2082 consuluit,
1673 2050 1770 2075 num
1799 2036 1895 2089 quid

489 2106 563 2145 effe
595 2106 712 2145 causae
741 2106 951 2151 videretur,
982 2105 1079 2158 quin
1111 2104 1152 2143 id
1182 2105 1357 2158 iignum,
1387 2104 1634 2157 curiamque,
1667 2101 1895 2142 Concordiae
1941 2120 1944 2121 ⁷

491 2173 695 2212 dedicaret.

546 2241 617 2279 LI.
651 2239 805 2292 Qaeso,
837 2239 1060 2285 Pontifices,
1085 2247 1125 2277 et
1145 2237 1348 2277 hominem
1369 2252 1462 2277 cum
1483 2236 1658 2282 homine,
1680 2245 1718 2274 et
1738 2245 1892 2289 tempus

492 2320 585 2346 curn
606 2316 793 2360 tempore,
825 2314 863 2344 et
882 2318 964 2344 rem
985 2319 1079 2344 cum
1098 2319 1151 2351 re,
1176 2314 1411 2358 comparate.
1444 2305 1514 2343 Ille
1534 2313 1614 2342 erat
1633 2303 1785 2341 summa
1803 2316 1892 2341 mo-

494 2374 608 2412 destia
633 2383 670 2412 et
696 2374 881 2426 gravitate
906 2373 1064 2412 censor:
1096 2372 1162 2411 hic
1191 2372 1370 2411 tribunus
1399 2371 1523 2425 plebis
1550 2370 1688 2410 scelere
1713 2378 1751 2408 et
1775 2369 1892 2407 auda—

494 2440 553 2477 cia
582 2440 775 2492 singulari.
818 2441 996 2493 Tempus
1028 2439 1127 2478 illud
1155 2448 1235 2478 erat
1264 2439 1519 2492 tranquillum
1537 2467 1548 2484 ,
1579 2446 1618 2476 et
1648 2438 1689 2475 in
1719 2436 1894 2474 libertate

494 2507 644 2561 populi,
675 2517 712 2546 et
737 2507 1014 2561 gubernatione
1039 2506 1209 2561 positum
1235 2506 1409 2546 senatus:
1443 2514 1556 2545 tuum
1582 2517 1696 2558 porro
1722 2510 1892 2555 tempuS,
