2212 2835
352 227 376 264 6
847 225 1246 264 ORATIO

349 327 559 379 accipitur:
583 334 619 362 at
639 325 679 362 in
699 324 947 377 vectigalibus
968 338 1046 363 non
1067 324 1190 363 solum
1211 325 1394 363 adventus
1416 326 1521 371 mali,
1543 326 1605 364 sed
1621 327 1736 365 etiam

349 403 476 430 metus
498 392 588 444 ipse,
611 390 718 429 affert
738 391 1010 429 calamitatem.
1044 392 1164 436 Nam,
1197 405 1289 430 cum
1317 390 1488 430 hostium
1519 394 1638 446 copiae
1658 407 1736 431 non

349 459 463 510 longe
483 457 628 502 absunt,
662 457 777 494 etiarn
798 457 825 494 fi
855 457 1017 509 irruptio
1037 456 1134 495 faeta
1154 457 1260 495 nulla
1279 457 1336 503 fit,
1370 467 1498 496 tamen
1518 473 1654 511 pecora
1674 472 1735 496 re-

349 524 595 576 linquuntur,
617 522 849 575 agricultura
867 522 1059 567 deseritur,
1082 532 1338 561 mercatorum
1358 525 1549 576 navigatio
1569 525 1736 577 conqui-

349 589 463 628 escit:
487 590 539 627 ita
555 602 678 641 neque
698 602 744 626 ex
760 598 889 641 portu,
911 602 1036 640 neque
1055 603 1102 627 ex
1119 589 1306 634 decumis,
1326 603 1449 642 neque
1469 604 1516 628 ex
1537 591 1734 643 scriptura,

349 655 509 707 vectigal
530 655 738 693 conservari
764 655 897 706 potest.
930 656 1059 706 Qare
1088 655 1180 708 saepe
1213 657 1330 693 totius
1361 657 1451 694 anni
1480 656 1625 695 fruetus
1658 671 1736 695 uno

350 734 504 758 rumore
524 720 698 772 periculi,
719 728 833 772 atque
853 734 932 758 uno
952 720 1046 759 belli
1065 730 1218 766 terrore,
1240 723 1444 760 amittitur.

401 788 494 837 Qo
514 786 669 823 tandem
689 786 818 824 animo
838 784 909 823 effe
929 786 1152 824 existimatis
1173 796 1237 825 aut
1257 801 1335 833 eos,
1357 788 1425 840 qui
1446 788 1643 840 vectigalia
1662 802 1734 827 no-

349 852 407 889 bis
428 852 627 904 pensitant,
645 860 709 889 aut
729 864 805 896 eOS,
821 852 889 903 qui
909 862 1086 890 exercent
1105 862 1219 905 atque
1232 854 1406 906 exigunt,
1423 868 1515 892 cum
1534 855 1610 892 duo
1631 868 1736 907 reges

348 932 440 955 cum
462 917 641 955 maximis
662 917 783 969 copiis
814 931 932 970 prope
951 918 1098 955 adsint?
1129 932 1221 956 curn
1253 932 1328 956 una
1345 920 1516 958 excursio
1545 922 1735 973 equitatus

348 984 520 1037 perbrevi
542 992 714 1034 tempore
734 983 851 1020 totius
872 984 961 1021 anni
981 984 1141 1035 vectigal
1161 983 1307 1021 auferre
1326 984 1465 1037 poffit?
1486 999 1580 1023 cum
1599 987 1735 1038 publi-

347 1049 430 1087 cani
451 1048 613 1086 familias
635 1047 847 1091 maximas,
882 1061 975 1099 quas
1007 1049 1047 1085 in
1067 1047 1192 1086 salinis
1223 1048 1392 1094 habent,
1423 1064 1516 1102 quas
1548 1051 1589 1088 in
1620 1053 1733 1104 agris,

347 1128 439 1166 quas
469 1115 508 1151 in
529 1113 715 1165 portubus
736 1121 849 1164 atque
876 1112 1072 1157 custodiis,
1102 1127 1243 1166 magno
1263 1115 1436 1166 periculo
1455 1115 1490 1153 se
1516 1115 1654 1155 habere
1673 1132 1733 1156 ar·-

347 1179 566 1217 bitrentur?
590 1177 783 1215 Putatisne
804 1191 868 1216 vos
888 1178 965 1216 illis
986 1179 1098 1217 rebus
1119 1178 1196 1217 frui
1216 1179 1330 1232 poffe,
1350 1181 1418 1218 nis1
1438 1194 1515 1226 eos,
1538 1184 1606 1234 qui
1626 1184 1735 1223 vobis

349 1245 529 1283 fruetuofi
552 1243 652 1287 sunt,
674 1243 993 1288 conservaveritis,
1011 1258 1088 1282 non
1107 1245 1246 1290 solum,
1270 1255 1312 1284 ut
1331 1256 1439 1285 antea
1458 1248 1554 1293 dixi,
1574 1249 1735 1289 calami-

348 1321 436 1355 tate,
459 1311 520 1348 sed
539 1311 656 1348 etiam
676 1309 901 1348 calamitatis
921 1309 1140 1356 formidine,
1165 1312 1372 1351 liberatos?

404 1378 494 1414 VII.
527 1378 587 1414 Ac
608 1389 655 1413 ne
686 1375 783 1413 illud
803 1376 960 1428 quidem
991 1377 1100 1415 vobis
1121 1378 1399 1430 negligendum
1416 1380 1482 1425 est,
1508 1381 1613 1433 quod
1634 1382 1735 1421 mihi

346 1457 418 1495 ego
434 1452 651 1480 extremum
672 1441 955 1494 proposueram,
972 1456 1065 1480 cum
1085 1443 1198 1482 effem
1219 1444 1265 1482 de
1284 1444 1376 1483 belli
1395 1459 1532 1498 genere
1546 1447 1733 1495 disturus,

347 1510 452 1562 quod
472 1509 517 1547 ad
538 1508 753 1546 multorum
773 1508 873 1547 bona
891 1509 1038 1547 civium
1060 1511 1328 1550 Romanorum
1348 1514 1513 1565 pertinet
1530 1529 1540 1553 :
1565 1528 1734 1567 quorum

346 1575 469 1620 vobis,
491 1588 561 1627 pro
581 1574 697 1612 vestra
716 1574 908 1626 sapientia,
927 1575 1115 1628 Qirites,
1136 1576 1310 1616 habenda
1327 1579 1381 1616 est
1400 1580 1495 1617 ratio
1514 1579 1732 1634 diligenter.

346 1641 452 1679 Nam
477 1650 514 1678 et
534 1640 745 1693 publicani,
777 1639 955 1679 homines
975 1651 1013 1680 et
1043 1640 1293 1682 honestiffimi
1323 1653 1362 1696 et
1379 1645 1619 1691 ornatiffimi,
1651 1647 1732 1686 suas

346 1708 507 1746 rationes
527 1716 564 1744 et
583 1707 711 1759 copias
730 1707 769 1744 in
791 1707 899 1745 illam
920 1709 1158 1761 provinciam
1179 1711 1427 1749 contulerunt
1446 1726 1455 1749 :
1479 1725 1647 1764 quorum
1670 1715 1731 1767 ip-

346 1773 473 1811 sorum
495 1786 561 1826 per
581 1772 616 1810 se
644 1785 701 1810 res
727 1782 765 1811 et
783 1772 946 1812 fortunae
965 1788 1065 1813 curae
1085 1775 1192 1813 vobis
1213 1775 1283 1813 effe
1311 1776 1466 1816 debent.
1498 1778 1672 1824 Etenim,
1704 1781 1731 1818 fi

345 1840 542 1892 veditigalia
561 1852 692 1877 nervos
715 1839 784 1877 effe
804 1841 1024 1894 reipublicae
1045 1842 1191 1895 semper
1206 1843 1389 1881 duximus
1406 1862 1417 1889 3
1440 1858 1531 1883 eum
1547 1855 1648 1884 certe
1667 1860 1732 1885 or-

344 1907 491 1951 dinem,
515 1906 582 1958 qui
601 1914 752 1944 exercet
769 1906 848 1953 illa,
875 1907 1167 1947 firmamentum
1187 1919 1411 1948 caeterorum
1431 1912 1613 1950 ordinum
1633 1915 1733 1952 recte

344 1972 416 2010 effe
436 1972 624 2010 dicemus.

400 2038 552 2076 Deinde
584 2038 728 2076 caeteris
760 2052 806 2076 ex
826 2039 1024 2078 ordinibus
1044 2040 1222 2080 homines
1242 2044 1356 2095 gnavi
1382 2053 1420 2082 et
1439 2044 1614 2083 industrii
1644 2059 1731 2098 par-

345 2104 418 2142 tim
445 2104 484 2141 in
507 2104 593 2141 Afia
614 2105 869 2156 negotiantur,
901 2106 1044 2158 quibus
1065 2121 1129 2146 vos
1161 2108 1378 2147 absentibus
1399 2109 1596 2148 consulere
1615 2111 1731 2149 debe-

344 2170 418 2214 tis,
450 2170 589 2221 partim
620 2169 714 2214 (ωας,
739 2179 776 2207 et
808 2169 978 2215 suorum,
1009 2172 1049 2209 in
1070 2186 1112 2210 ea
1141 2173 1337 2225 provincia
1364 2175 1543 2227 pecunias
1575 2189 1731 2229 magnas

345 2235 548 2274 collocatas
570 2234 724 2273 habent.
760 2236 845 2273 Erit
866 2236 984 2290 igitur
1004 2237 1255 2277 humanitatis
1286 2240 1427 2286 vestrae,
1456 2255 1644 2294 magnum
1664 2256 1731 2281 eo-

344 2315 431 2339 rum
452 2301 598 2338 civium
626 2315 832 2339 numerum
859 2303 1074 2342 calamitate
1093 2304 1296 2357 prohibere
1310 2324 1322 2351 ς
1354 2307 1558 2359 sapientiae,
1589 2309 1731 2354 videre,

343 2368 559 2405 multorum
592 2368 737 2406 civium
765 2369 1023 2408 calamitatem
1049 2384 1070 2408 a
1095 2372 1292 2424 republica
1317 2373 1523 2426 sejund'tam
1553 2374 1623 2412 effe
1652 2388 1731 2413 non

345 2433 456 2487 posse.
490 2435 648 2472 Etenim
668 2435 765 2473 illud
788 2436 960 2488 primum
991 2439 1095 2490 parvi
1116 2438 1244 2484 refert,
1273 2454 1338 2478 vos
1359 2441 1575 2493 publicanis
1602 2441 1731 2480 amiffa

342 2500 539 2552 vectigalia
552 2501 675 2553 postea
687 2502 843 2541 vidtoria
855 2516 1073 2558 recuperare
1087 2520 1096 2545 ε
1115 2519 1240 2558 neque
1252 2507 1356 2545 enim
1368 2507 1503 2546 iisdem
1515 2507 1729 2547 redimendi
