2212 2835
675 195 814 233 PRo
874 193 1091 231 DOMO
1151 192 1295 229 SUA.
1603 188 1684 242 387

291 297 456 336 fortibus
476 296 657 341 excitari,
676 295 701 333 fi
722 308 798 333 una
816 307 908 332 cum
928 293 1038 332 bonis
1059 291 1297 337 interiissem,
1316 291 1424 329 nullo
1445 288 1562 328 modo
1581 288 1686 342 poffe

290 364 459 402 recreari.
683 408 686 411 ,

343 430 519 483 Accepi,
553 427 784 471 Pontifices,
816 438 1004 477 magnum
1035 432 1151 475 atque
1178 423 1447 460 incredibilem
1480 423 1682 460 dolorem:

292 508 369 533 non
390 508 515 547 nego;
547 507 671 544 neque
691 492 800 529 istam
823 489 922 528 mihi
942 489 1080 526 ascisco
1101 488 1339 540 sapientiam,
1367 501 1485 539 quarn
1507 488 1686 526 nonnulli

290 562 332 599 in
353 574 416 598 me
437 559 696 612 requirebant,
716 557 784 609 qui
805 570 869 595 me
889 555 1021 593 animo
1041 555 1159 592 nimis
1180 552 1300 591 frafto
1321 553 1392 591 effe
1413 563 1526 605 atque
1545 553 1687 591 afflicto

290 626 561 678 loquebantur.
593 626 659 662 An
679 637 752 676 ego
772 632 944 676 poteram
962 650 974 666 ,
1005 634 1097 658 curn
1119 634 1139 657 a
1158 628 1217 658 tot
1237 633 1364 657 rerum
1386 628 1490 656 tanta
1510 620 1689 657 varietate

291 691 502 735 divellerer,
537 690 646 742 (quas
678 689 824 727 idcirco
851 695 1046 740 praetereo,
1078 685 1183 738 quod
1214 698 1262 723 ne
1293 698 1398 723 nunc
1425 685 1584 737 quidem
1612 685 1690 723 fine

243 788 247 793 ,
290 757 383 796 fletu
403 769 707 795 commemorare
726 754 896 807 possum)
918 751 1075 790 infitiari
1097 764 1160 789 me
1179 750 1250 788 effe
1268 749 1487 794 hominem,
1519 759 1557 788 et
1576 764 1690 788 com-

291 836 455 861 munem
476 831 619 860 naturae
639 820 790 858 sensum
811 817 1032 872 repudiare?
1050 818 1160 856 Tum
1182 830 1271 854 vero
1290 829 1416 868 neque
1436 815 1534 854 illud
1555 829 1690 854 meum

292 889 440 928 factum
461 888 651 926 laudabile
667 917 678 932 ,
710 900 780 925 nec
807 885 1042 925 beneficium
1069 883 1196 922 ullum
1219 897 1241 921 a
1261 896 1325 921 me
1345 883 1385 920 in
1405 882 1693 936 rempublicam

292 955 513 1010 profectum
542 955 709 993 dicerem
724 983 736 999 ‚
767 953 793 991 fi
814 952 974 1006 quidem
994 964 1037 989 ea
1055 949 1277 1004 reipublicae
1297 949 1405 988 causa
1430 948 1662 1001 reliquissem
1679 978 1692 994 ,

295 1023 437 1075 quibus
469 1035 580 1074 aequo
610 1021 742 1060 animo
775 1032 970 1058 carerem:
1002 1030 1166 1070 eamque
1199 1016 1320 1054 animi
1354 1015 1565 1060 duritiam,
1596 1015 1695 1054 ficut

295 1089 464 1142 corporis
479 1118 489 1134 ,
521 1087 627 1140 quod
646 1101 739 1125 cum
759 1086 883 1125 uritur
902 1098 981 1123 non
1002 1083 1115 1122 sentit
1128 1112 1140 1129 ,
1171 1082 1364 1136 stuporem
1384 1082 1513 1135 potius
1531 1110 1543 1127 ‚
1574 1094 1695 1135 quam

294 1156 493 1200 virtutem,
525 1162 715 1207 putarem.

349 1222 564 1260 XXXVII.
597 1219 793 1273 Suscipere
814 1226 938 1257 tantos
960 1217 1081 1256 animi
1097 1216 1260 1261 dolores,
1277 1224 1392 1268 atque
1407 1228 1463 1260 ea,
1482 1229 1566 1268 quae
1586 1223 1698 1268 capta

294 1288 390 1327 urbe
410 1287 592 1326 accidunt
611 1287 736 1331 victis,
767 1285 887 1324 stante
906 1284 1001 1322 urbe
1021 1297 1145 1322 unum
1165 1282 1328 1336 perpeti,
1358 1291 1397 1320 et
1410 1283 1494 1334 jam
1514 1281 1550 1320 se
1568 1281 1700 1321 videre

297 1353 454 1393 distrahi
470 1368 491 1392 a
510 1353 719 1406 complexu
744 1351 900 1390 suorum
919 1380 930 1396 ,
962 1349 1164 1388 disturbari
1193 1350 1291 1387 tecta
1307 1378 1319 1394 ,
1350 1348 1467 1401 diripi
1494 1347 1666 1386 fortunas
1683 1376 1698 1394 ,

296 1421 427 1475 patriae
459 1421 628 1472 denique
659 1418 768 1458 causa
797 1418 961 1471 patriam
992 1415 1115 1468 ipsam
1145 1415 1349 1460 amittere,
1380 1414 1531 1467 spoliari
1560 1414 1700 1468 populi

299 1487 473 1526 Romani
491 1485 690 1525 beneficiis
710 1483 968 1536 ampliffimis,
986 1481 1217 1534 praecipitari
1232 1494 1279 1519 ex
1299 1479 1481 1519 altiffimo
1499 1481 1701 1534 dignitatis

299 1554 434 1607 gradu,
464 1553 592 1591 videre
611 1559 852 1604 praetextatos
873 1549 1069 1593 inimicos,
1100 1546 1276 1586 nondum
1298 1556 1423 1585 morte
1443 1547 1700 1600 complorata,

300 1621 456 1659 arbitria
488 1627 660 1673 petentes
695 1617 841 1655 funeris
858 1634 869 1661 3
910 1614 992 1654 haec
1027 1614 1159 1652 omnia
1192 1613 1318 1652 subire
1352 1613 1701 1652 conservandorum

300 1688 447 1726 civium
479 1685 601 1730 causa,
637 1693 752 1737 atque
780 1684 845 1728 ita,
882 1691 925 1720 ut
957 1681 1130 1720 dolenter
1160 1681 1281 1726 abfis,
1317 1693 1396 1719 non
1427 1689 1506 1718 tam
1538 1680 1701 1733 sapiens,

301 1767 420 1807 quam
440 1752 482 1796 ii,
514 1752 584 1805 qui
604 1749 704 1789 nihil
725 1758 874 1795 curant,
899 1748 962 1786 sed
982 1757 1062 1786 tam
1081 1760 1211 1785 amans
1233 1755 1404 1792 tuorum,
1426 1759 1470 1784 ac
1490 1746 1562 1791 tui,
1584 1759 1704 1798 quam

302 1819 525 1860 communis
545 1817 767 1856 humanitas
789 1815 953 1871 postulat
971 1830 980 1854 ε
1013 1829 1055 1853 ea
1074 1815 1156 1853 laus
1177 1813 1354 1868 praeclara
1370 1842 1381 1859 ,
1412 1821 1528 1866 atque
1555 1813 1702 1852 divina.

302 1888 425 1932 Nam,
447 1887 516 1939 qui
536 1900 590 1931 ea,
609 1899 694 1938 quae
715 1897 916 1937 nunquam
937 1896 1022 1921 cara
1041 1896 1083 1920 ac
1098 1881 1271 1935 jucunda
1291 1880 1419 1926 duxit,
1439 1880 1573 1918 animo
1593 1893 1705 1933 aequo

305 1953 525 2006 reipublicae
558 1952 667 1990 causa
704 1951 840 1990 deserit
857 1980 868 1996 ,
908 1950 1055 1988 nullam
1090 1948 1397 1987 benevolentiam
1434 1947 1624 2000 infignem
1642 1955 1646 1958 ’
1661 1947 1705 1984 in

307 2020 590 2073 rempublicam
612 2019 800 2057 declarat:
833 2017 901 2069 qui
923 2026 1053 2055 autem
1073 2029 1115 2054 ea
1135 2015 1319 2067 relinquit
1340 2013 1560 2067 reipublicae
1581 2011 1703 2057 causa,

307 2100 327 2123 a
348 2086 490 2138 quibus
512 2099 604 2123 cum
626 2085 779 2123 summo
801 2084 931 2122 dolore
952 2083 1163 2127 divellitur,
1195 2082 1229 2119 ei
1251 2081 1371 2134 patria
1391 2093 1475 2117 cara
1495 2079 1570 2124 est,
1593 2079 1704 2129 cujus

308 2151 466 2190 salutem
488 2150 633 2188 caritati
653 2149 852 2203 anteponit
873 2148 1042 2186 suorum.

364 2217 492 2267 Qarc
514 2217 794 2269 rempublicam
819 2214 1096 2267 (disrumpatur
1116 2213 1205 2250 licet
1229 2212 1293 2249 issa
1314 2210 1424 2254 furia,
1443 2219 1556 2260 atque
1578 2208 1706 2246 audiat

311 2284 390 2321 haec
412 2297 458 2320 ex
480 2295 541 2320 me
558 2311 568 2327 ,
601 2282 783 2334 quoniam
814 2281 1024 2331 laceffivit)
1058 2280 1115 2317 bis
1138 2278 1304 2316 servavi:
1338 2285 1379 2314 ut
1400 2275 1529 2314 consul
1553 2283 1704 2326 togatus

311 2358 475 2388 armatos
496 2349 676 2393 vicerim
695 2349 862 2401 privatus
880 2347 1099 2385 consulibus
1117 2344 1270 2382 armatis
1292 2342 1475 2380 cefferIm.
1492 2340 1705 2392 Utriusque

314 2416 499 2469 temporis
520 2414 689 2453 fructum
712 2414 785 2451 tuli
811 2414 1058 2452 maximum:
1092 2410 1290 2463 superioris
1310 2438 1319 2452 ,
1352 2408 1456 2459 quod
1485 2421 1529 2444 ex
1558 2407 1704 2444 senatus

313 2483 537 2523 auctoritate
571 2491 610 2521 et
644 2481 816 2520 senatum
850 2489 888 2517 et
921 2491 1056 2518 omnes
1092 2478 1210 2516 bonos
1229 2504 1238 2519 ‚
1275 2488 1367 2512 meae
1402 2474 1531 2514 salutis
1566 2473 1672 2512 causa
1692 2501 1703 2519 ‚

1214 2544 1246 2580 C
1278 2555 1297 2579 c
1328 2554 1348 2579 c
1381 2553 1401 2580 2
