2212 2835
386 191 457 242 148
804 186 1220 231 ORATIO,
1278 185 1354 224 &c.

379 288 516 326 vendet
536 298 597 324 eos
619 298 703 323 mea
722 285 818 337 lege,
840 284 974 336 quanti
995 284 1110 322 volet.
1141 283 1273 321 Habet
1291 282 1471 327 incertos,
1489 293 1532 320 ac
1552 281 1661 320 nullo
1676 282 1768 334 jure·

378 352 570 405 possessos:
594 350 927 389 confirmabuntur
945 350 1096 403 optimo
1111 351 1209 402 jure.
1232 349 1365 387 Habet
1383 348 1585 401 publicos:
1608 347 1765 386 reddam

378 419 559 470 privatos.
592 417 774 469 Denique
793 430 854 454 eos
873 415 1029 460 fundos,
1060 429 1156 468 quos
1176 416 1217 453 in
1237 428 1326 467 agro
1346 415 1511 453 Cafinati
1538 414 1708 467 optimos
1728 415 1768 452 e't

379 484 690 522 fruetuofiffimos
712 483 966 528 continuavit,
997 496 1089 520 curn
1117 481 1234 534 usque
1260 495 1305 519 eo
1330 481 1476 519 vicinos
1501 480 1765 534 proscriberet,

380 551 505 603 quoad
531 550 654 588 oculis
681 548 946 587 confirmando
971 562 1018 586 ex
1038 548 1171 586 multis
1196 547 1344 600 praediis
1365 560 1482 585 unam
1502 546 1619 585 fundi
1639 546 1766 598 regio-

381 630 472 654 nem
492 616 735 667 formamque
755 614 957 668 perfecerit
972 633 984 661 5
1015 627 1111 667 quos
1133 627 1235 652 nunc
1256 627 1348 652 cum
1369 614 1499 667 aliquo
1519 622 1627 652 metu
1647 612 1765 658 tenet,

381 683 459 721 sme
479 684 558 721 ulla
576 696 666 720 cura
686 681 901 734 poffidebit.

436 750 503 794 Et,
535 749 733 801 quoniam,
756 761 831 800 qua
850 747 896 785 de
914 746 1022 785 causa
1040 756 1078 785 et
1096 760 1264 799 quorum
1283 746 1391 784 causa
1410 746 1475 784 ille
1494 745 1570 784 hoc
1589 744 1768 798 promul-

381 811 499 863 gavit,
531 809 675 848 ostendi
691 828 703 854 ;
736 809 868 847 doceat
896 809 986 861 ipse,
1018 821 1114 845 num
1143 822 1214 860 ego
1237 821 1355 859 quem
1376 807 1612 859 pofl‘efforem
1633 806 1768 845 defen-

383 876 486 921 dam,
508 889 599 913 cum
617 875 784 926 Agrariae
800 874 876 926 legi
897 873 1033 912 refisto.
1058 873 1199 911 Silvam
1221 872 1414 911 Scantiam
1432 872 1586 910 vendis:
1609 872 1770 924 respub-

382 941 456 979 lica
486 940 671 993 poffidet:
703 939 879 978 defendo.
912 940 1157 991 Campanum
1183 952 1319 990 agrum
1341 937 1503 976 dividis:
1536 950 1602 976 vos
1623 936 1706 975 estis
1728 936 1769 974 in

381 1007 600 1059 poffeffione
618 1021 627 1044 ε
668 1019 746 1043 non
780 1006 887 1043 cedo.
929 1005 1080 1042 Deinde
1114 1004 1247 1049 Italiae,
1279 1004 1431 1049 Siciliae,
1471 1012 1771 1055 caeterarumque

383 1073 682 1125 provinciarum,
704 1070 941 1124 poffeffiones
961 1070 1110 1108 venales
1130 1084 1172 1107 ac
1194 1069 1419 1122 proscriptas
1439 1069 1510 1108 hac
1531 1070 1615 1122 lege
1633 1069 1768 1107 video:

383 1138 500 1176 vestra
515 1138 601 1176 sunt
615 1137 766 1190 praedia,
789 1136 914 1174 vestrae
930 1135 1185 1188 poffeffiones:
1206 1135 1382 1180 refistam,
1404 1145 1517 1187 atque
1533 1134 1770 1187 repugnabo,

384 1219 508 1257 neque
530 1205 662 1257 patiar,
693 1217 712 1241 a
732 1216 929 1255 quoquam
949 1203 1142 1256 populum
1163 1203 1388 1240 Romanum
1410 1202 1456 1240 de
1482 1201 1555 1240 suis
1579 1201 1771 1254 poffeffio-

384 1271 511 1315 nibus,
541 1284 602 1308 me
625 1269 804 1314 Consule,
827 1269 1020 1307 demoveri
1033 1287 1045 1313 3
1077 1268 1283 1320 praesertim
1303 1281 1396 1307 curn
1416 1267 1524 1306 vobis
1545 1265 1644 1305 nihil
1664 1280 1770 1318 quae-

385 1345 499 1373 ratur.
523 1336 614 1373 Hoc
634 1335 739 1372 enim
760 1348 825 1373 vos
846 1335 886 1372 in
907 1347 1030 1372 errore
1048 1333 1181 1372 versari
1201 1334 1345 1372 diutius
1367 1347 1444 1372 non
1463 1341 1627 1385 oportet.
1657 1332 1772 1370 Num

385 1402 471 1453 quis
494 1401 657 1438 vestrum
679 1400 724 1438 ad
746 1401 841 1444 vim,
863 1400 909 1437 ad
928 1399 1092 1445 facinus,
1114 1400 1159 1437 ad
1180 1400 1337 1444 caedem,
1359 1398 1669 1438 accommodatus
1689 1398 1770 1436 est?

385 1481 512 1505 nem0.
535 1468 666 1519 Atque
686 1468 720 1504 ei
740 1467 869 1519 generi
889 1465 1111 1511 hominum,
1133 1465 1233 1504 mihi
1249 1466 1405 1511 credite,
1429 1467 1650 1518 Campanus
1670 1478 1770 1517 ager,

384 1542 422 1585 et
453 1534 629 1585 praeclara
659 1532 725 1570 illa
752 1533 895 1584 Capua,
927 1531 1120 1569 servatur:
1153 1532 1342 1570 exercitus
1369 1541 1501 1570 contra
1527 1544 1609 1576 vos,
1640 1539 1773 1568 contra

386 1598 600 1642 libertatem
622 1597 793 1642 vestram,
825 1606 956 1635 contra
976 1598 1051 1636 Cn.
1076 1598 1321 1650 Pompeium,
1333 1597 1609 1637 constituitur:
1641 1606 1775 1634 contra

386 1664 484 1702 hanc
506 1665 656 1709 urbem,
681 1666 835 1716 Capua;
859 1673 990 1702 contra
1009 1677 1089 1708 vos,
1121 1678 1255 1702 manus
1275 1663 1486 1702 hominum
1506 1662 1772 1701 audaciffimo-

387 1740 501 1769 rum3
525 1736 654 1763 contra
675 1726 750 1763 Cn.
774 1725 1021 1776 Pompeium,
1043 1725 1176 1762 decem
1198 1725 1311 1762 duces
1331 1733 1614 1776 comparantur.
1648 1724 1771 1760 Veni-

387 1800 451 1828 ant
471 1805 613 1834 coram,
645 1801 694 1834 et,
718 1791 900 1842 quoniam
927 1803 990 1827 me
1010 1790 1050 1827 in
1071 1789 1230 1828 vestram
1250 1790 1494 1835 concionem,
1525 1789 1633 1828 vobis
1661 1787 1771 1841 flagi-

388 1857 572 1906 tantibus,
603 1866 921 1902 convocaverunt,
953 1855 1141 1895 differant.
