2212 2835
484 162 563 214 284
992 156 1393 197 ORATIO

483 260 532 298 fic
554 259 629 298 hoc
650 272 721 311 ego
747 257 881 303 sentio,
912 257 936 295 fi
967 257 1043 295 mei
1072 255 1162 295 faeti
1183 256 1369 294 rationem
1390 254 1514 299 vobis,
1545 254 1874 307 constantiamque

483 325 598 376 hujus
620 325 738 363 officii
759 338 801 362 ac
828 323 1082 368 defensionis,
1113 323 1346 377 probavero,
1377 321 1527 360 causam
1554 334 1710 374 quoque
1737 334 1800 359 me
1827 322 1871 359 P.

484 392 594 443 Syllae
612 392 879 445 probaturum,

537 461 597 497 Ac
632 459 806 512 primum
840 458 905 496 abs
940 467 976 496 te
1011 457 1122 502 illud,
1159 458 1206 495 L.
1230 458 1443 509 Torquate,
1477 469 1619 508 quaero,
1658 468 1727 492 cur
1758 467 1821 492 me
1853 467 1875 492 a

482 525 626 563 caeteris
648 525 860 563 clariffimis
881 524 992 569 viris,
1022 538 1064 562 ac
1084 523 1326 577 principibus
1347 523 1534 566 civitatis,
1565 523 1604 560 in
1625 521 1700 560 hoc
1721 521 1870 565 officio,

482 602 595 644 atque
615 593 654 630 in
675 592 750 630 hoc
771 591 997 630 defensionis
1013 591 1113 643 jure,
1135 591 1315 629 secernas.
1340 591 1448 642 Qid
1468 590 1571 627 enim
1593 589 1659 634 est,
1680 588 1874 641 quamob-

483 672 565 697 rem
585 660 649 697 abs
671 668 707 697 te
729 658 998 711 QHortenfii
1020 657 1180 702 factum,
1209 657 1402 695 clariffimi
1424 657 1493 695 viri
1515 666 1629 709 atque
1648 654 1875 694 ornatiffirni

483 726 590 769 civis,
624 739 700 762 non
728 724 1037 777 reprehendatur,
1070 722 1365 775 reprehendatur
1392 722 1557 761 meum?
1588 722 1711 767 Nam,
1741 722 1768 760 fi
1795 721 1873 759 ini-

482 800 568 829 tum
588 791 639 828 est
659 790 860 828 confilium
882 803 901 827 a
922 790 965 827 Ρ.
982 788 1082 840 Sylla
1102 788 1386 826 inflammandae
1406 789 1586 833 civitatis,
1607 787 1723 840 hujus
1744 788 1873 826 extin-

481 858 624 911 guendi
645 856 813 909 imperii,
845 856 1015 894 delendae
1036 855 1169 899 urbis3
1201 853 1301 893 mihi
1322 854 1508 906 majorem
1528 852 1586 892 hae
1607 867 1664 891 res
1685 854 1873 899 dolorem,

481 937 599 976 quam
620 922 918 975 QHortenfiQ
949 920 1050 960 mihi
1071 921 1193 974 majus
1215 921 1364 965 odium,
1396 919 1528 958 afferre
1548 920 1717 958 debent?
1739 933 1874 957 meum

481 989 648 1042 denique
668 989 817 1042 gravius
837 987 908 1026 effe
922 988 1136 1040 judicium,
1167 988 1236 1040 qui
1254 986 1488 1039 adjuvandus
1510 986 1549 1024 in
1569 984 1629 1024 his
1649 985 1781 1030 caufis,
1807 984 1877 1037 qui

480 1056 775 1110 oppugnandus,
807 1055 876 1108 qui
896 1053 1172 1100 defendendus,
1203 1054 1271 1106 qui
1292 1053 1532 1098 deserendus,
1561 1052 1633 1091 effe
1653 1052 1825 1091 videatur
1843 1052 1856 1089 ?

535 1123 589 1160 ΙΙ.
622 1123 693 1166 Ita,
724 1122 880 1174 inquit:
913 1130 956 1158 tu
976 1120 1082 1158 enim
1103 1119 1346 1172 investigasti,
1378 1128 1419 1157 tu
1440 1117 1665 1171 patefecisti,
1695 1121 1876 1170 conjura-

481 1189 644 1227 tionem.
722 1188 797 1226 uod
827 1201 919 1225 cum
946 1187 1056 1231 dicit,
1087 1200 1164 1224 non
1191 1185 1369 1230 attendit,
1400 1199 1506 1231 eum,
1537 1185 1606 1237 qui
1636 1183 1873 1238 patefecerit,

480 1255 555 1293 hoc
576 1254 732 1299 curasse,
764 1263 807 1291 ut
827 1253 866 1291 id
886 1266 1019 1291 omnes
1040 1253 1222 1298 viderent,
1254 1252 1357 1304 quod
1384 1261 1492 1290 antea
1511 1250 1636 1290 fuisset
1656 1251 1871 1289 occultum.

480 1324 611 1374 Qare
631 1321 698 1360 ista
724 1321 950 1373 conjuratio,
982 1320 1008 1358 fi
1034 1319 1221 1373 patefacta
1246 1333 1313 1372 per
1339 1333 1401 1358 me
1427 1318 1492 1364 est,
1525 1328 1604 1356 tam
1631 1327 1735 1371 patet
1763 1318 1872 1356 Hor-

481 1388 614 1434 tenfio,
645 1402 761 1441 quarn
783 1387 897 1426 mihi.
930 1388 1063 1438 Qem
1083 1400 1174 1424 cum
1195 1386 1335 1430 videas,
1360 1384 1435 1423 hoc
1456 1384 1616 1430 honore,
1637 1385 1872 1428 auetoritate,

481 1456 648 1500 virtute,
684 1453 841 1493 confilio
874 1453 1105 1506 praeditum,
1142 1465 1220 1489 non
1254 1451 1465 1496 dubitafl‘e,
1496 1452 1591 1503 quin
1626 1451 1874 1489 innocentem

483 1523 527 1561 P.
551 1521 694 1574 Syllam
715 1519 963 1564 defenderet;
995 1532 1139 1571 quaero,
1169 1531 1252 1564 cur,
1283 1518 1350 1570 qui
1370 1517 1494 1556 aditus
1520 1518 1566 1555 ad
1587 1516 1735 1555 causam
1765 1517 1875 1554 Hor-

480 1587 599 1626 tenfio
633 1586 822 1640 patuerit,
861 1583 963 1623 mihi
996 1583 1223 1623 interclusus
1262 1583 1333 1622 effe
1371 1583 1559 1622 debuerit.
1599 1583 1742 1635 Qaero
1778 1581 1878 1620 illud

480 1654 619 1699 etiam,
650 1653 676 1692 fi
708 1667 791 1698 me,
823 1653 891 1706 qui
922 1649 1101 1696 defendo,
1132 1649 1491 1703 reprehendendum
1522 1658 1632 1703 putas
1663 1648 1747 1694 effe,
1779 1647 1876 1701 quid

480 1720 634 1759 tandem
657 1720 702 1758 de
722 1719 783 1758 his
804 1718 995 1758 existimas
1015 1717 1176 1755 summ-is
1197 1717 1286 1754 viris
1306 1725 1343 1754 et
1363 1716 1575 1754 clarifiimis
1593 1715 1757 1760 civibus,
1774 1728 1874 1766 quo-

481 1801 566 1826 rum
589 1786 713 1824 studio
734 1795 771 1823 et
795 1785 980 1837 dignitate
1006 1782 1189 1821 celebrari
1218 1780 1293 1819 hoc
1313 1781 1526 1833 judicium,
1557 1780 1683 1818 ornari
1708 1779 1873 1825 causam,

480 1852 631 1891 defendi
652 1851 767 1903 hujus
789 1850 1066 1894 innocentiam,
1096 1848 1232 1886 vides?
1265 1861 1340 1886 non
1368 1848 1474 1885 enirn
1503 1860 1577 1885 una
1602 1846 1655 1884 est
1682 1846 1777 1884 ratio
1804 1846 1872 1884 de-

480 1918 660 1957 fensionis
690 1930 755 1962 ea,
788 1930 872 1969 quae
901 1915 1020 1969 pofita
1046 1915 1098 1953 est
1129 1915 1169 1953 in
1196 1915 1390 1952 oratione:
1423 1927 1582 1958 omnes,
1613 1913 1682 1965 qui
1710 1912 1870 1957 adsunt,

479 1986 547 2038 qui
569 1985 754 2030 laborant,
786 1984 854 2037 qui
874 1982 1020 2022 salvum
1041 1982 1190 2028 volunt,
1221 1995 1291 2035 pro
1310 1981 1372 2019 sua
1391 1989 1496 2034 parte
1517 1989 1630 2033 atque
1651 1980 1876 2019 auctoritate

479 2050 704 2091 defendunt.

536 2120 598 2156 An
622 2131 723 2162 vero,
757 2117 795 2154 in
826 2116 969 2168 quibus
997 2115 1181 2154 subselliis
1208 2114 1290 2154 haec
1320 2123 1543 2153 ornamenta
1563 2127 1605 2152 ac
1626 2113 1775 2152 lumina
1795 2113 1872 2151 rei'-

478 2184 645 2238 publicre
667 2183 849 2226 viderem,
872 2182 912 2220 in
934 2180 993 2220 his
1015 2195 1077 2219 me
1097 2195 1273 2235 apparere
1294 2181 1453 2225 nollem,
1475 2194 1644 2233 quorum
1665 2193 1737 2232 ego
1757 2191 1871 2232 opera

477 2250 590 2288 illum
609 2250 647 2287 in
665 2249 811 2292 locum,
829 2257 944 2300 atque
959 2248 998 2285 in
1016 2246 1115 2285 hanc
1133 2247 1368 2285 celfiffimam
1392 2247 1519 2284 sedem
1539 2246 1737 2299 dignitatis
1759 2255 1876 2298 atque

477 2316 648 2360 honoris,
680 2314 815 2353 multis
847 2314 944 2352 meis
972 2326 1015 2352 ac
1045 2314 1194 2366 magnis
1226 2313 1421 2351 laboribus
1451 2322 1487 2350 et
1515 2312 1709 2366 periculis,
1741 2311 1867 2349 ascen-

476 2382 637 2420 diffem?
670 2383 814 2433 Atque,
847 2390 889 2418 ut
909 2380 1116 2432 intelligas,
1146 2381 1359 2432 Torquate,
1391 2393 1508 2431 quem
1529 2378 1693 2423 accuses,
1725 2377 1750 2415 fi
1772 2386 1808 2414 te
1828 2376 1870 2413 id

475 2448 636 2487 offendit
654 2477 665 2495 ‚
705 2447 810 2500 quod
844 2460 915 2500 ego
933 2474 943 2492 ,
984 2447 1053 2499 qui
1089 2445 1163 2485 hoc
1201 2458 1340 2499 genere
1378 2445 1594 2499 quaestionis
1633 2441 1869 2482 defenderim
