2212 2835
380 152 451 189 108
886 152 1284 190 ORATIO

427 247 511 291 Me,
542 247 725 299 perlongo
751 247 950 285 intervallo
979 261 1099 300 prope
1125 246 1321 286 memoriae
1350 255 1648 300 temporumque
1667 246 1755 285 nos-

373 318 519 349 trorum
549 313 721 364 primum
747 310 950 350 hominem
980 326 1140 358 novum,
1172 313 1382 352 Consulem
1409 312 1578 359 fecistis;
1608 321 1647 350 et
1665 325 1756 350 eum

372 377 516 421 locum,
549 391 665 429 quem
697 378 876 416 nobilitas
904 379 1083 431 praefidiis
1114 379 1311 418 firmatum
1337 388 1451 432 atque
1476 380 1586 418 omni
1612 378 1757 417 ratione

370 443 606 481 obvallatum
630 444 797 489 tenebat,
816 458 880 482 me
899 445 1010 490 duce,
1033 445 1243 490 rescidistis,
1271 446 1483 498 virtutique
1503 445 1542 483 in
1563 445 1758 498 posterum

369 517 496 559 patere
525 509 709 547 voluistis.
742 510 884 561 Neque
917 523 981 548 me
1012 511 1284 549 tantummodo
1315 511 1538 555 Consulem,
1569 510 1674 563 quod
1704 509 1756 547 est

369 573 495 624 ipsum
525 588 591 626 per
621 574 693 612 sese
723 574 1016 627 ampliffimum,
1047 576 1108 614 sed
1138 577 1204 621 ita,
1234 575 1388 621 fecistis,
1420 576 1617 628 quomodo
1642 575 1757 628 pauci

369 638 517 675 nobiles
538 639 578 676 in
599 638 670 676 hac
689 639 842 677 civitate
863 639 1048 677 Consules
1063 639 1154 678 faeti
1174 639 1273 686 sunt,
1295 655 1416 679 novus
1436 650 1522 679 ante
1541 654 1605 679 me
1625 652 1754 678 nemo.

424 703 476 740 11.
510 704 614 741 Nam
637 703 822 756 profectQ
851 705 876 743 s1
898 705 1083 743 recordari
1103 706 1314 751 volueritis,
1334 706 1380 744 de
1400 707 1508 745 novis
1527 704 1755 745 hominibus

369 769 561 820 reperietis
582 782 658 814 eos,
690 769 758 821 qui
779 770 854 807 fine
875 770 1021 822 repulsa
1041 771 1225 809 Consules
1252 771 1343 809 fasti
1366 771 1466 816 sunt,
1495 771 1679 809 diuturno
1698 770 1755 808 la-

369 833 473 878 bore,
504 843 619 886 atque
639 834 766 887 aliqua
785 836 992 880 occasione,
1024 835 1095 873 effe
1114 835 1248 882 faitos,
1277 850 1371 874 cum
1390 836 1525 875 multis
1545 837 1654 874 annis
1674 835 1757 888 post

367 898 556 951 petiffent,
593 914 711 952 quam
738 901 918 938 Praetores
949 900 1118 945 fuissent,
1153 902 1349 953 aliquanto
1380 901 1509 945 serius,
1544 914 1662 954 quam
1692 914 1760 954 per

368 974 517 1003 aetatem
539 979 581 1003 ac
600 980 667 1018 per
687 966 788 1017 leges
809 966 964 1010 liceret3
996 967 1063 1018 qui
1089 976 1219 1008 autem
1246 981 1347 1005 anno
1370 967 1436 1005 suo
1455 967 1649 1020 petierint,
1680 967 1757 1005 fine

368 1030 515 1082 repulsa
534 1044 612 1068 non
631 1029 702 1068 effe
717 1030 851 1069 factos.
874 1031 946 1069 Me
966 1031 1036 1070 effe
1048 1045 1172 1070 unum
1189 1045 1235 1071 ex
1250 1032 1434 1071 omnibus
1450 1033 1559 1071 novis
1578 1031 1756 1071 homini-

367 1096 454 1140 bus,
486 1096 532 1133 de
552 1096 694 1148 quibus
723 1096 936 1134 meminisse
956 1096 1167 1150 poffumus,
1198 1098 1266 1150 qui
1288 1098 1540 1137 Consulatum
1561 1098 1755 1151 petierim,

367 1175 460 1200 cum
493 1163 667 1214 primum
702 1162 857 1200 licitum
891 1162 960 1208 fit3
993 1164 1138 1202 Consul
1171 1163 1293 1202 fastus
1328 1164 1418 1209 fim,
1456 1178 1547 1202 cum
1580 1165 1756 1217 primum

368 1228 570 1280 petierim:
604 1237 646 1266 ut
666 1227 782 1266 vester
800 1227 923 1266 honos
945 1229 991 1267 ad
1011 1230 1088 1267 mei
1108 1229 1291 1282 temporis
1312 1230 1414 1267 diem
1434 1230 1591 1283 petitus,
1613 1244 1690 1269 non
1709 1231 1757 1269 ad

368 1294 497 1331 alienae
517 1293 715 1345 petitionis
734 1293 971 1332 occafionern
992 1294 1239 1348 interceptus,
1277 1309 1345 1333 nec
1366 1296 1556 1334 diuturnis
1577 1296 1755 1350 precibus

368 1358 609 1411 efflagitatus,
640 1359 701 1397 sed
721 1360 906 1412 dignitate
925 1361 1165 1413 impetratus,
1196 1361 1266 1400 effe
1285 1362 1470 1400 videatur.

423 1425 490 1463 Est
509 1425 607 1463 illud
627 1425 919 1478 ampliffimum,
941 1427 1045 1478 quod
1064 1427 1177 1479 paulo
1197 1437 1283 1466 ante
1301 1427 1617 1473 commemoravi,
1648 1429 1754 1479 Qi-

369 1491 472 1536 rites,
503 1491 608 1543 quod
627 1490 702 1528 hoc
723 1490 866 1529 honore
886 1505 932 1529 ex
953 1492 1061 1530 novis
1081 1491 1308 1531 hominibus
1327 1494 1499 1546 primum
1521 1506 1597 1538 me,
1619 1494 1755 1532 multis

369 1557 452 1609 post
477 1558 599 1601 annis,
630 1556 830 1601 affecisti53
863 1557 968 1609 quod
995 1558 1119 1610 prima
1143 1559 1352 1611 petitione;
1384 1560 1487 1611 quod
1514 1573 1614 1597 anno
1640 1573 1752 1599 meo:

369 1623 430 1660 sed
461 1633 588 1661 tamen
620 1623 930 1675 magnificentius
961 1633 1076 1676 atque
1105 1626 1273 1663 ornatius
1305 1625 1375 1665 effe
1398 1625 1467 1664 illo
1493 1624 1591 1663 nihil
1618 1627 1753 1678 potest,

368 1689 473 1740 quod
492 1690 589 1727 meis
608 1689 777 1727 comitiis
798 1703 875 1727 non
896 1689 1075 1728 tabellam
1101 1690 1294 1728 vindicem
1319 1691 1442 1728 tacitae
1462 1691 1660 1734 libertatis,
1692 1691 1755 1729 sed

369 1771 504 1795 vocem
524 1757 650 1794 vivam
670 1770 746 1808 prae
766 1755 873 1792 vobis
900 1754 1069 1792 indicem
1094 1755 1298 1793 vestrarum
1319 1769 1406 1806 erga
1426 1769 1489 1793 me
1509 1755 1754 1794 voluntatum

369 1835 411 1859 ac
432 1821 659 1868 studiorum,
692 1819 844 1857 tulistis.
882 1819 1016 1870 Itaque
1040 1832 1104 1857 me
1131 1833 1208 1857 non
1234 1829 1405 1858 extrema
1430 1820 1551 1857 tribus
1578 1819 1752 1873 suffragi-

369 1900 496 1931 orum,
519 1887 580 1924 sed
601 1885 716 1938 primi
736 1885 794 1922 illi
815 1884 922 1922 vestri
948 1884 1176 1929 concursus3
1209 1898 1331 1937 neque
1351 1886 1506 1937 fingulae
1527 1899 1636 1924 voces
1656 1900 1752 1938 prae-

370 1966 528 1996 conum,
560 1951 621 1988 sed
652 1964 726 1988 una
757 1963 847 1988 voce
875 1949 1067 1988 universus
1099 1950 1264 2003 populus
1296 1951 1512 1996 Romanus,
1543 1950 1753 1990 Consulem

371 2017 588 2055 declaravit.

427 2084 516 2120 Hoc
547 2096 619 2133 ego
652 2090 729 2118 tam
761 2081 927 2132 insigne,
960 2091 1037 2119 tam
1070 2082 1278 2134 fingulare,
1308 2082 1471 2120 vestrum
1507 2082 1753 2128 beneficium,

373 2148 561 2200 Qirites,
592 2161 682 2184 cum
705 2147 749 2184 ad
770 2147 888 2184 animi
918 2148 994 2185 mei
1022 2146 1190 2186 fruffi'tum
1217 2157 1330 2200 atque
1358 2148 1529 2186 laetitiam
1558 2149 1657 2186 duco
1683 2149 1754 2187 effe

372 2226 641 2266 permagnum,
686 2221 771 2250 tum
802 2214 847 2250 ad
881 2227 1010 2251 curam
1050 2213 1426 2265 sollicitudinemque
1457 2214 1583 2251 multo
1614 2216 1752 2266 majus.

373 2279 578 2317 Versantur
596 2279 714 2323 enim,
746 2279 933 2328 Qirites,
964 2279 1004 2316 in
1024 2279 1153 2317 animo
1174 2292 1262 2317 meo
1287 2279 1419 2317 multae
1439 2288 1476 2316 et
1495 2293 1623 2332 graves
1643 2281 1752 2332 cogi-

373 2345 548 2388 tationes,
579 2358 662 2396 quae
689 2342 788 2381 mihi
817 2344 964 2381 nullam
991 2353 1152 2396 partem,
1180 2358 1304 2397 neque
1334 2344 1479 2382 diurnae
1507 2357 1631 2396 neque
1656 2358 1752 2382 noc-

376 2420 508 2453 turnae,
526 2410 664 2461 quietis
683 2409 928 2462 impertiunt:
953 2410 1123 2462 primum
1140 2410 1271 2449 tuendi
1289 2410 1542 2456 Consulatu83
1560 2423 1643 2462 quae
1661 2423 1752 2448 curn
