2212 2835
510 180 582 217 ⁶82
994 171 1405 211 ‘ORATIO

508 210 527 232 ,3

507 277 675 328 praeclari
704 275 920 312 tribunatus
948 272 1120 312 hominis
1149 272 1335 325 dignitate
1367 271 1605 317 cohonestes,
1637 272 1902 311 auctoritatem

506 342 745 396 amplecteris
766 342 778 379 ?
810 340 895 385 Sed,
928 338 1197 378 tametfi.nihil
1220 340 1266 377 de
1287 353 1351 377 me
1371 339 1505 383 tulisti,
1537 353 1615 392 quo
1637 339 1767 377 minus
1788 338 1902 377 effem

506 425 584 449 non
606 409 722 447 modo
743 409 783 446 in
803 407 951 445 civium
963 419 1132 459 numero
1145 435 1157 452 ,
1188 406 1252 444 sed
1272 407 1389 445 etiam
1411 406 1450 443 in
1471 419 1515 444 eo
1534 406 1621 444 loco
1636 435 1646 451 ,
1677 406 1717 443 in
1739 419 1818 457 quo
1839 418 1903 442 me

505 476 671 522 honores
698 473 834 528 populi
860 473 1031 511 Romani
1058 472 1372 518 collocaverunt;
1406 481 1586 510 tamenne
1607 485 1697 510 eum
1726 481 1791 509 tua
1810 483 1904 509 voce

506 543 682 586 violabis,
714 554 847 593 quem,
877 539 961 593 post
980 538 1173 577 nefarium
1194 538 1314 577 scelus
1335 539 1540 577 consulum
1558 539 1812 592 superiorum,
1845 544 1905 574 tot

506 595 611 656 §ides
626 607 785 660 judiciis
802 606 964 651 senatus,
982 605 1118 659 populi
1140 605 1323 651 Romani,
1341 606 1459 643 totius
1481 605 1614 650 Italiae,
1631 604 1876 644 honestatum
1891 602 1905 639 ?

507 690 626 729 quem
647 688 693 712 ne
714 683 800 711 tum
822 672 995 724 quidem,
1021 686 1114 710 cum
1134 672 1300 717 aberam,
1323 685 1458 725 negare
1476 681 1626 725 poteras
1646 670 1716 709 effe
1737 680 1803 709 tua
1821 670 1907 722 lege

507 741 748 782 senatorem?
781 738 862 777 Ubi
883 739 990 776 enim
1011 737 1165 782 tuleras,
1195 747 1243 775 ut
1260 738 1362 776 mihi
1379 752 1478 790 aqua
1496 747 1535 776 et
1554 738 1637 791 igni
1657 737 1905 776 interdicere-

509 808 602 846 tur?
636 805 755 856 Qod
787 802 990 842 Gracchus
1022 803 1069 841 de
1100 804 1144 841 P.
1171 803 1356 856 Popillio,
1387 804 1614 841 Saturninus
1641 803 1688 841 de
1715 803 1905 847 Metello,

510 874 630 912 tulit:
662 871 841 910 homines
873 868 1138 908 seditiofiffimi
1167 869 1214 907 de
1245 869 1406 922 optimis
1437 883 1479 907 ac
1510 868 1724 907 fortissimis
1755 869 1906 907 civibus

510 954 600 984 non,
633 948 675 977 ut
696 937 785 975 effer
806 937 1070 981 interdietum,
1103 936 1210 989 quod
1228 935 1320 974 ferri
1340 950 1418 975 non
1440 944 1602 988 poterat,
1627 936 1815 980 tulerunt,
1845 934 1908 973 sed

510 1017 551 1044 ut
571 1005 873 1043 interdiceretur.
894 1003 976 1041 Ubi
995 1002 1139 1048 cavisti,
1158 1016 1206 1041 ne
1225 1016 1314 1041 meo
1335 1016 1399 1042 me
1415 1002 1502 1041 loco
1521 1002 1654 1041 censor
1673 1002 1714 1040 in
1735 1001 1908 1040 senatum

508 1073 651 1125 legeret
671 1072 682 1108 ?
715 1070 820 1123 quod
842 1070 887 1107 de
907 1069 1106 1114 omnibus,
1136 1069 1254 1108 etiam
1279 1069 1423 1122 quibus
1449 1069 1640 1114 damnatis
1661 1068 1910 1111 interdictum

507 1139 573 1184 est,
605 1137 792 1190 scriptum
812 1135 865 1174 est
882 1136 923 1173 in
943 1135 1108 1188 legibus.

565 1206 704 1256 Qaere
725 1202 800 1240 hoc
821 1216 841 1240 e
863 1203 949 1240 Sex.
973 1202 1128 1247 Clodio,
1160 1201 1343 1254 scriptore
1359 1201 1493 1254 legum
1515 1211 1668 1241 tuarum
1688 1216 1696 1240 :
1722 1201 1820 1253 jube
1839 1199 1907 1238 ad-

510 1271 581 1310 effe
600 1286 608 1308 ε
640 1270 764 1307 latitat
784 1268 961 1314 omnino,
992 1268 1068 1313 sed,
1099 1268 1125 1306 sl
1147 1269 1289 1321 requiri
1303 1268 1467 1320 jufferiS,
1489 1269 1685 1307 invenient
1703 1267 1910 1305 hominem

511 1336 611 1390 apud
634 1336 800 1374 sororem
821 1344 928 1372 tuam
942 1363 953 1379 ,
984 1334 1247 1372 occultantem
1268 1334 1303 1371 se
1323 1335 1447 1386 capite
1466 1334 1640 1373 demiffo.
1674 1333 1759 1377 Sed,
1790 1333 1817 1371 fi
1839 1347 1909 1385 pa-

511 1412 611 1441 trem
633 1411 766 1445 tuum,
798 1400 925 1438 civem
945 1399 1095 1438 medius
1115 1398 1230 1437 fidius
1249 1400 1446 1452 egregium
1461 1428 1472 1445 ,
1503 1399 1807 1452 diffimilemque
1826 1398 1910 1437 ves-

513 1470 576 1513 tri,
608 1481 722 1506 nemo
755 1479 928 1518 unquam
961 1465 1070 1503 sanus
1105 1465 1261 1504 exulem
1292 1466 1511 1519 appellavit,
1543 1466 1625 1519 qui,
1656 1479 1751 1504 cum
1785 1465 1832 1504 de
1865 1478 1914 1503 eo

510 1536 689 1573 tribunus
722 1533 845 1586 plebis
876 1531 1165 1585 promulgasset,
1197 1532 1316 1571 adeffe
1346 1541 1503 1586 propter
1529 1533 1779 1587 iniquitatem
1805 1531 1913 1570 illius

513 1600 683 1639 Cinnani
704 1599 889 1652 temporis
911 1599 1039 1638 noluit
1055 1627 1066 1644 ,
1097 1599 1211 1652 eique
1229 1598 1442 1652 imperium
1463 1598 1516 1637 est
1535 1599 1763 1653 abrogatum
1779 1617 1792 1645 3
1823 1599 1917 1643 fria

512 1667 582 1705 illo
604 1679 717 1720 poena
737 1665 912 1719 legitima
932 1665 1218 1718 turpitudinem
1243 1679 1322 1704 non
1349 1664 1489 1704 habuit
1514 1675 1672 1719 propter
1697 1666 1780 1709 vim
1806 1674 1912 1705 tem-

513 1747 655 1788 porum
673 1747 682 1771 :
715 1733 757 1770 in
777 1745 840 1770 me
853 1761 864 1777 ,
896 1731 961 1770 cui
981 1731 1062 1769 dies
1082 1731 1183 1769 dieta
1201 1745 1407 1784 nunquam*
1424 1731 1477 1769 est
1489 1759 1500 1776 ‚
1532 1733 1601 1783 qui
1622 1744 1707 1769 reus
1728 1744 1806 1769 non
1826 1730 1913 1776 fui,

515 1800 584 1853 qui
605 1812 806 1851 nunquam
827 1798 911 1836 sum
932 1811 952 1835 a
972 1797 1130 1835 tribuno
1152 1797 1279 1850 plebis
1306 1797 1444 1844 citatus
1461 1815 1472 1842 ς
1505 1797 1676 1835 damnati
1702 1810 1816 1850 poena
1841 1796 1913 1835 effe

514 1858 644 1918 potuit
662 1893 672 1909 ‚
704 1878 746 1902 ea
770 1864 979 1917 praesertim
995 1892 1008 1908 ,
1039 1877 1124 1916 quae
1152 1877 1200 1902 ne
1225 1863 1305 1916 ipsa
1324 1863 1484 1916 quidem
1505 1864 1701 1917 rogatione
1721 1863 1912 1917 perscrip-

515 1940 553 1969 ta
572 1930 625 1968 est
643 1931 655 1967 ?

571 1997 745 2035 XXXII.
778 1997 833 2034 At
867 1995 954 2034 vide
970 2025 981 2041 ‚
1021 1995 1117 2048 quid
1151 1995 1298 2035 interfit
1336 1995 1436 2034 inter
1474 1995 1588 2041 illum
1628 1995 1914 2049 iniquiffimum

515 2063 634 2117 patris
666 2062 724 2100 tui
757 2061 900 2107 casum,
932 2071 971 2100 et
1000 2061 1100 2100 hanc
1130 2061 1327 2101 fortunam
1359 2062 1703 2115 conditionemque
1731 2062 1913 2107 nostram.

519 2130 671 2167 Patrem
693 2138 823 2171 tuum,
854 2128 981 2166 civem
1002 2128 1214 2181 optimum,
1245 2127 1440 2166 clariffimi
1460 2128 1531 2166 viri
1552 2128 1695 2174 filium,
1717 2129 1786 2182 qui
1808 2129 1833 2167 fi
1854 2129 1914 2167 vi-

518 2205 634 2241 veret,
665 2209 741 2248 qua
762 2194 956 2234 severitate
975 2195 1066 2240 fuit,
1097 2204 1140 2234 tu
1157 2194 1327 2248 profecto
1347 2209 1425 2233 non
1446 2196 1604 2241 viveres,
1634 2197 1683 2234 L.
1707 2194 1914 2249 Philippus

518 2262 649 2302 censor
683 2261 921 2300 avunculum
955 2262 1068 2301 suum
1101 2263 1283 2316 praeteriit
1316 2263 1356 2300 in
1391 2263 1586 2301 recitando
1620 2263 1776 2308 senatu;
1813 2261 1915 2302 nihil

519 2330 625 2368 enirn
647 2337 795 2382 poterat
817 2328 956 2374 dicere,
987 2343 1103 2381 quare
1124 2338 1200 2368 rata
1220 2343 1298 2368 non
1319 2329 1447 2375 effent,
1478 2344 1563 2382 quae
1589 2339 1694 2373 erant
1713 2331 1793 2368 aera
1814 2330 1853 2367 in
1873 2341 1916 2368 ea

521 2395 719 2448 republica
735 2424 746 2439 ,
778 2395 818 2433 in
839 2409 915 2448 qua
935 2394 971 2433 se
989 2395 1066 2434 illis
1088 2395 1174 2448 ipfis
1196 2397 1437 2449 temporibus
1461 2396 1656 2436 censorem
1679 2395 1751 2440 effe
1771 2394 1913 2434 voluis-

523 2461 604 2500 set:
637 2475 700 2500 me
724 2463 771 2501 L.
797 2464 926 2509 Cotta,
957 2461 1078 2503 homo
1104 2462 1310 2511 censorius,
1341 2463 1382 2503 in
1409 2464 1536 2504 senatu
1548 2464 1699 2518 juratus
1720 2462 1832 2508 dixit,
1863 2461 1914 2507 se,
