2212 2835
810 132 949 171 PRO
1007 133 1056 170 n
1116 132 1424 172 FLACCO.
1749 145 1824 185 zm

439 230 676 268 intenderit?
709 230 778 283 qui
798 231 941 268 doces?
974 231 1158 282 Ingenua,
1189 230 1332 282 inquit,
1363 230 1452 269 fuit.
1487 231 1523 269 O
1546 230 1713 283 peritum
1729 231 1826 283 juris

435 294 643 334 hominem
662 296 669 333 !
704 296 811 348 Qid
829 297 842 334 ?
873 297 920 334 ab
940 296 1116 348 ingenuis
1137 296 1364 334 mulieribus
1386 295 1613 335 hereditates
1638 297 1722 349 lege
1749 310 1827 334 non

437 362 630 400 veniunt?
668 362 713 400 In
747 374 933 406 manum,
973 361 1125 412 inquit,
1156 370 1396 399 convenerat,
1438 362 1559 400 Nunc
1594 362 1734 400 audio:
1767 361 1827 399 sed

438 440 581 478 quaero,
612 426 695 471 usu,
717 440 761 464 an
783 426 1040 478 coemptione.
1073 425 1155 464 Usu
1177 439 1255 464 non
1276 427 1403 478 potuit
1421 441 1429 464 ε
1463 426 1561 465 nibil
1581 427 1687 465 enim
1706 427 1828 480 potest

438 493 484 530 de
515 491 634 530 tutela
663 491 838 544 legitima
868 491 945 529 fine
975 491 1158 529 omnium
1189 499 1363 529 tutorum
1393 492 1615 530 auctoritate
1644 493 1826 531 diminui.

439 557 729 609 Coemptione?
759 557 942 595 omnibus
962 569 1053 609 ergo
1072 557 1318 595 auetoribus:
1349 556 1391 595 in
1417 557 1560 609 quibus
1587 567 1689 596 certe
1714 559 1826 596 Flac-

437 637 531 662 cum
551 623 660 662 fuifi‘e
679 638 757 663 non
777 624 895 663 dices.

492 691 746 744 Relinquitur
766 690 878 736 illud,
909 690 1015 743 quod
1035 689 1233 729 vociferari
1252 704 1332 729 non
1351 690 1509 736 destitit,
1541 704 1620 730 non
1646 691 1828 736 debuisse,

438 771 532 796 cum
552 767 689 810 praetor
708 757 811 802 efflet,
842 757 954 795 suum
975 758 1177 809 negotium
1197 770 1320 810 agere,
1351 766 1417 795 aut
1437 757 1678 796 mentionem
1707 756 1830 796 facere

437 821 676 862 hereditatis.
707 823 904 862 Maximas
925 823 1037 861 audio
1058 823 1145 867 tibi,
1176 823 1224 861 L.
1247 823 1428 868 Luculle,
1459 823 1527 876 qui
1550 822 1597 861 de
1617 824 1666 862 L.
1690 824 1831 862 Flacco

441 889 668 927 sententiam
696 890 840 927 laturus
867 902 920 934 es,
951 902 1020 941 pro
1047 898 1110 926 tua
1137 889 1279 927 eximia
1302 888 1541 934 liberalitate,
1572 890 1831 942 maximisque

442 954 638 993 beneficiis
670 956 711 993 in
742 964 842 999 tuos,
872 953 1010 993 veniffe
1039 953 1280 1000 hereditates,
1311 968 1405 993 cum
1434 955 1565 993 Afiam
1591 956 1831 1008 provinciam

440 1021 628 1060 consulari
648 1022 813 1075 imperio
833 1021 1039 1059 obtineres.
1072 1021 1110 1059 Si
1135 1021 1222 1073 quis
1250 1034 1310 1059 eas
1338 1021 1420 1059 suas
1447 1021 1518 1059 effe
1538 1021 1703 1067 dixiffet‚
1735 1035 1830 1061 con—

440 1086 595 1126 ceffiffes
614 1089 627 1126 ?
658 1089 739 1133 Tu,
770 1089 824 1126 T.
844 1087 969 1132 Vecti,
1000 1088 1027 1125 fi
1047 1100 1123 1139 qua
1142 1087 1216 1125 tibi
1235 1087 1276 1125 in
1296 1086 1431 1126 Africa
1456 1088 1602 1126 venerit
1627 1086 1830 1134 hereditas,

441 1154 511 1193 usu
542 1154 724 1192 amittes?
756 1167 802 1192 an
834 1162 964 1198 tuum,
994 1153 1102 1191 nulla
1131 1153 1298 1198 avaritia,
1329 1153 1427 1191 salva
1457 1153 1658 1206 dignitate,
1689 1156 1831 1194 retine-

441 1221 529 1259 bis?
561 1222 616 1259 At
636 1220 740 1259 istius
761 1219 997 1265 hereditatis,
1021 1221 1105 1272 jam
1123 1219 1300 1258 Globulo
1318 1229 1491 1273 praetore,
1523 1221 1654 1259 Flacci
1674 1221 1833 1261 nomine

440 1288 560 1340 petita
577 1288 747 1342 poffeffio
767 1287 831 1325 est.
864 1287 959 1326 Non
980 1287 1100 1340 igitur
1122 1285 1330 1340 impreffio‚
1361 1299 1439 1325 non
1465 1286 1624 1332 Occafio,
1657 1301 1735 1326 non
1761 1290 1831 1333 vis,

441 1368 522 1393 non
546 1364 714 1407 tempus,
746 1368 823 1393 non
850 1353 1077 1407 imperium,
1108 1367 1187 1392 non
1213 1353 1372 1398 secures,
1403 1353 1451 1391 ad
1478 1353 1659 1406 injuriam
1686 1353 1831 1392 facien·

441 1421 530 1459 dam
552 1421 683 1459 Flacci
702 1421 878 1459 animum
901 1419 1156 1472 impulerunt.

497 1488 633 1540 Itaque
652 1487 789 1526 eodem
808 1487 924 1524 etiarn
945 1486 1008 1523 M.
1031 1487 1174 1530 Lurco,
1204 1485 1264 1524 vir
1281 1485 1468 1538 optimus,
1489 1499 1600 1525 meus
1618 1485 1833 1533 familiaris,

441 1554 631 1591 convertit
656 1553 834 1591 aculeum
863 1551 1073 1590 testimonii
1099 1551 1182 1589 sui:
1213 1551 1380 1604 negavit,
1410 1565 1431 1590 a
1458 1553 1610 1605 privato
1629 1554 1837 1606 pecuniam

442 1619 484 1657 in
504 1618 703 1672 provincia
719 1628 921 1671 praetorem
941 1626 1069 1671 petere
1088 1626 1274 1670 oportere.
1307 1618 1390 1656 Cur
1410 1618 1580 1664 tandem,
1601 1619 1665 1659 M.
1688 1621 1833 1666 Lurco,

443 1698 523 1723 non
556 1685 737 1739 oportet?
774 1683 946 1736 Eripere,
977 1691 1218 1735 extorquere,
1248 1684 1417 1736 accipere
1446 1692 1579 1722 contra
1608 1684 1725 1738 leges,
1755 1699 1836 1725 non

441 1759 622 1805 oportet:
653 1760 780 1804 petere
812 1763 890 1789 non
919 1758 1094 1803 oportere
1119 1763 1321 1803 nunquam
1346 1750 1534 1796 ostendes,
1564 1750 1634 1789 nisi
1661 1751 1835 1791 docueris

442 1831 523 1856 non
548 1817 676 1855 licere.
707 1818 773 1855 An
798 1815 1008 1869 legationes
1035 1816 1183 1855 sumere
1206 1816 1358 1862 liberas,
1388 1816 1568 1869 exigendi
1587 1817 1707 1863 causa,
1738 1817 1836 1857 ficut

442 1893 483 1922 et
502 1893 545 1922 tu
563 1883 642 1937 ipse
661 1896 797 1936 nuper,
827 1892 866 1921 et
885 1883 1002 1921 multi
1028 1883 1100 1921 viri
1127 1883 1219 1921 boni
1246 1882 1342 1936 saepe
1360 1881 1548 1928 fecerunt,
1579 1885 1726 1923 rectum
1749 1883 1802 1922 est
1819 1884 1833 1921 ?

445 1949 551 2001 quod
580 1963 652 2003 ego
681 1963 762 1988 non
792 1947 1026 2002 reprehendo
1043 1967 1055 1994 ς
1092 1948 1212 1987 socios
1242 1949 1354 1988 video
1387 1950 1521 2002 queri:
1556 1958 1772 2003 praetorem,
1808 1950 1834 1988 fi

443 2015 695 2054 hereditatem
715 2015 756 2054 in
776 2016 973 2068 provincia
992 2028 1070 2054 non
1085 2015 1296 2069 reliquerit,
1313 2029 1391 2054 non
1410 2015 1535 2054 solum
1552 2015 1833 2069 reprehenden-

444 2081 555 2127 dum,
586 2096 719 2121 verum
738 2083 854 2120 etiam
875 2083 1229 2129 condemnandum,
1261 2083 1404 2136 putas?
1437 2083 1548 2129 Doti,
1579 2083 1721 2136 inquit,
1752 2083 1831 2120 Va-

445 2147 537 2185 leria
555 2149 758 2200 pecuniam
778 2161 937 2186 omnem
958 2147 1063 2187 suam
1083 2149 1243 2188 dixerat.

500 2214 671 2252 XXXV.
705 2213 821 2252 Nihil
842 2214 1000 2253 istorum
1021 2215 1204 2267 explicari
1224 2214 1358 2267 potest,
1389 2214 1457 2252 nisi
1478 2213 1697 2257 ostenderis,
1725 2213 1833 2251 illam

447 2280 488 2317 in
508 2280 628 2317 tutela
648 2280 776 2318 Flacci
797 2294 873 2318 non
894 2280 1030 2320 fuisse:
1062 2281 1088 2319 fi
1109 2280 1198 2326 fuit,
1231 2294 1471 2333 quaecunque
1491 2280 1567 2318 fine
1585 2279 1660 2317 hoc
1681 2280 1832 2317 auetore

445 2346 500 2383 est
520 2346 620 2384 dicta
638 2346 720 2390 dos,
738 2346 843 2383 nulla
860 2346 925 2384 est.
947 2348 1019 2386 Sed
1039 2357 1167 2386 tamen
1188 2349 1422 2390 Lurconem,
1440 2359 1660 2397 quanquam
1681 2359 1749 2398 pro
1769 2345 1832 2383 sua

445 2412 633 2465 dignitate
665 2411 880 2450 moderatus
915 2412 967 2451 est
1001 2413 1042 2452 in
1074 2413 1293 2453 testimonio
1325 2412 1488 2450 dicendo
1522 2411 1699 2464 religioni
1733 2411 1829 2457 suae,

1353 2477 1529 2517 Mniz
