<?xml version="1.0" encoding="UTF-8"?>
<!DOCTYPE html PUBLIC "-//W3C//DTD XHTML 1.0 Transitional//EN"
    "http://www.w3.org/TR/xhtml1/DTD/xhtml1-transitional.dtd">
<html xmlns="http://www.w3.org/1999/xhtml" xml:lang="en" lang="en">
 <head>
  <title>
</title>
<meta http-equiv="Content-Type" content="text/html;charset=utf-8" />
  <meta name='ocr-system' content='tesseract 3.04.00' />
  <meta name='ocr-capabilities' content='ocr_page ocr_carea ocr_par ocr_line ocrx_word'/>
</head>
<body>
  <div class='ocr_page' id='page_1' title='image "./operacumindicibu05ciceuoft_0092.png"; bbox 0 0 2212 2835; ppageno 0'>
   <div class='ocr_carea' id='block_1_1' title="bbox 404 199 1291 252">
    <p class='ocr_par' dir='ltr' id='par_1_1' title="bbox 404 199 1291 252">
     <span class='ocr_line' id='line_1_1' title="bbox 404 199 1291 252; baseline -0.003 -12"><span class='ocrx_word' id='word_1_1' title='bbox 404 202 455 252; x_wconf 80' lang='lat'>84</span> <span class='ocrx_word' id='word_1_2' title='bbox 884 199 1291 240; x_wconf 80' lang='lat' dir='ltr'><strong>ORATIO</strong></span> 
     </span>
    </p>
   </div>
   <div class='ocr_carea' id='block_1_2' title="bbox 387 294 1782 2527">
    <p class='ocr_par' dir='ltr' id='par_1_2' title="bbox 400 294 1780 415">
     <span class='ocr_line' id='line_1_2' title="bbox 401 294 1780 351; baseline -0.001 -16"><span class='ocrx_word' id='word_1_3' title='bbox 401 306 502 335; x_wconf 89' lang='lat' dir='ltr'>runt.</span> <span class='ocrx_word' id='word_1_4' title='bbox 536 298 664 347; x_wconf 83' lang='lat' dir='ltr'>Qam</span> <span class='ocrx_word' id='word_1_5' title='bbox 691 297 799 342; x_wconf 80' lang='lat' dir='ltr'>levia,</span> <span class='ocrx_word' id='word_1_6' title='bbox 831 310 966 348; x_wconf 83' lang='lat' dir='ltr'><strong>genere</strong></span> <span class='ocrx_word' id='word_1_7' title='bbox 996 296 1102 351; x_wconf 85' lang='lat' dir='ltr'>ipso!</span> <span class='ocrx_word' id='word_1_8' title='bbox 1135 308 1252 350; x_wconf 89' lang='lat' dir='ltr'>quarn</span> <span class='ocrx_word' id='word_1_9' title='bbox 1274 295 1378 342; x_wconf 88' lang='lat' dir='ltr'>falsa,</span> <span class='ocrx_word' id='word_1_10' title='bbox 1399 294 1465 335; x_wconf 87' lang='lat' dir='ltr'>re!</span> <span class='ocrx_word' id='word_1_11' title='bbox 1497 308 1614 349; x_wconf 89' lang='lat' dir='ltr'>quam</span> <span class='ocrx_word' id='word_1_12' title='bbox 1640 296 1780 342; x_wconf 86' lang='lat' dir='ltr'>brevia,</span> 
     </span>
     <span class='ocr_line' id='line_1_3' title="bbox 400 363 599 415; baseline 0.005 -15"><span class='ocrx_word' id='word_1_13' title='bbox 400 363 574 415; x_wconf 87' lang='lat' dir='ltr'>responsu</span> <span class='ocrx_word' id='word_1_14' title='bbox 593 363 599 400; x_wconf 90' lang='lat'>!</span> 
     </span>
    </p>

    <p class='ocr_par' dir='ltr' id='par_1_3' title="bbox 397 428 1782 812">
     <span class='ocr_line' id='line_1_4' title="bbox 455 428 1782 483; baseline -0.002 -16"><span class='ocrx_word' id='word_1_15' title='bbox 455 430 540 468; x_wconf 88' lang='lat' dir='ltr'>LX.</span> <span class='ocrx_word' id='word_1_16' title='bbox 577 429 809 482; x_wconf 83' lang='lat' dir='ltr'>Cognoscite</span> <span class='ocrx_word' id='word_1_17' title='bbox 828 443 932 468; x_wconf 90' lang='lat' dir='ltr'>nunc</span> <span class='ocrx_word' id='word_1_18' title='bbox 952 431 1006 475; x_wconf 91' lang='lat' dir='ltr'>id,</span> <span class='ocrx_word' id='word_1_19' title='bbox 1037 429 1141 483; x_wconf 91' lang='lat' dir='ltr'>quod</span> <span class='ocrx_word' id='word_1_20' title='bbox 1161 430 1207 468; x_wconf 89' lang='lat' dir='ltr'>ad</span> <span class='ocrx_word' id='word_1_21' title='bbox 1227 429 1391 468; x_wconf 87' lang='lat' dir='ltr'>vestrum</span> <span class='ocrx_word' id='word_1_22' title='bbox 1407 428 1677 482; x_wconf 84' lang='lat' dir='ltr'>jusjurandum</span> <span class='ocrx_word' id='word_1_23' title='bbox 1694 440 1782 481; x_wconf 86' lang='lat' dir='ltr'>per-</span> 
     </span>
     <span class='ocr_line' id='line_1_5' title="bbox 398 494 1781 549; baseline -0.001 -16"><span class='ocrx_word' id='word_1_24' title='bbox 398 496 509 541; x_wconf 86' lang='lat' dir='ltr'>tinet,</span> <span class='ocrx_word' id='word_1_25' title='bbox 531 498 636 549; x_wconf 90' lang='lat' dir='ltr'>quod</span> <span class='ocrx_word' id='word_1_26' title='bbox 657 496 765 535; x_wconf 89' lang='lat' dir='ltr'>vestri</span> <span class='ocrx_word' id='word_1_27' title='bbox 784 497 919 548; x_wconf 85' lang='lat' dir='ltr'>judicii</span> <span class='ocrx_word' id='word_1_28' title='bbox 937 497 1003 542; x_wconf 90' lang='lat' dir='ltr'>est,</span> <span class='ocrx_word' id='word_1_29' title='bbox 1026 497 1132 549; x_wconf 91' lang='lat' dir='ltr'>quod</span> <span class='ocrx_word' id='word_1_30' title='bbox 1152 497 1260 535; x_wconf 86' lang='lat' dir='ltr'>vobis</span> <span class='ocrx_word' id='word_1_31' title='bbox 1278 496 1402 535; x_wconf 90' lang='lat' dir='ltr'>oneris</span> <span class='ocrx_word' id='word_1_32' title='bbox 1422 495 1608 549; x_wconf 86' lang='lat' dir='ltr'>imposuit</span> <span class='ocrx_word' id='word_1_33' title='bbox 1633 508 1676 532; x_wconf 89' lang='lat' dir='ltr'>ea</span> <span class='ocrx_word' id='word_1_34' title='bbox 1703 494 1781 539; x_wconf 83' lang='lat' dir='ltr'>lex,</span> 
     </span>
     <span class='ocr_line' id='line_1_6' title="bbox 399 561 1781 613; baseline -0.001 -14"><span class='ocrx_word' id='word_1_35' title='bbox 399 575 474 613; x_wconf 90' lang='lat' dir='ltr'>qua</span> <span class='ocrx_word' id='word_1_36' title='bbox 493 563 614 600; x_wconf 67' lang='lat' dir='ltr'>coacti</span> <span class='ocrx_word' id='word_1_37' title='bbox 632 561 710 600; x_wconf 90' lang='lat' dir='ltr'>huc</span> <span class='ocrx_word' id='word_1_38' title='bbox 730 562 971 607; x_wconf 90' lang='lat' dir='ltr'>convenistis,</span> <span class='ocrx_word' id='word_1_39' title='bbox 993 562 1039 600; x_wconf 92' lang='lat' dir='ltr'>de</span> <span class='ocrx_word' id='word_1_40' title='bbox 1059 563 1288 601; x_wconf 83' lang='lat' dir='ltr'>criminibus</span> <span class='ocrx_word' id='word_1_41' title='bbox 1307 562 1442 600; x_wconf 90' lang='lat' dir='ltr'>veneni</span> <span class='ocrx_word' id='word_1_42' title='bbox 1459 576 1468 600; x_wconf 90' lang='lat'>:</span> <span class='ocrx_word' id='word_1_43' title='bbox 1500 570 1544 600; x_wconf 91' lang='lat' dir='ltr'>ut</span> <span class='ocrx_word' id='word_1_44' title='bbox 1566 573 1700 599; x_wconf 86' lang='lat' dir='ltr'>omnes</span> <span class='ocrx_word' id='word_1_45' title='bbox 1718 561 1781 598; x_wconf 90' lang='lat' dir='ltr'>in-</span> 
     </span>
     <span class='ocr_line' id='line_1_7' title="bbox 399 626 1782 681; baseline 0 -17"><span class='ocrx_word' id='word_1_46' title='bbox 399 627 589 680; x_wconf 81' lang='lat' dir='ltr'>telligant,</span> <span class='ocrx_word' id='word_1_47' title='bbox 625 641 740 680; x_wconf 86' lang='lat' dir='ltr'>quam</span> <span class='ocrx_word' id='word_1_48' title='bbox 762 629 892 680; x_wconf 86' lang='lat' dir='ltr'>paucis</span> <span class='ocrx_word' id='word_1_49' title='bbox 926 628 1048 666; x_wconf 84' lang='lat' dir='ltr'>verbis</span> <span class='ocrx_word' id='word_1_50' title='bbox 1082 627 1164 666; x_wconf 82' lang='lat' dir='ltr'>haec</span> <span class='ocrx_word' id='word_1_51' title='bbox 1195 628 1303 666; x_wconf 87' lang='lat' dir='ltr'>causa</span> <span class='ocrx_word' id='word_1_52' title='bbox 1333 627 1497 681; x_wconf 86' lang='lat' dir='ltr'>perorari</span> <span class='ocrx_word' id='word_1_53' title='bbox 1527 626 1710 680; x_wconf 90' lang='lat' dir='ltr'>potuerit,</span> <span class='ocrx_word' id='word_1_54' title='bbox 1744 635 1782 664; x_wconf 89' lang='lat' dir='ltr'>et</span> 
     </span>
     <span class='ocr_line' id='line_1_8' title="bbox 398 692 1781 747; baseline -0.001 -16"><span class='ocrx_word' id='word_1_55' title='bbox 398 707 516 745; x_wconf 90' lang='lat' dir='ltr'>quam</span> <span class='ocrx_word' id='word_1_56' title='bbox 537 694 660 731; x_wconf 88' lang='lat' dir='ltr'>multa</span> <span class='ocrx_word' id='word_1_57' title='bbox 680 708 700 731; x_wconf 88' lang='lat' dir='ltr'>a</span> <span class='ocrx_word' id='word_1_58' title='bbox 720 708 783 732; x_wconf 87' lang='lat' dir='ltr'>me</span> <span class='ocrx_word' id='word_1_59' title='bbox 804 695 902 732; x_wconf 69' lang='lat' dir='ltr'>dicta</span> <span class='ocrx_word' id='word_1_60' title='bbox 919 693 1004 739; x_wconf 70' lang='lat' dir='ltr'>sint,</span> <span class='ocrx_word' id='word_1_61' title='bbox 1038 708 1122 746; x_wconf 87' lang='lat' dir='ltr'>quae</span> <span class='ocrx_word' id='word_1_62' title='bbox 1142 694 1187 732; x_wconf 88' lang='lat' dir='ltr'>ad</span> <span class='ocrx_word' id='word_1_63' title='bbox 1203 692 1318 747; x_wconf 84' lang='lat' dir='ltr'>hujus</span> <span class='ocrx_word' id='word_1_64' title='bbox 1339 694 1579 732; x_wconf 87' lang='lat' dir='ltr'>voluntatem</span> <span class='ocrx_word' id='word_1_65' title='bbox 1596 693 1781 737; x_wconf 80' lang='lat' dir='ltr'>maxime,</span> 
     </span>
     <span class='ocr_line' id='line_1_9' title="bbox 397 759 1300 812; baseline 0 -15"><span class='ocrx_word' id='word_1_66' title='bbox 397 759 444 797; x_wconf 90' lang='lat' dir='ltr'>ad</span> <span class='ocrx_word' id='word_1_67' title='bbox 462 759 632 797; x_wconf 87' lang='lat' dir='ltr'>vestrum·</span> <span class='ocrx_word' id='word_1_68' title='bbox 640 759 836 810; x_wconf 86' lang='lat' dir='ltr'>judicium</span> <span class='ocrx_word' id='word_1_69' title='bbox 857 759 1032 804; x_wconf 88' lang='lat' dir='ltr'>minime,</span> <span class='ocrx_word' id='word_1_70' title='bbox 1053 760 1300 812; x_wconf 84' lang='lat' dir='ltr'>pertinerent.</span> 
     </span>
    </p>

    <p class='ocr_par' dir='ltr' id='par_1_4' title="bbox 394 823 1782 1404">
     <span class='ocr_line' id='line_1_10' title="bbox 454 823 1779 878; baseline 0 -17"><span class='ocrx_word' id='word_1_71' title='bbox 454 824 666 876; x_wconf 71' lang='lat' dir='ltr'>Objchum</span> <span class='ocrx_word' id='word_1_72' title='bbox 687 824 752 869; x_wconf 89' lang='lat' dir='ltr'>est,</span> <span class='ocrx_word' id='word_1_73' title='bbox 785 826 832 863; x_wconf 94' lang='lat' dir='ltr'>C.</span> <span class='ocrx_word' id='word_1_74' title='bbox 852 825 1018 863; x_wconf 91' lang='lat' dir='ltr'>Vibium</span> <span class='ocrx_word' id='word_1_75' title='bbox 1039 826 1231 878; x_wconf 84' lang='lat' dir='ltr'>Capacem</span> <span class='ocrx_word' id='word_1_76' title='bbox 1260 824 1307 862; x_wconf 90' lang='lat' dir='ltr'>ab</span> <span class='ocrx_word' id='word_1_77' title='bbox 1336 823 1412 862; x_wconf 92' lang='lat' dir='ltr'>hoc</span> <span class='ocrx_word' id='word_1_78' title='bbox 1433 826 1484 862; x_wconf 89' lang='lat' dir='ltr'>A.</span> <span class='ocrx_word' id='word_1_79' title='bbox 1505 823 1688 863; x_wconf 91' lang='lat' dir='ltr'>Cluentio</span> <span class='ocrx_word' id='word_1_80' title='bbox 1713 837 1779 862; x_wconf 88' lang='lat' dir='ltr'>ve-</span> 
     </span>
     <span class='ocr_line' id='line_1_11' title="bbox 397 889 1780 943; baseline -0.001 -15"><span class='ocrx_word' id='word_1_81' title='bbox 397 903 497 928; x_wconf 89' lang='lat' dir='ltr'>neno</span> <span class='ocrx_word' id='word_1_82' title='bbox 516 889 587 928; x_wconf 83' lang='lat' dir='ltr'>effe</span> <span class='ocrx_word' id='word_1_83' title='bbox 606 889 814 930; x_wconf 87' lang='lat' dir='ltr'>sublatum.</span> <span class='ocrx_word' id='word_1_84' title='bbox 848 891 1077 943; x_wconf 88' lang='lat' dir='ltr'>Opportune</span> <span class='ocrx_word' id='word_1_85' title='bbox 1097 890 1196 928; x_wconf 87' lang='lat' dir='ltr'>adest</span> <span class='ocrx_word' id='word_1_86' title='bbox 1215 889 1336 928; x_wconf 89' lang='lat' dir='ltr'>homo</span> <span class='ocrx_word' id='word_1_87' title='bbox 1356 889 1506 928; x_wconf 89' lang='lat' dir='ltr'>summa</span> <span class='ocrx_word' id='word_1_88' title='bbox 1520 889 1609 935; x_wconf 86' lang='lat' dir='ltr'>fide,</span> <span class='ocrx_word' id='word_1_89' title='bbox 1639 898 1676 927; x_wconf 90' lang='lat' dir='ltr'>et</span> <span class='ocrx_word' id='word_1_90' title='bbox 1691 903 1780 927; x_wconf 93' lang='lat' dir='ltr'>om-</span> 
     </span>
     <span class='ocr_line' id='line_1_12' title="bbox 396 954 1781 1008; baseline -0.001 -15"><span class='ocrx_word' id='word_1_91' title='bbox 396 956 438 993; x_wconf 92' lang='lat' dir='ltr'>ni</span> <span class='ocrx_word' id='word_1_92' title='bbox 474 956 613 994; x_wconf 87' lang='lat' dir='ltr'>virtute</span> <span class='ocrx_word' id='word_1_93' title='bbox 646 956 840 1008; x_wconf 81' lang='lat' dir='ltr'>praeditus,</span> <span class='ocrx_word' id='word_1_94' title='bbox 873 957 922 993; x_wconf 89' lang='lat' dir='ltr'>L.</span> <span class='ocrx_word' id='word_1_95' title='bbox 950 956 1164 1000; x_wconf 85' lang='lat' dir='ltr'>Plaetorius,</span> <span class='ocrx_word' id='word_1_96' title='bbox 1196 955 1354 1000; x_wconf 87' lang='lat' dir='ltr'>senator,</span> <span class='ocrx_word' id='word_1_97' title='bbox 1386 955 1455 1007; x_wconf 89' lang='lat' dir='ltr'>qui</span> <span class='ocrx_word' id='word_1_98' title='bbox 1483 954 1589 992; x_wconf 81' lang='lat' dir='ltr'>illius</span> <span class='ocrx_word' id='word_1_99' title='bbox 1621 955 1781 1007; x_wconf 83' lang='lat' dir='ltr'>Capacis</span> 
     </span>
     <span class='ocr_line' id='line_1_13' title="bbox 394 1019 1782 1074; baseline -0.001 -15"><span class='ocrx_word' id='word_1_100' title='bbox 394 1020 529 1074; x_wconf 83' lang='lat' dir='ltr'>hospes</span> <span class='ocrx_word' id='word_1_101' title='bbox 550 1020 640 1065; x_wconf 87' lang='lat' dir='ltr'>fuit,</span> <span class='ocrx_word' id='word_1_102' title='bbox 659 1031 696 1059; x_wconf 92' lang='lat' dir='ltr'>et</span> <span class='ocrx_word' id='word_1_103' title='bbox 716 1020 928 1059; x_wconf 82' lang='lat' dir='ltr'>familiaris.</span> <span class='ocrx_word' id='word_1_104' title='bbox 961 1021 1080 1074; x_wconf 89' lang='lat' dir='ltr'>Apud</span> <span class='ocrx_word' id='word_1_105' title='bbox 1095 1020 1201 1059; x_wconf 89' lang='lat' dir='ltr'>hunc</span> <span class='ocrx_word' id='word_1_106' title='bbox 1221 1021 1287 1059; x_wconf 91' lang='lat' dir='ltr'>ille</span> <span class='ocrx_word' id='word_1_107' title='bbox 1308 1021 1445 1060; x_wconf 85' lang='lat' dir='ltr'>Rornae</span> <span class='ocrx_word' id='word_1_108' title='bbox 1464 1019 1664 1066; x_wconf 88' lang='lat' dir='ltr'>habitavit,</span> <span class='ocrx_word' id='word_1_109' title='bbox 1681 1021 1782 1074; x_wconf 92' lang='lat' dir='ltr'>apud</span> 
     </span>
     <span class='ocr_line' id='line_1_14' title="bbox 394 1086 1779 1140; baseline -0.001 -14"><span class='ocrx_word' id='word_1_110' title='bbox 394 1087 500 1126; x_wconf 88' lang='lat' dir='ltr'>hunc</span> <span class='ocrx_word' id='word_1_111' title='bbox 520 1088 727 1140; x_wconf 72' lang='lat' dir='ltr'>aegrotavit,</span> <span class='ocrx_word' id='word_1_112' title='bbox 745 1086 860 1139; x_wconf 84' lang='lat' dir='ltr'>hujus</span> <span class='ocrx_word' id='word_1_113' title='bbox 880 1087 988 1126; x_wconf 89' lang='lat' dir='ltr'>domi</span> <span class='ocrx_word' id='word_1_114' title='bbox 1007 1088 1059 1126; x_wconf 91' lang='lat' dir='ltr'>est</span> <span class='ocrx_word' id='word_1_115' title='bbox 1080 1096 1267 1125; x_wconf 88' lang='lat' dir='ltr'>mortuus.</span> <span class='ocrx_word' id='word_1_116' title='bbox 1290 1089 1345 1125; x_wconf 86' lang='lat' dir='ltr'>At</span> <span class='ocrx_word' id='word_1_117' title='bbox 1359 1086 1467 1125; x_wconf 83' lang='lat' dir='ltr'>heres</span> <span class='ocrx_word' id='word_1_118' title='bbox 1487 1087 1540 1125; x_wconf 90' lang='lat' dir='ltr'>est</span> <span class='ocrx_word' id='word_1_119' title='bbox 1559 1087 1779 1125; x_wconf 85' lang='lat' dir='ltr'>Cluentius.</span> 
     </span>
     <span class='ocr_line' id='line_1_15' title="bbox 396 1153 1778 1205; baseline -0.001 -13"><span class='ocrx_word' id='word_1_120' title='bbox 396 1154 623 1192; x_wconf 87' lang='lat' dir='ltr'>Intestatum</span> <span class='ocrx_word' id='word_1_121' title='bbox 643 1154 732 1191; x_wconf 92' lang='lat' dir='ltr'>dico</span> <span class='ocrx_word' id='word_1_122' title='bbox 752 1153 823 1190; x_wconf 83' lang='lat' dir='ltr'>effe</span> <span class='ocrx_word' id='word_1_123' title='bbox 852 1162 1068 1197; x_wconf 87' lang='lat' dir='ltr'>mortuum,</span> <span class='ocrx_word' id='word_1_124' title='bbox 1101 1153 1439 1205; x_wconf 79' lang='lat' dir='ltr'>poffeffionemque</span> <span class='ocrx_word' id='word_1_125' title='bbox 1459 1154 1539 1204; x_wconf 89' lang='lat' dir='ltr'>ejus</span> <span class='ocrx_word' id='word_1_126' title='bbox 1570 1153 1778 1198; x_wconf 89' lang='lat' dir='ltr'>bonorum,</span> 
     </span>
     <span class='ocr_line' id='line_1_16' title="bbox 395 1217 1780 1271; baseline -0.002 -12"><span class='ocrx_word' id='word_1_127' title='bbox 395 1220 572 1259; x_wconf 66' lang='lat' dir='ltr'>Praetoris</span> <span class='ocrx_word' id='word_1_128' title='bbox 587 1219 725 1263; x_wconf 64' lang='lat' dir='ltr'>edicto,</span> <span class='ocrx_word' id='word_1_129' title='bbox 747 1217 839 1256; x_wconf 90' lang='lat' dir='ltr'>huic</span> <span class='ocrx_word' id='word_1_130' title='bbox 861 1219 965 1257; x_wconf 91' lang='lat' dir='ltr'>illius</span> <span class='ocrx_word' id='word_1_131' title='bbox 987 1218 1121 1257; x_wconf 89' lang='lat' dir='ltr'>sororis</span> <span class='ocrx_word' id='word_1_132' title='bbox 1142 1218 1237 1264; x_wconf 89' lang='lat' dir='ltr'>filio,</span> <span class='ocrx_word' id='word_1_133' title='bbox 1260 1218 1488 1256; x_wconf 82' lang='lat' dir='ltr'>adolescenti</span> <span class='ocrx_word' id='word_1_134' title='bbox 1506 1218 1780 1271; x_wconf 86' lang='lat' dir='ltr'>pudentiffimo</span> 
     </span>
     <span class='ocr_line' id='line_1_17' title="bbox 395 1283 1779 1338; baseline -0.001 -15"><span class='ocrx_word' id='word_1_135' title='bbox 395 1294 432 1323; x_wconf 85' lang='lat' dir='ltr'>et</span> <span class='ocrx_word' id='word_1_136' title='bbox 451 1286 491 1323; x_wconf 89' lang='lat' dir='ltr'>in</span> <span class='ocrx_word' id='word_1_137' title='bbox 512 1285 647 1338; x_wconf 87' lang='lat' dir='ltr'>primis</span> <span class='ocrx_word' id='word_1_138' title='bbox 667 1283 840 1329; x_wconf 83' lang='lat' dir='ltr'>honesto,</span> <span class='ocrx_word' id='word_1_139' title='bbox 862 1284 984 1337; x_wconf 88' lang='lat' dir='ltr'>equiti</span> <span class='ocrx_word' id='word_1_140' title='bbox 1000 1284 1182 1323; x_wconf 87' lang='lat' dir='ltr'>Romano</span> <span class='ocrx_word' id='word_1_141' title='bbox 1201 1284 1343 1329; x_wconf 87' lang='lat' dir='ltr'>datam,</span> <span class='ocrx_word' id='word_1_142' title='bbox 1365 1283 1558 1323; x_wconf 88' lang='lat' dir='ltr'>Numerio</span> <span class='ocrx_word' id='word_1_143' title='bbox 1579 1283 1779 1329; x_wconf 88' lang='lat' dir='ltr'>Cluentio,</span> 
     </span>
     <span class='ocr_line' id='line_1_18' title="bbox 394 1351 683 1404; baseline -0.003 -15"><span class='ocrx_word' id='word_1_144' title='bbox 394 1365 511 1404; x_wconf 86' lang='lat' dir='ltr'>quem</span> <span class='ocrx_word' id='word_1_145' title='bbox 533 1351 683 1389; x_wconf 83' lang='lat' dir='ltr'>videtis.</span> 
     </span>
    </p>

    <p class='ocr_par' dir='ltr' id='par_1_5' title="bbox 391 1414 1778 1866">
     <span class='ocr_line' id='line_1_19' title="bbox 450 1414 1778 1470; baseline -0.001 -15"><span class='ocrx_word' id='word_1_146' title='bbox 450 1418 632 1456; x_wconf 86' lang='lat' dir='ltr'>Alterum</span> <span class='ocrx_word' id='word_1_147' title='bbox 654 1416 826 1454; x_wconf 84' lang='lat' dir='ltr'>veneficii</span> <span class='ocrx_word' id='word_1_148' title='bbox 858 1417 1019 1462; x_wconf 84' lang='lat' dir='ltr'>crimen,</span> <span class='ocrx_word' id='word_1_149' title='bbox 1045 1418 1265 1470; x_wconf 86' lang='lat' dir='ltr'>Oppianico</span> <span class='ocrx_word' id='word_1_150' title='bbox 1297 1414 1389 1455; x_wconf 90' lang='lat' dir='ltr'>huic</span> <span class='ocrx_word' id='word_1_151' title='bbox 1409 1416 1653 1461; x_wconf 87' lang='lat' dir='ltr'>adolescenti,</span> <span class='ocrx_word' id='word_1_152' title='bbox 1686 1430 1778 1461; x_wconf 81' lang='lat' dir='ltr'>cum</span> 
     </span>
     <span class='ocr_line' id='line_1_20' title="bbox 394 1482 1776 1537; baseline -0.001 -15"><span class='ocrx_word' id='word_1_153' title='bbox 394 1485 474 1537; x_wconf 86' lang='lat' dir='ltr'>ejus</span> <span class='ocrx_word' id='word_1_154' title='bbox 495 1484 535 1522; x_wconf 84' lang='lat' dir='ltr'>iu</span> <span class='ocrx_word' id='word_1_155' title='bbox 557 1484 700 1537; x_wconf 87' lang='lat' dir='ltr'>nuptiis</span> <span class='ocrx_word' id='word_1_156' title='bbox 722 1497 827 1522; x_wconf 89' lang='lat' dir='ltr'>more</span> <span class='ocrx_word' id='word_1_157' title='bbox 849 1484 1088 1522; x_wconf 88' lang='lat' dir='ltr'>Larinatium</span> <span class='ocrx_word' id='word_1_158' title='bbox 1108 1484 1321 1522; x_wconf 89' lang='lat' dir='ltr'>multitudo</span> <span class='ocrx_word' id='word_1_159' title='bbox 1340 1482 1548 1523; x_wconf 89' lang='lat' dir='ltr'>hominum</span> <span class='ocrx_word' id='word_1_160' title='bbox 1564 1483 1776 1536; x_wconf 88' lang='lat' dir='ltr'>pranderet,</span> 
     </span>
     <span class='ocr_line' id='line_1_21' title="bbox 394 1549 1777 1602; baseline -0.001 -14"><span class='ocrx_word' id='word_1_161' title='bbox 394 1564 585 1588; x_wconf 88' lang='lat' dir='ltr'>venenum</span> <span class='ocrx_word' id='word_1_162' title='bbox 606 1550 713 1588; x_wconf 85' lang='lat' dir='ltr'>Aviti</span> <span class='ocrx_word' id='word_1_163' title='bbox 748 1549 904 1594; x_wconf 74' lang='lat' dir='ltr'>confilio</span> <span class='ocrx_word' id='word_1_164' title='bbox 937 1559 1135 1602; x_wconf 86' lang='lat' dir='ltr'>paratum:</span> <span class='ocrx_word' id='word_1_165' title='bbox 1180 1550 1219 1587; x_wconf 89' lang='lat' dir='ltr'>id</span> <span class='ocrx_word' id='word_1_166' title='bbox 1253 1563 1345 1588; x_wconf 91' lang='lat' dir='ltr'>cum</span> <span class='ocrx_word' id='word_1_167' title='bbox 1379 1549 1530 1587; x_wconf 84' lang='lat' dir='ltr'>daretur</span> <span class='ocrx_word' id='word_1_168' title='bbox 1562 1550 1603 1586; x_wconf 90' lang='lat' dir='ltr'>in</span> <span class='ocrx_word' id='word_1_169' title='bbox 1638 1549 1777 1594; x_wconf 88' lang='lat' dir='ltr'>mulso,</span> 
     </span>
     <span class='ocr_line' id='line_1_22' title="bbox 394 1614 1777 1668; baseline -0.001 -14"><span class='ocrx_word' id='word_1_170' title='bbox 394 1616 618 1655; x_wconf 86' lang='lat' dir='ltr'>Balbutium</span> <span class='ocrx_word' id='word_1_171' title='bbox 641 1616 847 1668; x_wconf 86' lang='lat' dir='ltr'>quendam,</span> <span class='ocrx_word' id='word_1_172' title='bbox 880 1616 959 1667; x_wconf 84' lang='lat' dir='ltr'>ejus</span> <span class='ocrx_word' id='word_1_173' title='bbox 980 1614 1224 1662; x_wconf 84' lang='lat' dir='ltr'>familiarem,</span> <span class='ocrx_word' id='word_1_174' title='bbox 1246 1614 1496 1668; x_wconf 75' lang='lat' dir='ltr'>intercepisse,</span> <span class='ocrx_word' id='word_1_175' title='bbox 1528 1614 1676 1659; x_wconf 83' lang='lat' dir='ltr'>bibiffe,</span> <span class='ocrx_word' id='word_1_176' title='bbox 1705 1615 1777 1652; x_wconf 87' lang='lat' dir='ltr'>sta-</span> 
     </span>
     <span class='ocr_line' id='line_1_23' title="bbox 393 1679 1778 1735; baseline -0.001 -15"><span class='ocrx_word' id='word_1_177' title='bbox 393 1683 541 1735; x_wconf 88' lang='lat' dir='ltr'>timque</span> <span class='ocrx_word' id='word_1_178' title='bbox 571 1681 642 1720; x_wconf 83' lang='lat' dir='ltr'>effe</span> <span class='ocrx_word' id='word_1_179' title='bbox 676 1691 890 1720; x_wconf 88' lang='lat' dir='ltr'>mortuum.</span> <span class='ocrx_word' id='word_1_180' title='bbox 923 1682 1021 1719; x_wconf 84' lang='lat' dir='ltr'>Haec</span> <span class='ocrx_word' id='word_1_181' title='bbox 1041 1695 1112 1734; x_wconf 89' lang='lat' dir='ltr'>ego</span> <span class='ocrx_word' id='word_1_182' title='bbox 1131 1682 1157 1720; x_wconf 89' lang='lat' dir='ltr'><strong>fi</strong></span> <span class='ocrx_word' id='word_1_183' title='bbox 1188 1682 1238 1720; x_wconf 86' lang='lat' dir='ltr'>fic</span> <span class='ocrx_word' id='word_1_184' title='bbox 1264 1695 1430 1734; x_wconf 83' lang='lat' dir='ltr'>agerem,</span> <span class='ocrx_word' id='word_1_185' title='bbox 1463 1690 1647 1733; x_wconf 85' lang='lat' dir='ltr'>tanquam</span> <span class='ocrx_word' id='word_1_186' title='bbox 1678 1679 1778 1718; x_wconf 87' lang='lat' dir='ltr'>mihi</span> 
     </span>
     <span class='ocr_line' id='line_1_24' title="bbox 392 1746 1777 1800; baseline -0.001 -14"><span class='ocrx_word' id='word_1_187' title='bbox 392 1749 539 1786; x_wconf 84' lang='lat' dir='ltr'>crimen</span> <span class='ocrx_word' id='word_1_188' title='bbox 560 1747 647 1785; x_wconf 78' lang='lat' dir='ltr'>effer</span> <span class='ocrx_word' id='word_1_189' title='bbox 668 1747 910 1791; x_wconf 89' lang='lat' dir='ltr'>diluendum,</span> <span class='ocrx_word' id='word_1_190' title='bbox 932 1746 1012 1785; x_wconf 76' lang='lat' dir='ltr'>haec</span> <span class='ocrx_word' id='word_1_191' title='bbox 1033 1748 1210 1800; x_wconf 89' lang='lat' dir='ltr'>pluribus</span> <span class='ocrx_word' id='word_1_192' title='bbox 1228 1748 1350 1785; x_wconf 87' lang='lat' dir='ltr'>verbis</span> <span class='ocrx_word' id='word_1_193' title='bbox 1371 1747 1553 1791; x_wconf 86' lang='lat' dir='ltr'>dicerem,</span> <span class='ocrx_word' id='word_1_194' title='bbox 1572 1760 1656 1798; x_wconf 84' lang='lat' dir='ltr'>quae</span> <span class='ocrx_word' id='word_1_195' title='bbox 1674 1760 1777 1784; x_wconf 90' lang='lat' dir='ltr'>nunc</span> 
     </span>
     <span class='ocr_line' id='line_1_25' title="bbox 391 1813 987 1866; baseline 0 -16"><span class='ocrx_word' id='word_1_196' title='bbox 391 1814 728 1866; x_wconf 28' lang='lat' dir='ltr'>paucis-percurrit</span> <span class='ocrx_word' id='word_1_197' title='bbox 749 1813 870 1851; x_wconf 88' lang='lat' dir='ltr'>oratio</span> <span class='ocrx_word' id='word_1_198' title='bbox 890 1827 987 1851; x_wconf 88' lang='lat' dir='ltr'>mea.</span> 
     </span>
    </p>

    <p class='ocr_par' dir='ltr' id='par_1_6' title="bbox 387 1877 1778 2527">
     <span class='ocr_line' id='line_1_26' title="bbox 448 1877 1777 1932; baseline -0.001 -15"><span class='ocrx_word' id='word_1_199' title='bbox 448 1880 555 1931; x_wconf 85' lang='lat' dir='ltr'>Qid</span> <span class='ocrx_word' id='word_1_200' title='bbox 587 1893 756 1932; x_wconf 85' lang='lat' dir='ltr'>unquam</span> <span class='ocrx_word' id='word_1_201' title='bbox 779 1879 918 1917; x_wconf 85' lang='lat' dir='ltr'>Avitus</span> <span class='ocrx_word' id='word_1_202' title='bbox 953 1880 993 1917; x_wconf 89' lang='lat' dir='ltr'>in</span> <span class='ocrx_word' id='word_1_203' title='bbox 1026 1878 1061 1916; x_wconf 92' lang='lat' dir='ltr'>se</span> <span class='ocrx_word' id='word_1_204' title='bbox 1090 1879 1253 1923; x_wconf 83' lang='lat' dir='ltr'>admifit,</span> <span class='ocrx_word' id='word_1_205' title='bbox 1285 1887 1327 1916; x_wconf 91' lang='lat' dir='ltr'>ut</span> <span class='ocrx_word' id='word_1_206' title='bbox 1358 1877 1433 1916; x_wconf 92' lang='lat' dir='ltr'>hoc</span> <span class='ocrx_word' id='word_1_207' title='bbox 1468 1887 1620 1916; x_wconf 88' lang='lat' dir='ltr'>tantum</span> <span class='ocrx_word' id='word_1_208' title='bbox 1654 1878 1701 1916; x_wconf 88' lang='lat' dir='ltr'>ab</span> <span class='ocrx_word' id='word_1_209' title='bbox 1732 1892 1777 1916; x_wconf 90' lang='lat' dir='ltr'>eo</span> 
     </span>
     <span class='ocr_line' id='line_1_27' title="bbox 391 1944 1776 1997; baseline -0.001 -13"><span class='ocrx_word' id='word_1_210' title='bbox 391 1945 539 1984; x_wconf 85' lang='lat' dir='ltr'>facinus</span> <span class='ocrx_word' id='word_1_211' title='bbox 586 1960 663 1983; x_wconf 90' lang='lat' dir='ltr'>non</span> <span class='ocrx_word' id='word_1_212' title='bbox 707 1944 906 1983; x_wconf 82' lang='lat' dir='ltr'>abhorrere</span> <span class='ocrx_word' id='word_1_213' title='bbox 951 1945 1121 1983; x_wconf 88' lang='lat' dir='ltr'>videatur</span> <span class='ocrx_word' id='word_1_214' title='bbox 1144 1946 1157 1982; x_wconf 87' lang='lat'>?</span> <span class='ocrx_word' id='word_1_215' title='bbox 1217 1944 1324 1996; x_wconf 84' lang='lat' dir='ltr'>Qid</span> <span class='ocrx_word' id='word_1_216' title='bbox 1369 1953 1497 1982; x_wconf 90' lang='lat' dir='ltr'>autem</span> <span class='ocrx_word' id='word_1_217' title='bbox 1545 1957 1776 1997; x_wconf 85' lang='lat' dir='ltr'>magnopere</span> 
     </span>
     <span class='ocr_line' id='line_1_28' title="bbox 392 2009 1778 2064; baseline -0.001 -14"><span class='ocrx_word' id='word_1_218' title='bbox 392 2012 654 2064; x_wconf 87' lang='lat' dir='ltr'>Oppianicum</span> <span class='ocrx_word' id='word_1_219' title='bbox 691 2010 901 2055; x_wconf 83' lang='lat' dir='ltr'>metuebat,</span> <span class='ocrx_word' id='word_1_220' title='bbox 938 2024 1030 2048; x_wconf 90' lang='lat' dir='ltr'>cum</span> <span class='ocrx_word' id='word_1_221' title='bbox 1059 2010 1124 2048; x_wconf 91' lang='lat' dir='ltr'>ille</span> <span class='ocrx_word' id='word_1_222' title='bbox 1154 2010 1313 2048; x_wconf 86' lang='lat' dir='ltr'>verbum</span> <span class='ocrx_word' id='word_1_223' title='bbox 1345 2011 1507 2048; x_wconf 85' lang='lat' dir='ltr'>omnino</span> <span class='ocrx_word' id='word_1_224' title='bbox 1536 2011 1577 2048; x_wconf 92' lang='lat' dir='ltr'>in</span> <span class='ocrx_word' id='word_1_225' title='bbox 1597 2009 1668 2048; x_wconf 85' lang='lat' dir='ltr'>hac</span> <span class='ocrx_word' id='word_1_226' title='bbox 1699 2010 1778 2063; x_wconf 89' lang='lat' dir='ltr'>ipsa</span> 
     </span>
     <span class='ocr_line' id='line_1_29' title="bbox 390 2076 1777 2129; baseline -0.001 -13"><span class='ocrx_word' id='word_1_227' title='bbox 390 2078 499 2116; x_wconf 87' lang='lat' dir='ltr'>causa</span> <span class='ocrx_word' id='word_1_228' title='bbox 529 2078 681 2116; x_wconf 88' lang='lat' dir='ltr'>nullum</span> <span class='ocrx_word' id='word_1_229' title='bbox 713 2076 834 2115; x_wconf 86' lang='lat' dir='ltr'>facere</span> <span class='ocrx_word' id='word_1_230' title='bbox 869 2077 1065 2129; x_wconf 86' lang='lat' dir='ltr'>potuerit;</span> <span class='ocrx_word' id='word_1_231' title='bbox 1097 2076 1189 2115; x_wconf 90' lang='lat' dir='ltr'>huic</span> <span class='ocrx_word' id='word_1_232' title='bbox 1221 2086 1349 2115; x_wconf 84' lang='lat' dir='ltr'>autem</span> <span class='ocrx_word' id='word_1_233' title='bbox 1378 2076 1624 2121; x_wconf 84' lang='lat' dir='ltr'>accusatores,</span> <span class='ocrx_word' id='word_1_234' title='bbox 1657 2085 1777 2114; x_wconf 86' lang='lat' dir='ltr'>matre</span> 
     </span>
     <span class='ocr_line' id='line_1_30' title="bbox 389 2142 1776 2195; baseline -0.001 -13"><span class='ocrx_word' id='word_1_235' title='bbox 389 2145 502 2189; x_wconf 88' lang='lat' dir='ltr'>viva,</span> <span class='ocrx_word' id='word_1_236' title='bbox 533 2143 650 2182; x_wconf 78' lang='lat' dir='ltr'>deesse</span> <span class='ocrx_word' id='word_1_237' title='bbox 686 2157 762 2181; x_wconf 88' lang='lat' dir='ltr'>non</span> <span class='ocrx_word' id='word_1_238' title='bbox 795 2142 976 2195; x_wconf 74' lang='lat' dir='ltr'>possent?</span> <span class='ocrx_word' id='word_1_239' title='bbox 1009 2143 1113 2195; x_wconf 92' lang='lat' dir='ltr'>quod</span> <span class='ocrx_word' id='word_1_240' title='bbox 1138 2144 1220 2195; x_wconf 84' lang='lat' dir='ltr'>jam</span> <span class='ocrx_word' id='word_1_241' title='bbox 1251 2142 1490 2195; x_wconf 84' lang='lat' dir='ltr'>intelligetis.</span> <span class='ocrx_word' id='word_1_242' title='bbox 1536 2144 1614 2187; x_wconf 87' lang='lat' dir='ltr'>An,</span> <span class='ocrx_word' id='word_1_243' title='bbox 1651 2151 1694 2180; x_wconf 86' lang='lat' dir='ltr'>ut</span> <span class='ocrx_word' id='word_1_244' title='bbox 1729 2142 1776 2180; x_wconf 90' lang='lat' dir='ltr'>de</span> 
     </span>
     <span class='ocr_line' id='line_1_31' title="bbox 387 2208 1775 2263; baseline -0.002 -14"><span class='ocrx_word' id='word_1_245' title='bbox 387 2211 495 2249; x_wconf 89' lang='lat' dir='ltr'>causa</span> <span class='ocrx_word' id='word_1_246' title='bbox 525 2212 607 2262; x_wconf 86' lang='lat' dir='ltr'>ejus</span> <span class='ocrx_word' id='word_1_247' title='bbox 637 2210 798 2263; x_wconf 86' lang='lat' dir='ltr'>periculi</span> <span class='ocrx_word' id='word_1_248' title='bbox 821 2208 920 2247; x_wconf 88' lang='lat' dir='ltr'>nihil</span> <span class='ocrx_word' id='word_1_249' title='bbox 956 2210 1166 2254; x_wconf 87' lang='lat' dir='ltr'>decederet,</span> <span class='ocrx_word' id='word_1_250' title='bbox 1198 2209 1243 2248; x_wconf 86' lang='lat' dir='ltr'>ad</span> <span class='ocrx_word' id='word_1_251' title='bbox 1273 2209 1422 2247; x_wconf 84' lang='lat' dir='ltr'>causam</span> <span class='ocrx_word' id='word_1_252' title='bbox 1456 2223 1599 2247; x_wconf 87' lang='lat' dir='ltr'>novum</span> <span class='ocrx_word' id='word_1_253' title='bbox 1626 2209 1775 2247; x_wconf 88' lang='lat' dir='ltr'>crimen</span> 
     </span>
     <span class='ocr_line' id='line_1_32' title="bbox 388 2275 1775 2329; baseline 0 -16"><span class='ocrx_word' id='word_1_254' title='bbox 388 2276 616 2315; x_wconf 85' lang='lat' dir='ltr'>accederet?</span> <span class='ocrx_word' id='word_1_255' title='bbox 662 2276 780 2327; x_wconf 81' lang='lat' dir='ltr'>Qod</span> <span class='ocrx_word' id='word_1_256' title='bbox 813 2285 941 2314; x_wconf 86' lang='lat' dir='ltr'>autem</span> <span class='ocrx_word' id='word_1_257' title='bbox 978 2285 1131 2329; x_wconf 85' lang='lat' dir='ltr'>tempus</span> <span class='ocrx_word' id='word_1_258' title='bbox 1162 2276 1298 2313; x_wconf 88' lang='lat' dir='ltr'>veneni</span> <span class='ocrx_word' id='word_1_259' title='bbox 1330 2275 1458 2319; x_wconf 82' lang='lat' dir='ltr'>dandi,</span> <span class='ocrx_word' id='word_1_260' title='bbox 1504 2275 1574 2313; x_wconf 92' lang='lat' dir='ltr'>illo</span> <span class='ocrx_word' id='word_1_261' title='bbox 1601 2275 1692 2313; x_wconf 88' lang='lat' dir='ltr'>die?</span> <span class='ocrx_word' id='word_1_262' title='bbox 1733 2275 1775 2312; x_wconf 88' lang='lat' dir='ltr'>in</span> 
     </span>
     <span class='ocr_line' id='line_1_33' title="bbox 388 2341 1772 2395; baseline -0.003 -14"><span class='ocrx_word' id='word_1_263' title='bbox 388 2343 453 2381; x_wconf 87' lang='lat' dir='ltr'>illa</span> <span class='ocrx_word' id='word_1_264' title='bbox 486 2342 739 2395; x_wconf 86' lang='lat' dir='ltr'>frequentia?</span> <span class='ocrx_word' id='word_1_265' title='bbox 790 2343 862 2380; x_wconf 89' lang='lat' dir='ltr'>Per</span> <span class='ocrx_word' id='word_1_266' title='bbox 900 2356 1018 2394; x_wconf 90' lang='lat' dir='ltr'>quem</span> <span class='ocrx_word' id='word_1_267' title='bbox 1051 2356 1164 2395; x_wconf 88' lang='lat' dir='ltr'>porro</span> <span class='ocrx_word' id='word_1_268' title='bbox 1195 2342 1360 2379; x_wconf 85' lang='lat' dir='ltr'>datum?</span> <span class='ocrx_word' id='word_1_269' title='bbox 1406 2343 1506 2380; x_wconf 90' lang='lat' dir='ltr'>unde</span> <span class='ocrx_word' id='word_1_270' title='bbox 1540 2341 1772 2394; x_wconf 90' lang='lat' dir='ltr'>sumptum?</span> 
     </span>
     <span class='ocr_line' id='line_1_34' title="bbox 388 2408 1773 2461; baseline -0.002 -14"><span class='ocrx_word' id='word_1_271' title='bbox 388 2409 486 2460; x_wconf 83' lang='lat' dir='ltr'>Qae</span> <span class='ocrx_word' id='word_1_272' title='bbox 524 2409 660 2447; x_wconf 93' lang='lat' dir='ltr'>deinde</span> <span class='ocrx_word' id='word_1_273' title='bbox 695 2409 923 2461; x_wconf 87' lang='lat' dir='ltr'>interceptio</span> <span class='ocrx_word' id='word_1_274' title='bbox 954 2408 1115 2461; x_wconf 91' lang='lat' dir='ltr'>poculi?</span> <span class='ocrx_word' id='word_1_275' title='bbox 1157 2422 1224 2446; x_wconf 93' lang='lat' dir='ltr'>cur</span> <span class='ocrx_word' id='word_1_276' title='bbox 1259 2422 1335 2446; x_wconf 91' lang='lat' dir='ltr'>non</span> <span class='ocrx_word' id='word_1_277' title='bbox 1371 2409 1416 2446; x_wconf 92' lang='lat' dir='ltr'>de</span> <span class='ocrx_word' id='word_1_278' title='bbox 1455 2409 1604 2460; x_wconf 88' lang='lat' dir='ltr'>integro</span> <span class='ocrx_word' id='word_1_279' title='bbox 1644 2415 1773 2444; x_wconf 88' lang='lat' dir='ltr'>autem</span> 
     </span>
     <span class='ocr_line' id='line_1_35' title="bbox 388 2472 1770 2527; baseline -0.002 -15"><span class='ocrx_word' id='word_1_280' title='bbox 388 2474 554 2512; x_wconf 84' lang='lat' dir='ltr'>datum?</span> <span class='ocrx_word' id='word_1_281' title='bbox 585 2473 718 2512; x_wconf 86' lang='lat' dir='ltr'>Multa</span> <span class='ocrx_word' id='word_1_282' title='bbox 747 2474 845 2519; x_wconf 87' lang='lat' dir='ltr'>sunt,</span> <span class='ocrx_word' id='word_1_283' title='bbox 877 2487 961 2526; x_wconf 83' lang='lat' dir='ltr'>quae</span> <span class='ocrx_word' id='word_1_284' title='bbox 990 2474 1067 2512; x_wconf 89' lang='lat' dir='ltr'>dici</span> <span class='ocrx_word' id='word_1_285' title='bbox 1096 2473 1275 2527; x_wconf 63' lang='lat' dir='ltr'>possunt,</span> <span class='ocrx_word' id='word_1_286' title='bbox 1310 2473 1369 2512; x_wconf 89' lang='lat' dir='ltr'>sed</span> <span class='ocrx_word' id='word_1_287' title='bbox 1403 2487 1479 2512; x_wconf 89' lang='lat' dir='ltr'>non</span> <span class='ocrx_word' id='word_1_288' title='bbox 1510 2472 1770 2515; x_wconf 87' lang='lat' dir='ltr'>committam,</span> 
     </span>
    </p>
   </div>
  </div>
 </body>
</html>
