2212 2835
457 178 545 216 DE
604 176 1079 217 HARUSPICUM
1137 175 1533 215 RESPONSIS.
1625 191 1702 231 431

305 284 429 329 poetae
448 275 630 329 fingendo
651 276 866 328 exprimere
886 283 1112 328 potuerunt,
1142 288 1227 327 quae
1248 285 1373 314 tantos
1394 274 1592 315 exhaurire
1612 291 1706 330 gur-

305 345 404 396 gites
439 343 572 397 posset,
604 352 763 396 quantas
798 342 866 380 iste
897 341 1175 393 Byzantiorum
1208 343 1576 397 Brogitarorumque
1608 359 1705 398 prae-

308 411 372 448 das
393 409 618 448 exsorbuit?
650 417 715 447 aut
742 417 821 447 tam
847 409 1110 447 eminentibus
1137 409 1297 447 canibus
1319 409 1486 460 Scyllam
1507 439 1517 455 ,
1549 420 1708 464 tamque

304 477 464 530 jejunis,
500 489 634 529 quam,
669 475 811 528 quibus
843 474 960 512 istum
996 474 1145 520 videtis,
1183 475 1340 520 Gelliis,
1376 476 1540 522 Clodiis,
1573 479 1706 524 Titiis,

310 545 447 583 Rostra
466 545 545 597 ipsa
566 543 817 582 mandentem
836 543 850 579 ?

364 612 518 662 Qare,
549 610 588 648 id
609 609 714 662 quod
735 619 952 647 extremum
972 608 1025 646 est
1044 608 1084 646 in
1105 607 1352 661 haruspicum
1372 609 1554 663 responsis
1569 641 1580 656 ,
1608 613 1708 651 Pro-

305 676 437 721 videte,
466 691 510 715 ne
527 675 860 728 respublicaestatus
879 685 1127 714 commutetur.
1161 676 1321 714 Etenim
1342 677 1407 714 vix
1428 676 1523 723 haec,
1547 678 1572 716 fi
1593 679 1713 716 undi-

309 756 385 795 que
405 742 630 788 fulciamus,
655 742 738 794 jam
759 741 956 787 labefae‘ca,
987 742 1067 787 vix,
1098 743 1274 795 inquam,
1305 742 1439 781 innixa
1466 745 1506 781 in
1527 746 1709 783 omnium

308 809 481 847 nostrum
503 807 692 853 humeris,
722 807 987 846 cohaerebunt.

364 876 560 914 XXVIII.
593 875 686 913 Fuit
711 875 909 927 quondam
941 875 993 913 ita
1019 874 1130 913 firma
1158 873 1240 913 haec
1267 875 1400 914 civitas
1429 886 1467 915 et
1493 877 1634 922 valens,
1667 888 1711 916 ut

312 942 589 995 negligentiam
620 941 784 986 senatus,
815 942 875 979 vel
907 943 1025 980 etiam
1060 942 1214 994 injurias
1251 943 1412 987 civium,
1444 942 1541 981 ferre
1573 944 1706 997 poffet.

311 1010 400 1060 Jarn
421 1022 499 1047 non
517 1008 666 1062 potest:
699 1009 873 1047 aerarium
894 1008 1049 1047 nullum
1071 1009 1122 1047 est
1140 1024 1148 1047 :
1181 1010 1433 1062 vestigalibus
1463 1025 1541 1049 non
1566 1011 1707 1049 fruun-

311 1084 388 1121 tur,
420 1076 488 1128 qui
519 1075 789 1113 redemerunt:
823 1075 1024 1114 :infitoritas
1056 1076 1279 1129 principum
1306 1077 1474 1115 cecidit:
1507 1078 1708 1116 consensus

310 1141 494 1180 ordinum
515 1140 567 1179 est
585 1141 753 1179 divulsus
775 1156 783 1179 ι
809 1141 957 1194 judicia
981 1142 1202 1194 perierunt:
1235 1141 1410 1194 suffragia
1438 1143 1623 1196 descripta
1649 1153 1708 1181 te-

313 1218 454 1246 nentur
473 1222 493 1246 a
520 1208 652 1260 paucis
672 1223 681 1246 :
715 1209 907 1246 bonorum
935 1209 1086 1246 animus
1108 1209 1153 1246 ad
1175 1218 1315 1246 nutum
1339 1209 1453 1246 nostri
1474 1210 1616 1248 ordinis
1639 1224 1707 1248 ex-

311 1275 561 1327 peditusjam
584 1288 660 1312 non
681 1275 752 1312 erit
771 1289 778 1311 :
812 1275 938 1312 civem
957 1303 967 1319 ‚
1000 1275 1069 1326 qui
1095 1275 1130 1312 se
1157 1288 1226 1327 pro
1252 1276 1382 1327 patriae
1402 1276 1520 1314 salute
1540 1286 1712 1329 opponat

311 1341 480 1385 invidiae,
511 1339 648 1378 frustra
664 1339 821 1393 posthac
842 1340 1055 1393 requiretis.

366 1407 497 1459 Qare
530 1405 637 1444 hunc
671 1406 825 1452 statum,
857 1407 926 1459 qui
958 1419 1063 1444 nunc
1097 1406 1163 1451 est,
1195 1406 1473 1460 qualiscunque
1507 1408 1572 1453 est,
1604 1408 1712 1447 nulla

310 1473 383 1510 alia
415 1487 480 1518 re,
511 1472 581 1511 nifi
615 1473 846 1518 concordia,
876 1473 1037 1510 retinere
1066 1471 1279 1524 possumus.
1312 1472 1444 1518 Nam,
1477 1484 1519 1512 ut
1550 1475 1710 1512 meliore

310 1538 425 1576 simus
446 1538 532 1576 loco
548 1566 558 1583 ,
591 1551 638 1576 ne
658 1538 872 1591 optandum
893 1538 1053 1590 quidem
1076 1537 1151 1582 est,
1183 1538 1252 1576 illo
1271 1538 1491 1591 impunito:
1525 1541 1710 1578 deteriore

308 1613 437 1642 autem
471 1603 568 1641 statu
598 1612 642 1640 ut
672 1603 803 1648 fimus,
836 1616 934 1641 unus
967 1603 1019 1641 est
1050 1602 1208 1641 inferior
1237 1605 1389 1656 gradus,
1421 1615 1485 1643 aut
1516 1607 1708 1651 interitus,

309 1679 373 1708 aut
393 1669 584 1707 servitutis
603 1684 612 1707 ;
637 1682 716 1721 quo
736 1683 784 1707 ne
803 1669 1018 1714 trudamur,
1043 1669 1112 1707 Dii
1134 1670 1373 1708 immortales
1394 1685 1462 1708 nos
1483 1672 1707 1717 admonent,

309 1736 495 1788 quoniam
524 1735 762 1788 jampridem
794 1734 965 1774 humana
1000 1735 1155 1774 consilia
1189 1737 1423 1775 ceciderunt.
1472 1739 1603 1790 Atque
1637 1752 1709 1790 ego

309 1801 409 1840 hanc
429 1802 641 1840 orationem
657 1830 668 1846 ,
701 1802 829 1839 Patres
850 1801 1088 1854 conscripti,
1118 1811 1198 1840 tam
1221 1802 1365 1840 tristem
1381 1832 1391 1848 ,
1424 1813 1503 1841 tam
1524 1818 1677 1856 gravem
1696 1833 1707 1849 ,

309 1882 390 1907 non
409 1866 659 1921 suscepiffem,
691 1882 784 1914 non,
815 1869 992 1921 inquam,
1024 1869 1092 1906 nisi
1113 1868 1214 1907 hanc
1239 1870 1453 1923 personam,
1477 1880 1513 1908 et
1534 1870 1599 1908 has
1620 1885 1709 1924 par-

310 1944 391 1979 tes,
422 1933 635 1973 honoribus
670 1935 806 1987 populi
842 1935 1038 1980 Romani,
1070 1935 1198 1974 vestris
1233 1936 1414 1988 plurimis
1448 1938 1708 1982 ornamentis,

311 1998 413 2039 mihi
443 2000 613 2045 tributis,
644 2000 822 2038 deberem
853 2011 890 2039 et
919 2001 1065 2054 poffem
1097 2001 1303 2040 sustinere:
1336 2002 1398 2040 sed
1424 2013 1554 2041 tamen
1582 2002 1708 2048 facile,

312 2066 530 2105 tacentibus
551 2067 695 2106 caeteris
713 2096 724 2112 ,
756 2068 987 2106 reticuissem
1006 2083 1015 2107 :
1048 2068 1110 2106 sed
1136 2067 1217 2107 haec
1246 2070 1367 2107 oratio
1387 2070 1516 2107 omnis
1537 2069 1613 2107 suit
1634 2083 1710 2106 non

313 2134 546 2172 auctoritatis
581 2147 702 2179 meae,
733 2134 793 2172 sed
829 2135 995 2186 publicae
1030 2135 1241 2188 religionis.
1280 2136 1373 2173 Mea
1407 2135 1564 2174 fuerunt
1599 2137 1710 2173 verba

313 2198 463 2238 fortaffe
492 2199 629 2252 plura,-
662 2199 856 2238 sententiae
883 2200 1042 2253 quidem
1069 2214 1203 2239 omnes
1231 2200 1507 2254 haruspicum:
1540 2202 1585 2238 ad
1612 2213 1708 2252 quos

314 2274 379 2304 aut
409 2263 538 2302 referri
569 2266 744 2303 nuntiata
771 2265 914 2304 ostenta
943 2280 1021 2304 non
1051 2267 1244 2312 convenit,
1275 2276 1340 2305 aut
1367 2280 1501 2305 eorum
1529 2265 1708 2318 responsis

315 2331 553 2370 commoveri
573 2330 715 2368 neceffe
736 2332 802 2370 est.

373 2397 491 2449 Qod
523 2397 548 2434 fi
579 2406 711 2434 caetera
737 2399 858 2450 magis
885 2399 1106 2450 pervulgata
1134 2412 1202 2436 nos
1230 2398 1336 2450 saepe,
1367 2408 1404 2435 et
1435 2398 1587 2442 leviora,
1621 2411 1709 2435 mo-

316 2473 480 2509 verunt,
514 2475 585 2502 vox
616 2461 693 2514 ipsa
723 2463 898 2501 Deorum
929 2463 1211 2502 immortalium
1243 2476 1318 2501 non
1349 2471 1496 2501 mentes
1530 2463 1712 2502 omnium
