2212 2835
361 183 435 222 170
807 165 1319 204 ORATIOI.

356 266 397 303 in
425 265 618 316 voluptate
646 261 893 307 bacchabere,
924 275 1016 300 cum
1044 262 1084 299 in
1113 269 1220 299 tanto
1247 274 1410 299 numero
1437 270 1592 299 tuorum
1617 274 1741 314 neque

356 332 483 369 audies
503 331 632 368 virum
651 330 800 367 bonum
818 342 1071 381 quemquam,
1094 342 1218 380 neque
1237 328 1383 366 videbis
1402 329 1414 367 ?
1437 328 1499 366 Ad
1520 327 1636 380 hujus
1656 328 1743 366 vitae

355 397 524 436 studium
545 396 720 434 meditati
736 396 794 434 illi
810 396 909 440 sunt,
925 396 993 448 qui
1010 394 1199 439 feruntur,
1216 395 1363 433 labores
1382 396 1598 448 tui:jacere
1613 393 1742 438 humi,

356 477 434 501 non
468 463 586 501 modo
619 462 665 500 ad
699 461 950 500 obfidendum
986 461 1174 514 stuprum,
1206 475 1340 499 verum
1373 462 1565 504 etiamad
1595 460 1744 499 facinus

356 528 584 566 obeundum
601 542 610 566 ε
643 527 813 580 vigilare,
843 541 922 565 non
942 526 1065 564 solum
1086 526 1326 565 infidiantem
1347 526 1481 566 somno
1500 527 1744 570 maritorum,

356 608 491 632 verum
521 594 637 632 etiam
670 594 780 632 bonis
807 592 1034 631 occisorum.
1067 592 1198 630 Habes
1226 593 1294 630 ubi
1319 592 1481 631 ostentes
1507 592 1616 631 illam
1647 605 1745 644 prae-

357 659 499 698 claram
519 669 625 698 tuam
645 659 868 712 patientiam
889 656 1018 703 famis,
1048 657 1215 710 frigoriS,
1237 657 1375 710 inopiae
1395 672 1523 696 rerum
1543 657 1742 700 omnium;

358 727 499 777 quibus
521 736 558 764 te
578 726 683 763 brevi
704 734 876 777 tempore
896 723 1119 762 confectum
1139 723 1210 762 effe
1230 724 1380 763 senties.
1403 726 1579 763 Tantum
1599 722 1744 777 profeci

358 801 459 838 tum,
490 806 582 830 cum
603 801 639 828 te
667 805 687 829 a
709 791 906 829 consulatu
937 790 1073 842 repuli,
1106 799 1147 827 ut
1174 790 1262 827 exul
1290 791 1418 842 potius
1441 800 1596 835 tentare,
1627 802 1745 841 quam

358 857 489 896 consul
524 870 671 901 vexare,
709 856 991 908 rempublicam
1025 855 1142 907 pofl'es
1160 872 1171 898 ;
1212 864 1327 906 atque
1360 864 1403 893 ut
1437 855 1489 900 id,
1521 855 1625 907 quod
1656 855 1745 893 effet

356 937 379 962 a
398 933 435 962 te
452 923 626 962 scelerate
646 923 876 975 susceptum,
906 922 1155 959 latrocinium
1175 922 1318 973 potius,
1349 935 1465 974 quam
1487 921 1649 966 bellum,
1671 935 1745 961 no-

356 991 579 1029 minaretur.

413 1057 485 1094 XI.
509 1055 643 1099 Nunc,
666 1063 708 1091 ut
729 1067 749 1091 a
769 1067 844 1097 me,
868 1054 996 1091 Patres
1017 1052 1236 1105 conscripti,
1259 1053 1451 1104 quandam
1472 1066 1590 1105 prope
1604 1052 1745 1104 justam

357 1122 486 1175 patriae
507 1121 792 1174 querimoniam
813 1119 970 1157 detester
991 1132 1032 1156 ac
1053 1119 1258 1171 deprecer;
1291 1120 1491 1171 percipite,
1513 1119 1652 1171 quaeso,
1684 1118 1746 1156 di—

357 1188 535 1240 ligenter,
566 1200 651 1239 quae
674 1186 817 1231 dicam,
848 1194 886 1223 et
910 1199 952 1223 ea
976 1184 1129 1237 penitus
1156 1185 1294 1222 animis
1320 1184 1447 1223 vestris
1475 1184 1747 1236 mentibusque

357 1254 549 1292 mandate.
582 1252 756 1296 Etenim,
789 1251 815 1288 fi
843 1264 998 1289 mecum
1023 1250 1154 1303 patria,
1187 1264 1272 1302 quae
1298 1249 1399 1288 mihi
1420 1251 1496 1288 vita
1516 1264 1601 1289 mea
1618 1250 1747 1288 multo

357 1319 410 1363 est
435 1319 570 1363 carior,
604 1318 629 1355 s1
657 1319 794 1355 cuncta
819 1317 940 1362 Italia,
974 1316 999 1354 fi
1027 1316 1154 1354 omnis
1181 1315 1406 1368 respublica,
1441 1316 1642 1369 loquatur:
1680 1315 1743 1354 M.

358 1384 486 1429 Tulli,
508 1383 603 1436 quid
623 1383 727 1435 agis?
759 1392 851 1420 tune
870 1396 974 1427 eum,
993 1395 1109 1434 quem
1128 1381 1198 1420 effe
1213 1380 1360 1420 hostem
1377 1382 1610 1435 comperisti,
1627 1395 1745 1434 quem

359 1451 501 1496 ducem
537 1449 630 1488 belli
662 1448 840 1487 futurum
873 1448 993 1493 vides,
1027 1461 1146 1500 quem
1174 1449 1364 1500 expectari
1402 1449 1671 1501 imperatorem
1704 1449 1745 1486 in

359 1517 486 1559 castris
517 1516 686 1554 hostium
719 1515 845 1559 sentis,
885 1516 1079 1552 auctorem
1113 1514 1276 1559 sceleris,
1316 1515 1534 1567 principem
1568 1515 1745 1565 conjura-

359 1584 492 1628 tionis,
519 1591 756 1621 evocatorem
777 1581 968 1619 servorum
989 1590 1027 1618 et
1046 1581 1193 1619 civium
1213 1581 1467 1633 perditorum,
1498 1581 1601 1619 exire
1624 1581 1745 1634 patie-

359 1652 422 1695 ris,
456 1659 497 1688 ut
517 1650 582 1688 abs
605 1658 640 1687 te
660 1662 738 1687 non
758 1647 910 1687 emiffus
931 1661 978 1686 ex
997 1647 1104 1692 urbe,
1135 1646 1197 1684 sed
1217 1647 1407 1686 immissus
1428 1649 1467 1686 in
1482 1648 1640 1691 urbem,
1676 1646 1747 1686 effe

360 1716 560 1754 videatur?
593 1715 737 1753 Nonne
761 1713 866 1752 hunc
893 1713 935 1750 in
960 1712 1115 1750 vincula
1142 1712 1245 1757 duci,
1278 1726 1355 1749 non
1382 1713 1429 1751 ad
1455 1722 1622 1750 mortem
1650 1713 1744 1764 rapi,

360 1796 438 1827 non
470 1781 623 1819 summo
655 1780 842 1832 supplicio
873 1778 1044 1823 mactari,
1079 1778 1312 1829 imperabis?
1343 1778 1451 1826 Qid
1481 1778 1635 1816 tandem
1668 1778 1745 1815 im·-

362 1847 465 1900 pedit
494 1847 557 1883 tc?
589 1845 719 1882 mosne
744 1844 963 1895 majorum?
995 1851 1032 1880 at
1058 1842 1219 1895 persaepe
1239 1842 1353 1880 etiam
1375 1843 1512 1894 privati
1532 1842 1571 1879 in
1594 1841 1665 1880 hac
1686 1856 1745 1880 re-

361 1912 516 1965 publica
542 1910 770 1964 perniciosos
798 1910 897 1947 cives
925 1918 1048 1947 morte
1076 1909 1301 1946 multarunt.
1350 1909 1414 1946 An
1442 1909 1556 1961 leges,
1587 1922 1670 1960 quae
1701 1909 1747 1946 de

361 1979 507 2016 civium
529 1978 797 2015 Romanorum
819 1975 1007 2028 supplicio
1029 1984 1166 2028 rogatae
1186 1975 1301 2013 sunt?
1334 1983 1370 2012 at
1395 1988 1594 2027 nunquam
1615 1975 1654 2011 in
1675 1973 1746 2012 hac

361 2044 454 2082 urbe
475 2044 517 2088 ii,
549 2043 617 2095 qui
637 2056 657 2079 a
677 2041 870 2094 republica
890 2040 1124 2086 defecerunt,
1146 2041 1289 2078 civium
1305 2042 1392 2092 jura
1413 2049 1631 2078 tenuerunt.
1682 2043 1746 2080 An

361 2110 545 2148 invidiam
581 2108 805 2162 posteritatis
840 2108 984 2146 times?
1021 2107 1238 2160 praeclaram
1271 2121 1358 2146 vcro
1391 2107 1536 2160 populo
1567 2107 1747 2144 Romano

363 2175 477 2214 refers
498 2176 675 2228 gratiam,
705 2175 773 2226 qui
795 2184 843 2219 te,
875 2173 1076 2212 hominem
1098 2188 1164 2226 per
1185 2183 1221 2211 te
1247 2174 1463 2225 cognitum,
1496 2172 1602 2211 nulla
1632 2186 1744 2210 com-

363 2241 605 2280 mendatione
632 2241 837 2292 majorum,
869 2250 947 2278 tam
977 2250 1123 2278 mature
1148 2240 1194 2278 ad
1220 2239 1418 2277 summum
1445 2239 1652 2292 imperium
1680 2252 1747 2291 per

362 2320 495 2344 omnes
531 2305 723 2344 honorum
758 2304 893 2357 gradus
926 2305 1080 2349 extulit,
1112 2305 1137 2342 fi
1169 2314 1323 2357 propter
1349 2304 1548 2348 invidiam,
1580 2313 1645 2341 aut
1673 2304 1744 2341 ali-

362 2373 470 2423 cujus
497 2372 660 2425 periculi
683 2381 848 2417 metum,
880 2371 1036 2409 salutem
1064 2371 1211 2409 civium
1240 2380 1394 2408 tuorum
1420 2370 1597 2422 negligis.
1658 2369 1743 2412 Sed,

361 2437 386 2474 fi
413 2438 497 2488 quis
524 2437 575 2475 est
607 2437 759 2476 invidiae
790 2445 930 2483 metus,
962 2450 1056 2476 num
1088 2435 1139 2475 est
1171 2435 1436 2475 vehementius
1468 2434 1669 2474 severitatis
1700 2446 1741 2470 ac
