2212 2835
703 154 844 193 PRO
903 155 1120 195 DOMO
1180 158 1324 197 SUA.
1632 165 1711 218 365

321 252 416 305 quid
436 253 476 292 in
497 253 624 292 vestris
645 254 753 293 libris
773 255 973 301 invenerit,
1004 256 1044 294 id
1065 269 1211 295 narrare
1231 259 1363 305 vobis;
1395 269 1459 299 aut
1479 270 1558 300 tam
1579 264 1710 303 curio-

320 318 418 364 sum,
451 333 567 372 quam
589 333 630 358 ea
649 320 741 358 scire
761 321 871 366 velle,
902 322 949 359 de
969 322 1112 374 quibus
1133 324 1293 374 majores
1315 326 1430 364 nostri
1451 341 1516 367 vos
1544 328 1641 368 solos
1672 341 1710 369 et

319 385 467 423 consuli
487 395 525 424 et
544 386 636 424 scire
655 386 888 425 voluerunt?

373 453 488 491 XIII.
521 453 634 504 Nego
654 453 815 505 potuifl'e
828 454 915 504 jure
934 453 1108 506 publico,
1130 455 1280 506 legibus
1301 457 1363 502 iis,
1385 459 1528 510 quibus
1548 461 1630 501 haec
1651 465 1709 502 ci-

316 517 411 555 vitas
433 518 581 563 utitur,
614 532 851 570 quemquam
882 519 1008 556 civem
1041 519 1119 557 ulla
1150 522 1338 573 ejusmodi
1364 525 1579 566 calamitate
1607 531 1710 569 affici

316 582 392 620 fine
406 583 581 634 judicio:
613 582 689 621 hoc
702 584 800 636 juris
820 584 861 622 in
881 583 953 622 hac
972 585 1127 624 civitate
1147 588 1260 626 etiam
1284 597 1385 635 tum,
1413 605 1504 630 cum
1526 607 1630 646 reges
1651 597 1708 634 es-

314 647 408 692 sent,
437 648 524 686 dico
542 648 675 694 fuiffe3
707 648 783 687 hoc
805 650 916 688 nobis
938 650 1008 689 effe
1028 665 1048 689 a
1068 653 1277 704 majoribus
1299 656 1508 703 traditum,
1541 659 1616 699 hoc
1638 662 1708 700 effe

314 713 480 767 denique
499 715 702 768 proprium
721 716 849 754 liberae
869 717 1034 755 civitatis
1053 747 1065 763 ‚
1096 728 1140 757 ut
1160 718 1259 758 nihil
1282 721 1328 759 de
1348 724 1472 776 capite
1493 726 1588 764 civis
1601 757 1612 772 ,
1644 739 1709 767 aut

248 780 252 784 ’
315 779 360 818 de
381 780 490 818 bonis
505 810 516 825 ,
548 781 624 819 fine
638 781 791 833 judicio
812 782 959 821 senatus
977 812 989 828 ‚
1019 793 1084 822 aut
1105 786 1264 838 populi,
1295 797 1360 826 aut
1380 802 1513 828 eorum
1531 821 1542 836 ,
1574 795 1641 845 qui
1662 795 1709 833 de

313 860 467 899 quaque
486 861 525 884 re
545 847 744 886 constituti
759 849 910 900 judices
931 849 1018 896 sint,
1049 851 1198 890 detrahi
1218 854 1344 906 poffit.

366 913 532 951 Videsne
562 927 626 951 me
656 927 735 953 non
763 915 945 955 radicitus
972 917 1132 956 evellere
1152 932 1285 958 ornnes
1306 923 1471 962 actiones
1493 926 1603 964 tuas?
1634 941 1706 966 ne-

312 991 388 1030 que
408 978 507 1017 illud
527 993 650 1032 agere,
672 980 777 1032 quod
799 991 975 1032 apertum
995 983 1064 1029 est,
1083 992 1121 1022 te
1139 987 1303 1025 omnino
1324 987 1422 1027 nihil
1443 991 1584 1043 geffiffe
1602 993 1704 1044 jure,

312 1058 391 1083 non
411 1044 519 1084 fuiffe
540 1046 743 1084 tribunum
763 1047 916 1100 plebis?
953 1049 1045 1088 Hoc
1076 1050 1177 1096 dico,
1208 1052 1278 1090 efle
1308 1055 1584 1106 parricidium:
1617 1061 1713 1099 dico·

311 1112 412 1164 apud
431 1112 660 1165 pontifices;
691 1127 850 1166 augures
872 1115 1007 1154 adsunt
1023 1135 1034 1161 ς
1066 1118 1190 1156 versor
1210 1120 1250 1157 in
1273 1122 1402 1159 medio
1423 1124 1510 1175 jure
1528 1126 1701 1178 publico.

312 1178 431 1229 Qod
461 1178 527 1224 est,
568 1179 791 1224 Pontifices,
821 1181 885 1232 jus
917 1182 1169 1235 adoptionis?
1210 1185 1366 1239 Nempe
1398 1198 1441 1226 ut
1471 1191 1504 1228 is
1533 1192 1704 1246 adoptet,

309 1244 378 1296 qui
398 1257 523 1297 neque
542 1259 735 1297 procreare
748 1248 832 1299 jam
852 1247 991 1287 liberos
1012 1249 1138 1301 poffit,
1169 1260 1219 1296 et,
1251 1266 1344 1291 cum
1364 1257 1546 1307 potuerit,
1570 1259 1614 1297 fit
1635 1273 1703 1298 ex·-

308 1318 454 1362 pertus.
503 1311 603 1363 Qae
623 1311 761 1350 deinde
788 1314 896 1351 causa
925 1315 1068 1367 cuique
1087 1316 1132 1355 fit
1151 1317 1382 1371 adoptionis,
1415 1336 1499 1374 quae
1520 1325 1615 1363 ratio
1635 1340 1704 1379 ge-

308 1387 447 1413 nerum
466 1389 510 1414 ac
530 1377 745 1429 dignitatis,
776 1392 861 1431 quae
886 1379 1093 1426 sacrorum,
1124 1384 1242 1434 quaeri
1269 1398 1289 1422 a
1318 1387 1551 1438 pontificum
1582 1392 1703 1430 colle-

309 1441 375 1493 gio
394 1441 500 1481 solet.
533 1443 640 1493 Qid
660 1444 713 1482 est
732 1443 874 1482 horum
894 1445 934 1483 in
955 1446 1021 1483 ista
1041 1447 1247 1500 adoptione
1267 1452 1468 1502 quaesitum
1486 1455 1498 1492 ?
1530 1457 1704 1510 Adoptat

309 1520 426 1545 annos
461 1509 602 1562 viginti
638 1519 774 1555 natus,
811 1511 929 1549 etiam
965 1513 1113 1558 minor,
1149 1514 1375 1556 senatorem.
1418 1521 1703 1563 Liberorumne

308 1573 447 1611 causa?
478 1575 534 1612 At
565 1588 761 1627 procreare
791 1577 936 1628 potest:
969 1577 1084 1617 habet
1113 1593 1300 1620 uxorem:
1331 1584 1494 1638 suscepit
1513 1589 1628 1628 etiam
1650 1591 1701 1628 li-

308 1639 431 1678 beros.
474 1640 736 1680 Exheredabit
771 1643 890 1695 igitur
922 1653 1029 1697 pater
1059 1645 1198 1686 filium.
1247 1650 1384 1701 Qid?
1424 1652 1522 1691 sacra
1553 1656 1702 1695 Clodiae

307 1706 432 1758 gentis
463 1719 532 1744 cur
562 1707 768 1753 intereunt,
800 1709 904 1760 quod
932 1710 972 1748 in
994 1720 1030 1749 te
1049 1711 1129 1749 est?
1161 1727 1245 1765 quae
1265 1717 1391 1755 omnis
1413 1720 1519 1758 notio
1538 1722 1699 1773 pontifi-

307 1783 415 1816 cum,
446 1784 538 1810 cum
559 1771 789 1826 adoptarere,
821 1774 892 1813 effe
915 1775 1064 1815 debuit.

362 1837 448 1875 Nifi
478 1836 578 1876 forte
604 1853 651 1878 ex
672 1849 710 1878 te
729 1841 782 1878 ita
802 1842 1004 1893 quaefitum
1025 1843 1091 1889 est,
1121 1858 1219 1884 num
1239 1849 1458 1899 perturbare
1480 1855 1699 1906 rempubli-

308 1915 394 1940 cam
425 1902 673 1943 seditionibus
705 1905 850 1952 velle35
887 1917 925 1945 et
951 1908 1002 1946 ob
1031 1922 1115 1947 eam
1146 1911 1296 1950 causam
1328 1915 1511 1968 adoptari,
1547 1933 1623 1957 non
1656 1930 1700 1958 ut

306 1966 410 2004 filius
441 1967 544 2013 effes,
575 1969 637 2008 sed
670 1980 712 2008 ut
743 1971 920 2010 tribunus
950 1973 1073 2026 plebis
1099 1975 1221 2021 fieres,
1251 1987 1289 2016 et
1308 1978 1484 2020 funditus
1515 1995 1698 2024 everteres

309 2031 519 2071 civitatem.
563 2035 820 2088 Respondisti‚
852 2039 978 2084 credo,
1015 2049 1051 2078 te
1082 2041 1134 2079 ita
1154 2043 1265 2082 velle.
1313 2046 1568 2086 Pontificibus
1601 2051 1698 2088 bona

308 2097 417 2135 causa
436 2098 510 2136 visa
529 2099 604 2138 est:
641 2102 961 2153 approbaverunt.
1008 2106 1103 2144 Non
1135 2117 1220 2146 aetas
1252 2110 1348 2160 ejus,
1380 2113 1449 2163 qui
1479 2114 1695 2166 adoptabat,

309 2163 462 2215 quaesita
490 2165 568 2210 est,
605 2176 650 2205 ut
678 2169 719 2206 in
750 2170 825 2207 Cn.
850 2170 1033 2217 Aufidio,
1065 2173 1128 2211 M.
1152 2175 1302 2227 Pupi03
1340 2190 1506 2228 quorum
1540 2189 1698 2231 uterque

307 2229 431 2267 nostra
461 2233 661 2278 memoria,
692 2233 842 2273 summa
873 2236 1086 2283 senectute,
1118 2239 1210 2277 alter
1242 2241 1434 2288 Orestem,
1465 2244 1558 2281 alter
1587 2246 1694 2284 Piso—

307 2307 414 2339 nem,
436 2295 643 2348 adoptavit.
676 2299 781 2350 Qas
802 2300 1040 2353 adoptioneS‚
1063 2304 1158 2342 ficut
1179 2305 1267 2344 alias
1288 2307 1601 2354 innumerabiles,
1625 2308 1693 2347 he-

307 2360 482 2399 reditates
514 2363 696 2408 nominis,
727 2367 912 2416 pecuniae,
943 2368 1148 2414 sacrorum,
1181 2370 1314 2408 secutae
1346 2371 1444 2410 sunt.
1478 2375 1543 2411 Tu
1570 2388 1694 2427 neque

309 2427 492 2466 fonteius
526 2441 589 2475 es,
631 2431 699 2482 qui
733 2430 802 2469 effe
836 2432 1026 2480 debebam
1070 2449 1193 2487 neque
1225 2437 1339 2488 pan-is
1376 2437 1506 2485 here55
1548 2454 1692 2493 neque,
