2212 2835
362 224 430 249 xo‘
863 202 1291 241 ORATIO*

413 241 433 251 -f

355 306 459 359 quod
479 304 641 356 quisque
661 303 866 354 imperator
886 299 1022 338 habeat
1042 299 1228 352 pecuniae,
1250 300 1428 352 protinus
1441 299 1487 337 ad
1507 299 1745 338 decemviros

355 372 509 412 deserat.
541 370 621 407 Hic
645 378 771 408 tamen
791 368 936 420 excipit
958 367 1216 420 Pompeium;
1248 366 1458 412 simillime,
1489 376 1531 404 ut
1549 366 1660 407 mihi
1687 366 1746 405 vi-

354 438 477 481 detur,
508 445 623 487 atque
642 435 681 472 in
703 434 769 472 illa
789 434 888 485 lege,
918 446 994 485 qua
1015 432 1202 485 peregrini
1227 432 1356 470 Roma
1375 433 1596 484 ejiciuntur,
1620 433 1749 470 Glau-

354 503 490 555 cippus
512 501 726 553 excipitur:
760 513 838 538 non
858 500 963 537 enim
984 498 1056 538 hac
1076 498 1303 551 exceptione
1323 511 1422 536 unus
1442 499 1608 536 afficitur
1629 498 1746 536 bene-

355 569 457 612 ficio,
481 568 542 605 sed
563 579 659 605 unus
680 566 850 619 privatur
870 565 1020 616 injuria.
1044 565 1116 602 Sed
1131 565 1195 602 cui
1213 564 1414 602 manubias
1433 565 1611 609 remittit,
1633 563 1748 616 hujus

355 634 553 687 vectigalia
568 633 731 671 invadit:
749 632 862 684 jubet
875 632 981 669 enim
998 631 1219 684 pecuniam,
1240 631 1266 668 fi
1284 644 1360 682 qua
1378 630 1460 684 post
1476 644 1544 668 nos
1563 630 1746 668 Consules

354 714 400 738 ex
421 700 532 738 novis
551 698 800 751 vectigal-ibus
821 697 1042 750 recipiatur,
1070 695 1141 734 hac
1161 697 1218 734 uti
1241 696 1491 734 decemviros.
1524 696 1639 746 Qafi
1659 709 1749 733 vero

354 780 432 805 non
458 765 735 817 intelligamus,
771 762 854 801 haec
881 776 943 801 eos
970 762 1180 815 vectigalia,
1212 776 1297 814 quae
1329 764 1404 801 Cn.
1439 762 1653 815 Pompeius¹
1680 761 1747 799 ad·-

350 831 538 883 junxerit,
569 830 729 868 vendere
748 829 929 881 cogita-re.

410 898 462 936 V.
494 896 646 935 Videtis
666 897 763 948 jam,
796 897 924 933 Patres
952 893 1173 946 conscripti,
1204 893 1386 931 omnibus
1415 893 1526 930 rebus
1555 901 1591 930 et
1623 892 1752 930 modis

354 963 609 1003 constructam
630 971 668 1000 et
690 969 948 999 coacervatam
976 959 1180 1012 pecuniam
1200 958 1511 996 decemviralem.
1544 959 1749 996 Minuetur

355 1029 472 1080 hujus
491 1028 662 1081 pecuniae
682 1026 847 1064 invidia:
880 1025 1127 1063 consumetur
1146 1024 1253 1062 enim
1272 1024 1312 1062 in
1333 1037 1512 1076 agrorum
1534 1024 1750 1077 emptioni-

354 1096 439 1134 bus.
465 1095 641 1147 Optime.
665 1093 767 1143 Qis
787 1105 878 1144 ergo
898 1099 1001 1130 emet
1020 1104 1127 1142 agros
1149 1090 1269 1128 istos?
1292 1090 1409 1127 iidem
1430 1090 1666 1128 decem-viri:
1689 1099 1751 1134 tu,

354 1161 487 1205 Rulle,
522 1158 679 1211 (miffos
699 1159 805 1195 enim
826 1157 927 1195 facio
952 1158 1135 1207 caeteros)
1159 1169 1276 1201 emes,
1308 1169 1412 1208 quos.
1431 1156 1561 1194 voles-2
1594 1156 1747 1201 vendes,

353 1240 452 1279 quos
471 1225 598 1264 voles:
631 1232 842 1275 utrumque
860 1221 1001 1261 horum
1021 1221 1151 1266 facies,
1183 1222 1318 1273 quanti
1343 1222 1461 1259 voles.
1495 1222 1614 1259 Cavet
1641 1222 1748 1260 enim

355 1294 412 1330 vir
437 1291 623 1344 optimus,
654 1303 701 1327 ne
728 1298 832 1328 emat
857 1289 904 1327 ab
931 1288 1066 1326 invito.
1105 1288 1220 1339 Qasl
1248 1301 1336 1326 vero
1364 1301 1441 1325 non
1467 1287 1749 1340 intelligamuS,

355 1359 402 1397 ab
428 1358 551 1396 invito
576 1369 716 1400 emere,
747 1355 975 1407 injuriosum
1001 1354 1100 1399 effe5
1129 1354 1175 1391 ab
1204 1367 1282 1391 non
1306 1354 1443 1397 invito,
1475 1353 1746 1407 quaestuosum.

355 1427 561 1477 Qantum
583 1422 656 1460 tibi
676 1422 756 1474 agri
775 1421 931 1466 vendet,
963 1429 1006 1458 ut
1026 1421 1118 1459 alios
1139 1421 1337 1465 omit-tam,
1366 1419 1468 1458 socer
1490 1420 1605 1458 tuus?
1637 1428 1688 1464 et,
1720 1419 1751 1457 fi:

355 1506 428 1545 ego
446 1492 526 1544 ejus
555 1490 775 1542 aequitatem
794 1488 915 1526 animi
934 1487 1053 1540 probe
1074 1487 1178 1532 novi,
1210 1487 1350 1525 vendet
1377 1501 1455 1525 non
1481 1487 1639 1524 invitus.
1672 1488 1754 1525 Fa-

355 1559 460 1598 cient
496 1557 600 1594 idem
638 1555 765 1593 caeteri
798 1554 975 1598 libenter,
1020 1562 1063 1591 ut
1098 1552 1328 1606 pofl‘effionis
1363 1552 1551 1590 invidiam
1585 1553 1755 1604 pecunias

352 1632 623 1663 commutent:
655 1621 859 1674 accipiant,
890 1619 994 1673 quod
1015 1620 1205 1673 cupiunt:
1238 1619 1344 1664 dent,
1375 1618 1482 1672 quod
1501 1619 1663 1657 retinere
1683 1619 1755 1658 vix.

354 1690 520 1744 possunt.
1508 1688 1511 1690 ’

413 1757 534 1794 Nunc
555 1753 759 1807 prospicite
779 1751 960 1792 omniurn
979 1764 1107 1790 rerum
1127 1750 1453 1801 infinitamatque
1468 1748 1753 1787 intolerandam

354 1822 564 1867 licentiam.
597 1820 765 1858 Pecunia
784 1820 912 1856 coacta
931 1817 983 1855 est
1003 1817 1048 1855 ad
1069 1830 1176 1869 agros
1197 1815 1378 1856 emendos
1395 1830 1404 1853 ε
1436 1816 1463 1853 ii
1485 1829 1596 1866 porro
1617 1815 1663 1852 ab
1682 1815 1744 1852 in-

356 1888 444 1926 vitis
466 1901 543 1925 non
563 1895 752 1925 ementur.
784 1885 822 1923 Si
843 1883 1097 1923 consenserint
1117 1881 1329 1936 poffeffores
1352 1894 1429 1919 non
1450 1882 1625 1925 vendere,
1655 1881 1749 1932 quid

356 1954 533 1993 futurum
563 1952 645 1990 est?
679 1950 881 1989 Referetur
912 1950 1103 2003 pecunia?
1135 1962 1212 1987 non
1244 1948 1348 1986 licet.
1382 1948 1600 2000 Exigetur?
1632 1956 1746 1985 vetat.

357 2022 503 2058 Verum
535 2019 638 2057 esto:
671 2016 770 2055 nihil
801 2017 866 2062 est,
899 2017 1004 2068 quod
1038 2029 1115 2054 non
1146 2015 1225 2054 emi
1256 2014 1386 2068 poffit‚
1418 2014 1443 2052 fi
1478 2023 1628 2052 tantum
1659 2014 1746 2058 des,

357 2096 546 2139 quantum
567 2085 658 2121 velit
684 2083 873 2121 venditor.
907 2082 1124 2134 Spoliemus
1150 2082 1284 2119 orbem
1306 2090 1506 2124 terrarum,
1537 2080 1747 2118 vendamus

357 2152 575 2204 vectigalia,
607 2149 850 2187 effundamus
883 2147 1079 2192 aerarium,
1113 2156 1177 2191 ut,
1209 2146 1452 2199 locupletatis
1484 2155 1550 2183 aut
1580 2146 1757 2190 invidiae,

357 2228 421 2257 aut
441 2217 682 2271 pestilentiae,
713 2214 993 2268 possessoribus,
1024 2214 1104 2266 agri
1125 2223 1254 2252 tamen
1274 2222 1464 2250 emantur.
1498 2212 1606 2263 Qid
1628 2221 1713 2250 tum
1733 2212 1746 2250 ?

357 2299 440 2337 quae
458 2284 529 2321 erit
548 2284 587 2322 in
608 2282 696 2320 istos
717 2294 824 2333 agros
846 2280 1023 2318 deductio
1041 2280 1053 2316 ?
1086 2293 1170 2331 quae
1191 2279 1308 2316 totius
1331 2279 1382 2316 rei
1403 2278 1512 2322 ratio,
1543 2287 1657 2330 atque
1677 2278 1746 2315 de-

358 2351 538 2402 scriptio?
571 2348 840 2391 Deducentur‚
871 2346 1019 2398 inquit,
1051 2345 1223 2384 coloniae.
1258 2345 1394 2397 Qot?
1426 2358 1592 2396 quoi-um
1612 2343 1746 2381 homi-

358 2417 482 2454 num?
515 2417 554 2453 in
575 2428 659 2467 quae
680 2414 790 2451 loca?
822 2413 908 2465 quis
929 2412 1032 2450 enim
1055 2425 1131 2450 non
1156 2411 1279 2455 videt,
1313 2412 1351 2448 in
1379 2410 1542 2448 coloniis
1568 2408 1638 2447 effe
1665 2408 1746 2447 haec

358 2482 488 2520 omnia
508 2479 799 2520 consideranda?
831 2478 927 2517 Tibi
948 2492 1032 2523 nos,
1064 2478 1195 2523 Rulle,
1227 2487 1264 2515 et
1281 2477 1359 2516 istis
1380 2477 1470 2522 tuis,
1501 2475 1639 2514 harum
1658 2488 1745 2513 om-
