2212 2835
799 151 939 191 PRO
999 151 1047 189 L.
1108 150 1417 189 FLACCO.
1743 160 1818 200 259

431 267 515 292 cera
549 250 791 306 deprehensa,
823 249 1054 288 confiderem
1082 249 1200 287 totius
1228 247 1437 285 testimonii
1463 245 1592 285 fletam
1623 244 1821 283 audaciam

432 319 634 358 manifesto
665 316 979 370 comprehensam
1011 325 1125 367 atque
1158 314 1369 367 oppressam
1403 313 1536 351 teneri,
1578 312 1699 350 Nunc
1735 325 1821 350 vero

433 400 509 425 non
541 386 730 424 insultabo
763 382 1041 427 vehementius,
1081 395 1152 419 nec
1186 380 1356 418 volitabo
1390 381 1430 417 in
1461 379 1537 418 hoc
1568 379 1819 422 insolentiu85

433 465 558 504 neque
590 453 629 488 in
661 451 777 488 istum
807 457 1049 500 nugatorem,
1087 456 1273 498 tanquam
1305 446 1346 482 in
1376 446 1545 497 aliquem
1577 445 1724 489 testem,
1760 445 1823 482 in-

434 517 577 561 vehar;
609 529 734 568 neque
759 516 799 553 in
826 524 908 552 toto
935 513 1239 551 Acmonensium
1266 511 1501 555 testimonio,
1533 511 1606 548 sive
1640 510 1704 549 hic
1726 524 1821 548 con-

433 583 570 621 fictum
591 582 656 626 est,
690 591 732 619 ut
751 589 918 633 apparet,
950 579 1023 617 sive
1047 577 1202 617 missum
1226 577 1344 615 domo
1363 577 1430 622 est,
1463 586 1505 614 ut
1525 576 1680 621 dicitur,
1712 590 1824 614 com-

434 649 631 688 movebor.
672 648 846 692 Etenim,
886 646 1030 699 quibus
1062 658 1133 698 ego
1170 644 1280 682 istam
1318 643 1577 681 laudationem
1613 642 1824 686 remittam,

435 717 620 769 quoniam
641 716 741 759 sunt,
774 724 816 752 ut
843 713 1086 767 Asclepiades
1113 712 1223 756 dicit,
1254 711 1368 756 leves,
1398 709 1542 749 horum
1563 708 1827 748 testimonium

434 797 512 822 non
533 782 814 836 pertimescam.

490 849 624 887 XVII.
656 848 784 885 Venio
811 859 914 884 nunc
939 845 985 883 ad
1012 843 1285 896 Dorylensium
1312 842 1607 886 testimonium3
1639 842 1707 894 qui
1734 854 1825 894 pro-

436 915 542 953 ducti
573 914 718 953 tabulas
747 914 781 952 se
812 913 985 966 publicas
1017 911 1062 949 ad
1096 911 1291 964 speluncas
1326 908 1526 963 perdidisse
1557 908 1753 946 dixerunt.
1788 908 1826 945 O

436 981 612 1035 pastores,
644 981 771 1019 nescio
792 991 902 1032 qu08‚
933 978 1095 1031 cupidos
1123 975 1346 1015 literarum!
1379 976 1405 1014 fi
1433 975 1591 1028 quidem
1613 973 1712 1012 nihil
1732 973 1825 1018 istis,

436 1057 571 1101 praeter
590 1048 732 1092 literas,
763 1045 1012 1084 abstulerunt.
1046 1044 1118 1083 Sed
1138 1043 1241 1081 aliud
1268 1042 1337 1080 effe
1365 1042 1482 1080 causae
1503 1041 1750 1094 suspicamur,
1780 1053 1829 1078 ne

436 1114 537 1153 forte
568 1115 629 1152 isti
659 1127 795 1167 parurn
825 1111 964 1149 versuti
995 1110 1066 1148 effe
1096 1110 1310 1147 videantur.
1346 1110 1465 1147 Poena
1498 1107 1563 1152 est,
1599 1116 1642 1145 ut
1675 1106 1828 1159 opinor,

437 1180 710 1232 Dorylensium
728 1178 890 1231 gravior,
918 1190 1036 1229 quam
1055 1176 1155 1228 apud
1175 1175 1283 1219 alios,
1303 1173 1482 1212 falsarum
1503 1182 1540 1211 et
1561 1182 1829 1226 corruptarum

436 1247 647 1285 literarum.
671 1246 709 1283 Si
731 1258 831 1282 veras
851 1241 1105 1296 protulissent,
1122 1241 1297 1280 criminis
1318 1239 1417 1278 nihil
1439 1248 1540 1285 erat;
1564 1239 1590 1277 si
1609 1237 1732 1284 falsas,
1750 1247 1829 1277 erat

436 1327 551 1367 pcena
569 1327 578 1351 :
611 1311 863 1350 bellissimum
883 1318 1080 1362 putarunt,
1112 1308 1237 1346 dicere
1257 1305 1418 1345 amiffas.

493 1379 703 1431 Qiescant
736 1378 868 1430 igitur,
904 1385 943 1414 et
976 1389 1040 1414 me
1075 1374 1149 1413 hoc
1180 1375 1220 1412 in
1256 1374 1364 1412 lucro
1394 1385 1547 1426 ponere,
1583 1379 1698 1424 atque
1728 1371 1833 1410 aliud

437 1460 560 1500 agere,
593 1446 798 1499 patiantur.
831 1444 926 1482 Non
947 1442 1100 1480 sinunt:
1132 1441 1284 1493 supplet
1304 1440 1409 1477 enim
1428 1438 1495 1477 ille
1515 1437 1641 1476 nescio
1661 1438 1764 1491 quis,
1795 1446 1833 1476 et

438 1513 622 1565 privatim
642 1511 736 1549 dicit
757 1510 792 1547 se
812 1508 964 1547 dediffe.
988 1508 1078 1545 Hoc
1099 1520 1188 1544 vero
1206 1505 1298 1543 ferri
1317 1505 1427 1543 nullo
1445 1504 1564 1542 modo
1582 1504 1719 1557 potest.
1750 1504 1833 1556 Qi

438 1579 486 1616 de
505 1577 646 1616 tabulis
666 1575 833 1629 publicis
854 1574 1000 1617 recitat,
1031 1573 1093 1617 iis,
1125 1586 1210 1624 quae
1230 1572 1270 1610 in
1297 1571 1522 1609 accusatoris
1542 1571 1725 1623 potestate
1745 1569 1832 1608 fue-

442 1653 545 1689 runt,
578 1657 654 1681 non
676 1642 789 1680 debet
809 1640 948 1679 habere
969 1639 1231 1677 au&oritateni
1251 1656 1261 1681 ς
1294 1637 1355 1675 sed
1382 1646 1510 1675 tamen
1526 1637 1722 1689 judicium
1751 1635 1834 1673 fieri

442 1710 606 1754 videtur,
639 1722 730 1746 cum
751 1707 890 1744 tabulae
910 1706 984 1743 illae
1005 1704 1106 1757 ipsae,
1130 1703 1426 1756 cujusquemodi
1447 1703 1547 1747 sunt,
1569 1701 1831 1755 proferuntur.

443 1778 550 1816 Cum
581 1789 670 1814 vero
700 1776 746 1820 is,
777 1787 896 1827 quem
922 1786 1037 1811 nemo
1064 1771 1230 1809 vestrum
1259 1772 1355 1809 vidit
1384 1784 1570 1823 unquam,
1603 1783 1733 1815 nemo,
1765 1770 1834 1822 qui

443 1843 615 1883 mortalis
636 1842 738 1887 effet,
769 1841 929 1885 audivit,
960 1848 1113 1878 tantum
1134 1839 1243 1883 dicit,
1274 1837 1397 1882 Dedi5
1430 1837 1630 1882 dubitatis,
1661 1837 1834 1888 Judices,

443 1911 541 1963 quin
560 1910 606 1948 ab
623 1909 698 1947 hoc
719 1907 956 1961 ignotiffimo
977 1905 1130 1959 Phryge
1150 1905 1432 1944 nobiliffimum
1453 1903 1580 1942 civem
1601 1903 1833 1941 vindicetis?

446 1979 578 2029 Atque
597 1976 690 2015 huic
710 1976 835 2013 eidem
856 1987 979 2027 nuper
998 1983 1072 2011 tres
1093 1974 1242 2025 equites
1264 1971 1433 2009 Romani
1452 1969 1599 2009 honesti
1626 1978 1664 2008 et
1690 1982 1834 2023 graves,

446 2057 537 2082 cum
559 2044 598 2082 in
619 2042 727 2081 causa
746 2041 894 2080 liberali
916 2054 1021 2085 eum,
1052 2040 1120 2092 qui
1140 2039 1375 2083 afferebatur,
1406 2046 1616 2090 cognatum
1636 2036 1747 2075 suum
1767 2034 1837 2074 effe

447 2111 602 2155 diceret,
625 2123 702 2147 non
722 2108 978 2147 crediderunt.
1008 2107 1090 2158 Qi
1110 2105 1186 2143 hoc
1207 2105 1348 2150 evenit,
1370 2113 1427 2149 ut,
1449 2105 1517 2156 qui
1537 2102 1710 2156 locuples
1733 2101 1834 2139 testiS

448 2175 589 2213 doloris
610 2184 648 2213 et
667 2174 859 2227 sanguinis
880 2173 936 2211 sui
957 2186 1033 2210 non
1055 2171 1185 2216 fuerit,
1207 2171 1311 2209 idem
1333 2170 1377 2208 sit
1396 2169 1519 2222 gravis
1540 2170 1669 2206 auctor
1688 2166 1835 2218 injuriae

450 2241 615 2294 publicae
635 2241 647 2277 ?

507 2310 640 2360 Atque
664 2306 728 2344 hic
757 2306 976 2358 Dorylensis
1005 2317 1124 2357 nuper
1152 2317 1244 2342 cum
1272 2301 1467 2340 efferretur
1493 2312 1631 2351 magna
1654 2297 1835 2349 frequen-

450 2376 516 2418 tia,
547 2372 790 2424 consessuque
822 2372 954 2417 vestro,
987 2372 1122 2409 mortis
1153 2369 1258 2407 illius
1289 2368 1474 2406 invidiam
1505 2366 1544 2402 in
1578 2366 1624 2402 L.
1650 2363 1836 2401 Flaccum

452 2441 593 2480 Laelius
615 2437 846 2478 conferebat.
880 2438 988 2475 Facis
1017 2436 1166 2489 injuste,
1198 2435 1308 2479 Laeli,
1340 2433 1364 2471 si
1389 2440 1498 2484 putas
1519 2430 1692 2482 periculo
1713 2429 1837 2468 nostro

1389 2499 1427 2536 K
1456 2496 1481 2533 k
1514 2509 1533 2534 2
