2212 2835
674 172 811 212 PRO
870 167 1087 209 DOMO
1147 165 1293 204 SUA.
1608 159 1683 212 389

345 280 460 318 Hanc
491 283 606 319 vero,
637 270 870 314 Pontifices,
900 267 1029 306 labem
1065 262 1318 317 turpitudinis
1353 270 1391 299 et
1424 259 1686 298 inconstantiae

289 346 429 399 poterit
465 340 599 396 populi
635 336 805 377 Romani
835 333 1000 386 dignitas
1031 330 1232 373 sustinere,
1264 328 1351 365 vivo
1382 326 1510 364 senatu
1531 355 1541 370 ‚
1572 325 1682 363 vobis

291 409 533 464 principibus
554 404 702 458 publici
723 400 885 444 consilii,
908 407 951 436 ut
971 397 1110 435 domus
1132 394 1195 432 M.
1219 392 1347 430 Tullii
1369 392 1568 429 Ciceronis
1589 404 1685 428 cum-

291 477 412 515 domo
430 473 560 513 Fulvii
586 469 745 512 Flacci,
775 466 822 504 ad
848 462 1079 503 memoriam
1105 472 1228 512 poenae
1255 457 1411 510 publice
1437 457 1652 495 constitutae
1669 486 1679 501 ,

292 541 495 594 conjuncsta
512 537 584 576 effe
603 535 774 574 videatur
792 532 805 568 ?
836 531 901 569 M.
923 528 1086 567 Flaccus
1103 554 1114 570 ,
1146 524 1237 576 quia
1264 536 1356 566 cum
1385 522 1566 560 Graccho
1586 536 1681 560 con-

291 618 348 646 tra
367 607 526 645 salutem
546 600 767 654 reipublicae
787 596 942 640 fecerat,
973 602 1011 631 et
1037 592 1185 630 senatus
1211 589 1396 627 sententia
1421 589 1474 626 est
1500 588 1683 626 interfec-

290 683 366 717 tus,
389 681 427 710 et
446 670 526 721 ejus
546 668 684 705 domus
704 663 828 702 eversa
845 671 884 699 et
904 659 1101 713 publicata
1119 655 1171 694 est
1189 670 1197 693 :
1230 655 1271 693 in
1291 668 1368 707 qua
1387 655 1582 707 porticum
1604 654 1688 707 post

244 787 248 791 Ι
292 739 488 791 aliquanto
514 730 755 788 QCatulus
783 728 830 766 de
855 725 1050 765 manubiis
1078 721 1290 761 Cimbricis
1318 719 1426 758 fecit.
1460 721 1531 758 Ista
1557 730 1686 758 autem

292 804 358 844 fax
377 817 420 842 ac
441 801 541 840 furia
566 798 695 851 patriae
713 825 725 841 ,
754 808 847 834 cum
877 792 1012 831 urbem
1031 819 1042 835 ,
1075 789 1211 828 Pisone
1237 797 1277 825 et
1301 786 1472 825 Gabinio
1492 787 1656 824 ducibus
1675 816 1685 831 ‚

295 868 476 923 cepiffet,
507 862 745 916 occupaffet,
777 868 922 899 teneret
938 876 949 903 ;
982 870 1059 895 uno
1089 854 1305 905 eodemque
1336 861 1508 905 tempore
1541 863 1578 890 et
1607 852 1686 890 cla-

296 935 431 975 riffimi
452 932 523 971 viri
544 929 689 969 mortui
715 934 970 966 monumenta
990 922 1142 960 delebat
1159 949 1169 965 ‚
1201 929 1238 957 et
1259 932 1385 957 meam
1407 919 1570 957 domum
1597 933 1690 956 cum

298 1003 362 1040 M.
385 998 515 1039 Flacci
535 997 653 1035 domo
680 991 966 1046 conjungebat:
998 998 1041 1026 ut
1060 1017 1070 1033 ‚
1102 999 1178 1040 qua
1204 998 1317 1038 poena
1342 984 1489 1022 senatus
1517 983 1692 1022 affecerat

298 1067 507 1108 eversorem
534 1062 715 1106 civitatis,
746 1059 879 1098 eadem
907 1057 991 1101 iste,
1019 1052 1191 1108 oppresso
1217 1052 1360 1096 senatu,
1392 1052 1557 1090 afficeret
1584 1065 1690 1096 eum,

299 1148 417 1189 quem
439 1142 560 1185 patres
581 1126 788 1179 conscripti
807 1123 1005 1163 custodem
1025 1121 1154 1174 patriae
1168 1117 1410 1172 judicassent.

355 1199 550 1240 XXXIX.
583 1196 699 1234 Hanc
719 1206 807 1231 vero
828 1192 867 1229 in
889 1189 1059 1233 Palatio,
1090 1196 1203 1239 atque
1229 1186 1270 1223 in
1296 1184 1560 1238 pulcherrimo
1587 1185 1692 1222 urbis

299 1267 402 1312 loco,
432 1265 629 1319 porticum
649 1260 719 1299 effe
738 1257 955 1313 patiemini,
985 1254 1125 1293 furoris
1146 1252 1354 1296 tribunitii,
1384 1251 1532 1289 sceleris
1553 1250 1693 1289 consu-

302 1334 405 1378 laris,
436 1328 672 1370 crudelitatis
697 1327 1000 1377 conjuratorum,
1031 1319 1258 1359 calamitatis
1285 1317 1522 1371 reipublicae,
1553 1317 1703 1355 doloris—

303 1401 397 1447 mei‚
428 1397 601 1437 defixum
620 1393 814 1433 indicium
835 1391 881 1429 ad
901 1388 1131 1428 memoriam
1152 1385 1334 1424 omnium
1354 1385 1531 1437 gentium
1553 1384 1696 1437 sempi-

303 1477 454 1505 ternam
471 1465 483 1501 ?
514 1476 632 1515 quam
652 1460 850 1513 porticum
871 1469 941 1509 pro
961 1467 1110 1497 amore,
1141 1464 1261 1504 quem
1281 1449 1430 1488 habetis
1451 1451 1491 1488 in
1511 1450 1697 1502 rempub-

304 1532 420 1570 licam
439 1559 450 1575 ‚
480 1537 520 1566 et
538 1528 687 1579 semper
707 1522 890 1562 habuistis
905 1549 916 1565 ,
948 1533 1026 1558 non
1044 1517 1162 1556 modo
1182 1515 1377 1554 sententiis
1391 1545 1402 1561 ,
1434 1515 1494 1553 sed
1514 1544 1524 1560 ‚
1557 1515 1581 1552 fi
1603 1528 1699 1567 opus

305 1596 394 1636 effet
408 1625 419 1641 ‚
451 1593 628 1633 manibus
664 1589 791 1628 vestris
807 1616 817 1632 ,
849 1585 1057 1625 disturbare
1090 1582 1278 1635 cuperetis
1296 1596 1305 1619 ε
1344 1581 1413 1619 nifi
1448 1594 1566 1633 quem
1601 1579 1706 1618 forte

307 1663 413 1702 illius
435 1658 628 1699 castiffimi
647 1654 849 1695 sacerdotis
869 1649 1121 1705 superstitiosa
1139 1648 1329 1686 dedicatio
1349 1647 1524 1685 deterret.

366 1730 403 1768 O
425 1741 506 1766 rem
524 1755 536 1771 ‚
567 1737 685 1777 quam
711 1721 890 1760 homines
911 1718 1027 1757 soluti
1046 1717 1167 1755 ridere
1187 1728 1265 1753 non
1291 1714 1461 1752 desinant
1477 1732 1488 1758 3
1522 1712 1700 1751 tristiores

309 1804 438 1835 autem
459 1793 535 1831 fine
555 1789 729 1829 maximo
755 1787 884 1825 dolore
911 1784 1040 1822 audire
1065 1796 1145 1820 non
1170 1779 1335 1834 poffint!
1369 1778 1579 1817 Publiusne
1607 1778 1703 1816 Clo-

311 1863 397 1901 dius
415 1890 425 1905 ‚
457 1859 525 1911 qui
553 1871 599 1895 ex
627 1853 823 1909 pontificis
844 1849 1008 1890 maximi
1028 1849 1146 1887 domo
1166 1847 1395 1899 religionem
1415 1845 1556 1898 eripuit
1573 1873 1583 1889 ,
1614 1844 1645 1882 is
1665 1846 1705 1882 in

312 1939 441 1966 meam
461 1923 595 1962 intulit
613 1922 626 1959 ?
659 1919 858 1959 Hunccin'
881 1930 961 1961 vos,
993 1915 1061 1968 qui
1081 1914 1166 1952 estis
1186 1911 1370 1951 antistites
1391 1910 1705 1949 caeremoniarum

312 2002 351 2032 et
370 1992 577 2033 sacrorum,
604 1989 799 2025 auctorem
819 1982 968 2021 habetis
989 1990 1026 2019 et
1046 1979 1273 2032 magistrum
1294 1977 1459 2031 publicae
1480 1976 1676 2029 religionis
1693 1975 1705 2010 ?

315 2060 352 2096 O
384 2057 454 2096 Dii
479 2052 742 2093 immortales!
779 2052 872 2102 (vos
899 2049 1005 2086 enim
1030 2047 1112 2086 haec
1141 2045 1270 2084 audire
1294 2044 1439 2097 cupio)
1470 2044 1514 2081 P.
1544 2042 1705 2080 Clodius

315 2124 434 2163 vestra
454 2122 552 2160 sacra
572 2129 678 2158 curat
697 2120 708 2155 ?
741 2116 905 2155 vestrum
926 2127 1073 2152 numen
1099 2112 1228 2150 horret
1248 2112 1260 2148 ?
1293 2124 1349 2148 res
1370 2121 1503 2147 omnes
1522 2107 1708 2145 humanas

318 2190 502 2242 religione
523 2186 637 2224 vestra
657 2183 845 2223 contineri
862 2191 969 2235 putat
985 2181 997 2217 ?
1015 2179 1080 2218 hic
1096 2193 1173 2216 non
1189 2177 1320 2215 illudit
1335 2174 1550 2213 auctoritati
1567 2172 1708 2210 horum

319 2256 513 2297 omnium,
536 2252 604 2304 qui
624 2250 772 2295 adsunt,
795 2248 1036 2286 summorum
1058 2246 1229 2283 virorum
1250 2243 1261 2279 ἓ
1294 2255 1372 2280 non
1393 2240 1521 2283 vestra,
1545 2237 1708 2275 Pontifi-

322 2336 398 2366 ces,
415 2320 595 2373 gravitate
612 2315 805 2355 abutitur?
825 2328 872 2352 ex
889 2314 958 2351 isto
978 2326 1042 2350 ore
1061 2310 1258 2362 religionis
1276 2308 1436 2344 verbum
1453 2304 1626 2342 excidere
1646 2313 1712 2340 aut

323 2389 422 2428 elabi
443 2385 588 2439 potest?
607 2396 700 2421 cum
721 2391 763 2419 tu
783 2381 918 2418 eodem
937 2393 1015 2423 ore,
1033 2375 1241 2415 accusando
1262 2374 1447 2415 senatum,
1465 2370 1568 2421 quod
1590 2369 1716 2407 severe

325 2456 370 2494 de
389 2452 573 2505 religione
592 2450 822 2492 decerneret,
852 2443 1106 2496 impuriffime
1125 2439 1394 2491 teterrimeque
1415 2435 1587 2475 violasti.⁴
