2212 2835
679 223 817 262 PRO
876 223 925 261 L.
985 222 1328 261 MURENA.
1636 236 1714 278 223

379 324 512 363 XVII.
545 325 600 363 At
629 325 734 363 enim
765 325 805 362 in
839 333 1009 377 praeturae
1042 323 1228 376 petitione
1259 324 1363 377 prior
1393 324 1631 364 renuntiatus
1662 327 1714 364 est

326 393 488 430 Servius.
521 391 730 444 Pergitisne
757 403 837 435 vos,
869 399 1053 442 tanquam
1078 403 1125 427 ex
1145 388 1369 442 syngrapha,
1400 404 1508 443 agere
1527 406 1619 430 cum
1640 407 1713 446 po-

323 458 432 510 pulo,
465 466 521 502 ut,
552 470 669 509 quem
689 456 822 494 locum
842 456 957 493 semel
978 455 1135 493 honoris
1163 455 1335 508 cuipiam
1359 456 1518 502 dederit,
1548 460 1715 497 eundem

324 524 480 576 reliquis
501 522 712 561 honoribus
733 522 894 559 debeat?
917 521 1036 573 Qod
1056 521 1161 559 enirn
1182 520 1341 567 fretum,
1363 535 1481 574 quem
1502 524 1712 576 Euripum,

324 599 381 628 tot
408 598 552 633 motus,
583 597 718 633 tantas,
750 597 829 626 tam
856 588 988 633 varias,
1018 586 1158 626 habere
1183 588 1325 640 putatis
1358 589 1583 641 agitationes
1615 590 1713 628 fluc-

323 664 464 699 tuum3
501 663 659 707 quantas
691 654 1010 708 perturbationes,
1045 663 1084 692 et
1111 663 1274 706 quantos
1308 654 1430 700 aestus,
1466 654 1584 694 habet
1619 657 1713 694 ratio

323 721 604 760 comitiorum?
637 722 730 759 Dies
756 720 989 759 intermissus
1016 734 1128 766 unus,
1160 730 1225 759 aut
1250 735 1329 760 nox
1357 722 1590 775 interpofita,
1622 723 1714 776 saepe

321 789 519 841 perturbat
538 789 697 833 omnia3
721 797 758 826 et
778 797 901 826 totam
921 788 1145 840 opinionem
1166 802 1279 840 parva
1298 802 1580 842 nonnunquam
1601 804 1711 828 com-

322 863 447 892 mutat
467 868 555 892 aura
575 855 754 893 rumoris.
770 855 890 907 'Saepe
910 854 1027 892 etiam
1048 854 1124 892 fine
1148 854 1226 892 ulla
1253 864 1378 907 aperta
1404 856 1511 894 causa
1537 856 1581 895 fit
1609 858 1713 895 aliud

322 931 437 973 atque
456 921 733 966 existimamus,
756 930 798 959 ut
819 935 1100 973 nonnunquam
1121 922 1173 960 ita
1192 921 1337 961 fastum
1358 922 1429 961 effe
1449 924 1563 962 etiam
1585 938 1711 977 popu-

322 987 382 1024 lus
413 986 647 1031 admiretur;
679 986 782 1039 quafi
812 1000 900 1025 vero
926 1000 1003 1025 non
1029 987 1107 1040 ipse
1132 986 1278 1026 fecerit.
1312 987 1425 1026 Nihil
1454 990 1505 1028 est
1531 991 1712 1028 incertius

321 1052 452 1105 vulgo,
483 1051 583 1090 nihil
603 1052 798 1090 obscurius
818 1053 1014 1090 voluntate
1034 1052 1256 1098 hominum,
1281 1053 1380 1092 nihil
1401 1054 1573 1093 fallacius
1594 1057 1711 1094 ratio-

321 1131 370 1156 ne
391 1127 470 1155 tota
489 1118 754 1156 comitiorum.
778 1118 877 1168 Qis
899 1119 947 1156 L.
970 1117 1200 1170 Philippum
1222 1119 1375 1156 summo
1395 1121 1566 1172 ingenio,
1585 1135 1712 1175 opera,

321 1185 454 1237 gratia,
485 1184 699 1228 nobilitate,
731 1197 751 1221 a
780 1184 842 1221 M.
873 1184 1074 1222 Herennio
1096 1184 1260 1236 superari
1287 1184 1388 1237 poffe
1408 1187 1609 1226 arbitratus
1630 1189 1710 1226 est?

322 1251 408 1303 quis
429 1249 708 1300 QCatulum,
738 1248 994 1295 humanitate,
1020 1249 1216 1303 sapientia,
1238 1251 1457 1303 integritate
1477 1254 1712 1292 antecellen-

322 1326 417 1362 tem,
438 1330 459 1354 a
479 1317 554 1354 Cn.
578 1316 732 1354 Manlio
751 1317 765 1353 ?
797 1317 882 1368 quis
904 1317 967 1355 M.
992 1317 1191 1362 Scaurum,
1213 1316 1415 1356 hominem
1435 1320 1713 1372 gravifiimum,

322 1384 448 1421 civem
468 1383 683 1437 egregium,
714 1382 965 1422 fortiffimum
990 1383 1213 1429 senatorem,
1244 1398 1264 1422 a
1290 1387 1356 1438 Q
1374 1387 1587 1426 Maximo?
1619 1388 1715 1426 Non

322 1449 441 1488 modo
460 1449 603 1488 horum
623 1449 723 1488 nihil
743 1450 795 1488 ita
822 1449 903 1488 fore
929 1459 1110 1503 putatum
1139 1451 1205 1496 est,
1237 1451 1298 1490 sed
1319 1466 1379 1497 ne,
1411 1467 1503 1491 cum
1523 1454 1610 1492 esset
1631 1453 1712 1492 fac·

326 1525 412 1554 tum
432 1516 607 1568 quidem,
638 1530 753 1568 quare
773 1517 826 1554 ita
844 1515 991 1554 fanum
1017 1515 1119 1561 effet,
1149 1517 1318 1570 intelligi
1344 1519 1485 1570 potuit.
1519 1520 1639 1565 Nam,
1670 1529 1715 1558 ut

322 1581 563 1633 tempestates
595 1581 689 1634 saepe
719 1590 823 1620 certo
853 1581 984 1633 aliquo
1013 1581 1097 1619 caeli
1130 1582 1236 1635 signo
1268 1594 1579 1631 commoventur,
1619 1586 1713 1639 saepe

321 1646 531 1700 improviso
550 1647 657 1685 nulla
675 1661 721 1686 ex
742 1658 843 1686 certa
861 1649 1020 1692 ratione,
1051 1647 1210 1686 obscura
1231 1649 1358 1702 aliqua
1379 1664 1425 1689 ex
1451 1651 1572 1696 causa,
1603 1645 1713 1690 exci'-

321 1722 473 1751 tantur:
505 1713 555 1751 fic
574 1713 616 1751 in
635 1712 707 1751 hac
728 1715 980 1752 comitiorum
1001 1714 1222 1767 tempestate
1241 1717 1431 1769 populari,
1453 1717 1545 1770 saepe
1564 1718 1712 1756 intelli-

321 1791 401 1831 gas,
431 1791 510 1831 quo
530 1778 636 1831 figno
656 1788 854 1818 commota
873 1780 942 1824 s1t;
974 1780 1068 1833 saepe
1088 1780 1140 1819 ita
1159 1780 1318 1820 obscura
1338 1782 1404 1826 est,
1436 1792 1478 1821 ut
1499 1783 1584 1821 casu
1604 1784 1711 1822 exci-

321 1853 396 1883 tata
414 1844 485 1882 effe
508 1845 694 1884 videatur.

375 1911 531 1949 XVIII.
563 1911 635 1949 Sed
656 1920 799 1956 tamen,
831 1911 856 1950 fi
877 1911 930 1950 est
951 1911 1139 1950 reddenda
1159 1913 1279 1958 rati03
1312 1914 1396 1952 duae
1416 1928 1473 1953 res
1500 1914 1711 1954 vehemen-

323 1985 378 2014 ter
410 1976 450 2014 in
482 1986 644 2029 praetura
677 1977 887 2017 defideratae
921 1978 1021 2023 sunt,
1057 1992 1142 2031 quae
1173 1980 1296 2018 ambae
1326 1981 1366 2019 in
1396 1982 1595 2020 consulatu
1627 1992 1713 2021 tum

322 2043 498 2081 Murenae
524 2042 778 2095 profuerunt:
810 2058 898 2090 una,
929 2046 1144 2098 expectatio
1169 2047 1353 2092 muneris,
1386 2062 1470 2100 quae
1495 2058 1533 2087 et
1558 2063 1713 2087 rumore

322 2108 526 2153 nonnullo,
566 2118 604 2147 et
641 2109 773 2148 studiis
812 2110 1123 2163 sermonibusque
1162 2114 1479 2165 competitorum,
1520 2125 1685 2153 creverat
1697 2134 1709 2160 ³

323 2175 452 2219 altera,
482 2175 586 2226 quod
606 2175 649 2220 ii,
670 2190 765 2228 quos
786 2177 826 2215 in
846 2178 1043 2230 provincia
1063 2191 1104 2216 ac
1126 2178 1314 2230 legatione
1335 2181 1462 2218 omnis
1483 2190 1520 2218 et
1541 2181 1711 2218 liberali-

324 2241 411 2280 tatis
432 2249 470 2278 et
490 2241 643 2279 virtutis
663 2241 736 2280 suae
754 2243 861 2280 testes
882 2242 1080 2288 habuerat,
1099 2245 1273 2283 nondum
1291 2245 1530 2284 decesserant.
1554 2248 1711 2283 Horum

324 2317 535 2359 utrumque
561 2307 596 2344 ei
622 2306 776 2346 fortuna
799 2309 847 2346 ad
872 2310 1090 2348 consulatus
1115 2311 1344 2363 petitionem
1367 2312 1588 2350 reservavit:
1622 2325 1712 2348 nam

322 2383 360 2412 et
391 2374 439 2412 L.
474 2373 634 2412 Luculli
659 2375 863 2420 exercitus,
895 2377 962 2428 qui
989 2377 1034 2414 ad
1062 2377 1309 2430 triumphum
1336 2387 1575 2421 convenerat,
1607 2377 1711 2415 idem

323 2453 451 2478 comes
479 2440 528 2477 L.
558 2440 734 2477 Murenae
762 2440 893 2492 praesto
919 2440 1019 2486 fuit;
1051 2453 1088 2480 et
1114 2456 1255 2480 munus
1283 2443 1574 2494 ampliffimum,
1606 2444 1710 2495 quod

323 2506 461 2558 petitio
480 2515 650 2559 praeturae
669 2506 911 2551 desiderabat,
943 2517 1103 2559 praetura
1123 2508 1297 2546 restituit.
