<?xml version="1.0" encoding="UTF-8"?>
<!DOCTYPE html PUBLIC "-//W3C//DTD XHTML 1.0 Transitional//EN"
    "http://www.w3.org/TR/xhtml1/DTD/xhtml1-transitional.dtd">
<html xmlns="http://www.w3.org/1999/xhtml" xml:lang="en" lang="en">
 <head>
  <title>
</title>
<meta http-equiv="Content-Type" content="text/html;charset=utf-8" />
  <meta name='ocr-system' content='tesseract 3.04.00' />
  <meta name='ocr-capabilities' content='ocr_page ocr_carea ocr_par ocr_line ocrx_word'/>
</head>
<body>
  <div class='ocr_page' id='page_1' title='image "./operacumindicibu05ciceuoft_0036.png"; bbox 0 0 2212 2835; ppageno 0'>
   <div class='ocr_carea' id='block_1_1' title="bbox 344 177 1235 216">
    <p class='ocr_par' dir='ltr' id='par_1_1' title="bbox 344 177 1235 216">
     <span class='ocr_line' id='line_1_1' title="bbox 344 177 1235 216; baseline -0.002 0"><span class='ocrx_word' id='word_1_1' title='bbox 344 177 392 216; x_wconf 85' lang='lat'>28</span> <span class='ocrx_word' id='word_1_2' title='bbox 836 177 1235 215; x_wconf 90' lang='lat' dir='ltr'><strong>ORATIO</strong></span> 
     </span>
    </p>
   </div>
   <div class='ocr_carea' id='block_1_2' title="bbox 332 273 1726 2504">
    <p class='ocr_par' dir='ltr' id='par_1_2' title="bbox 332 273 1726 658">
     <span class='ocr_line' id='line_1_2' title="bbox 335 273 1724 329; baseline 0 -15"><span class='ocrx_word' id='word_1_3' title='bbox 335 275 547 329; x_wconf 86' lang='lat' dir='ltr'>judicibus,</span> <span class='ocrx_word' id='word_1_4' title='bbox 578 288 598 312; x_wconf 89' lang='lat' dir='ltr'>a</span> <span class='ocrx_word' id='word_1_5' title='bbox 631 274 772 327; x_wconf 88' lang='lat' dir='ltr'>quibus</span> <span class='ocrx_word' id='word_1_6' title='bbox 792 273 1070 312; x_wconf 85' lang='lat' dir='ltr'>condemnatus</span> <span class='ocrx_word' id='word_1_7' title='bbox 1091 274 1157 319; x_wconf 87' lang='lat' dir='ltr'>est,</span> <span class='ocrx_word' id='word_1_8' title='bbox 1186 284 1230 313; x_wconf 92' lang='lat' dir='ltr'>ut</span> <span class='ocrx_word' id='word_1_9' title='bbox 1262 288 1341 313; x_wconf 90' lang='lat' dir='ltr'>non</span> <span class='ocrx_word' id='word_1_10' title='bbox 1361 274 1479 314; x_wconf 92' lang='lat' dir='ltr'>modo</span> <span class='ocrx_word' id='word_1_11' title='bbox 1508 275 1555 314; x_wconf 92' lang='lat' dir='ltr'>ab</span> <span class='ocrx_word' id='word_1_12' title='bbox 1574 275 1724 320; x_wconf 90' lang='lat' dir='ltr'>iisdem,</span> 
     </span>
     <span class='ocr_line' id='line_1_3' title="bbox 340 340 1726 396; baseline -0.001 -14"><span class='ocrx_word' id='word_1_13' title='bbox 340 343 402 382; x_wconf 87' lang='lat' dir='ltr'>sed</span> <span class='ocrx_word' id='word_1_14' title='bbox 422 357 470 381; x_wconf 90' lang='lat' dir='ltr'>ne</span> <span class='ocrx_word' id='word_1_15' title='bbox 489 343 535 380; x_wconf 87' lang='lat' dir='ltr'>ab</span> <span class='ocrx_word' id='word_1_16' title='bbox 556 341 637 379; x_wconf 83' lang='lat' dir='ltr'>aliis</span> <span class='ocrx_word' id='word_1_17' title='bbox 658 340 819 393; x_wconf 88' lang='lat' dir='ltr'>quidem</span> <span class='ocrx_word' id='word_1_18' title='bbox 838 340 943 386; x_wconf 82' lang='lat' dir='ltr'>ullis,</span> <span class='ocrx_word' id='word_1_19' title='bbox 965 340 1107 380; x_wconf 83' lang='lat' dir='ltr'>absolvi</span> <span class='ocrx_word' id='word_1_20' title='bbox 1128 342 1208 380; x_wconf 92' lang='lat' dir='ltr'>ullo</span> <span class='ocrx_word' id='word_1_21' title='bbox 1227 342 1344 381; x_wconf 90' lang='lat' dir='ltr'>modo</span> <span class='ocrx_word' id='word_1_22' title='bbox 1363 341 1495 396; x_wconf 84' lang='lat' dir='ltr'>poffet.</span> <span class='ocrx_word' id='word_1_23' title='bbox 1519 343 1624 381; x_wconf 89' lang='lat' dir='ltr'>Cum</span> <span class='ocrx_word' id='word_1_24' title='bbox 1643 341 1726 380; x_wconf 89' lang='lat' dir='ltr'>haee</span> 
     </span>
     <span class='ocr_line' id='line_1_4' title="bbox 340 407 1724 461; baseline -0.001 -14"><span class='ocrx_word' id='word_1_25' title='bbox 340 409 519 453; x_wconf 85' lang='lat' dir='ltr'>docuero,</span> <span class='ocrx_word' id='word_1_26' title='bbox 550 417 636 446; x_wconf 89' lang='lat' dir='ltr'>tum</span> <span class='ocrx_word' id='word_1_27' title='bbox 660 407 759 445; x_wconf 90' lang='lat' dir='ltr'>illud</span> <span class='ocrx_word' id='word_1_28' title='bbox 787 407 996 453; x_wconf 87' lang='lat' dir='ltr'>ostendam,</span> <span class='ocrx_word' id='word_1_29' title='bbox 1024 408 1129 460; x_wconf 90' lang='lat' dir='ltr'>quod</span> <span class='ocrx_word' id='word_1_30' title='bbox 1159 409 1328 447; x_wconf 86' lang='lat' dir='ltr'>maxime</span> <span class='ocrx_word' id='word_1_31' title='bbox 1358 409 1501 461; x_wconf 88' lang='lat' dir='ltr'>requiri</span> <span class='ocrx_word' id='word_1_32' title='bbox 1530 408 1724 461; x_wconf 88' lang='lat' dir='ltr'>intelligo,</span> 
     </span>
     <span class='ocr_line' id='line_1_5' title="bbox 332 472 1725 526; baseline 0 -15"><span class='ocrx_word' id='word_1_33' title='bbox 332 474 530 526; x_wconf 88' lang='lat' dir='ltr'>judicium</span> <span class='ocrx_word' id='word_1_34' title='bbox 551 473 648 511; x_wconf 92' lang='lat' dir='ltr'>illud</span> <span class='ocrx_word' id='word_1_35' title='bbox 667 473 829 526; x_wconf 86' lang='lat' dir='ltr'>pecunia</span> <span class='ocrx_word' id='word_1_36' title='bbox 847 472 918 511; x_wconf 86' lang='lat' dir='ltr'>effe</span> <span class='ocrx_word' id='word_1_37' title='bbox 936 482 1141 519; x_wconf 88' lang='lat' dir='ltr'>tentatum,</span> <span class='ocrx_word' id='word_1_38' title='bbox 1164 488 1241 512; x_wconf 89' lang='lat' dir='ltr'>non</span> <span class='ocrx_word' id='word_1_39' title='bbox 1261 488 1282 512; x_wconf 87' lang='lat' dir='ltr'>a</span> <span class='ocrx_word' id='word_1_40' title='bbox 1298 475 1496 519; x_wconf 89' lang='lat' dir='ltr'>Cluentio,</span> <span class='ocrx_word' id='word_1_41' title='bbox 1518 474 1579 512; x_wconf 92' lang='lat' dir='ltr'>sed</span> <span class='ocrx_word' id='word_1_42' title='bbox 1594 483 1725 512; x_wconf 87' lang='lat' dir='ltr'>contra</span> 
     </span>
     <span class='ocr_line' id='line_1_6' title="bbox 341 537 1726 592; baseline 0.001 -15"><span class='ocrx_word' id='word_1_43' title='bbox 341 539 570 577; x_wconf 88' lang='lat' dir='ltr'>Cluentium</span> <span class='ocrx_word' id='word_1_44' title='bbox 585 557 597 583; x_wconf 68' lang='grc' dir='ltr'><strong><em>ς</em></strong></span> <span class='ocrx_word' id='word_1_45' title='bbox 628 537 859 591; x_wconf 88' lang='lat' dir='ltr'>faciamque,</span> <span class='ocrx_word' id='word_1_46' title='bbox 890 548 933 577; x_wconf 93' lang='lat' dir='ltr'>ut</span> <span class='ocrx_word' id='word_1_47' title='bbox 963 539 1201 592; x_wconf 84' lang='lat' dir='ltr'>intelligatis,</span> <span class='ocrx_word' id='word_1_48' title='bbox 1234 540 1274 578; x_wconf 88' lang='lat' dir='ltr'>in</span> <span class='ocrx_word' id='word_1_49' title='bbox 1293 549 1374 578; x_wconf 85' lang='lat' dir='ltr'>tota</span> <span class='ocrx_word' id='word_1_50' title='bbox 1406 540 1472 578; x_wconf 82' lang='lat' dir='ltr'>illa</span> <span class='ocrx_word' id='word_1_51' title='bbox 1502 539 1610 578; x_wconf 85' lang='lat' dir='ltr'>causa</span> <span class='ocrx_word' id='word_1_52' title='bbox 1630 539 1726 592; x_wconf 89' lang='lat' dir='ltr'>quid</span> 
     </span>
     <span class='ocr_line' id='line_1_7' title="bbox 339 604 1606 658; baseline 0.002 -16"><span class='ocrx_word' id='word_1_53' title='bbox 339 618 396 643; x_wconf 88' lang='lat' dir='ltr'>res</span> <span class='ocrx_word' id='word_1_54' title='bbox 416 605 493 658; x_wconf 86' lang='lat' dir='ltr'>ipsa</span> <span class='ocrx_word' id='word_1_55' title='bbox 513 604 657 649; x_wconf 87' lang='lat' dir='ltr'>tulerit,</span> <span class='ocrx_word' id='word_1_56' title='bbox 679 604 774 657; x_wconf 88' lang='lat' dir='ltr'>quid</span> <span class='ocrx_word' id='word_1_57' title='bbox 793 617 895 643; x_wconf 88' lang='lat' dir='ltr'>error</span> <span class='ocrx_word' id='word_1_58' title='bbox 914 605 1119 650; x_wconf 83' lang='lat' dir='ltr'>affinxerit,</span> <span class='ocrx_word' id='word_1_59' title='bbox 1141 606 1236 658; x_wconf 90' lang='lat' dir='ltr'>quid</span> <span class='ocrx_word' id='word_1_60' title='bbox 1255 606 1399 644; x_wconf 86' lang='lat' dir='ltr'>invidia</span> <span class='ocrx_word' id='word_1_61' title='bbox 1417 605 1606 644; x_wconf 82' lang='lat' dir='ltr'>conflarit.</span> 
     </span>
    </p>

    <p class='ocr_par' dir='ltr' id='par_1_3' title="bbox 337 671 1725 2104">
     <span class='ocr_line' id='line_1_8' title="bbox 395 671 1724 725; baseline 0.001 -17"><span class='ocrx_word' id='word_1_62' title='bbox 395 671 573 709; x_wconf 90' lang='lat' dir='ltr'>Primum</span> <span class='ocrx_word' id='word_1_63' title='bbox 593 671 713 723; x_wconf 88' lang='lat' dir='ltr'>igitur</span> <span class='ocrx_word' id='word_1_64' title='bbox 731 671 829 709; x_wconf 87' lang='lat' dir='ltr'>illud</span> <span class='ocrx_word' id='word_1_65' title='bbox 848 671 914 716; x_wconf 91' lang='lat' dir='ltr'>est,</span> <span class='ocrx_word' id='word_1_66' title='bbox 936 684 983 709; x_wconf 89' lang='lat' dir='ltr'>ex</span> <span class='ocrx_word' id='word_1_67' title='bbox 1003 685 1081 723; x_wconf 92' lang='lat' dir='ltr'>quo</span> <span class='ocrx_word' id='word_1_68' title='bbox 1104 672 1269 725; x_wconf 86' lang='lat' dir='ltr'>intelligi</span> <span class='ocrx_word' id='word_1_69' title='bbox 1289 672 1413 725; x_wconf 86' lang='lat' dir='ltr'>poffit,</span> <span class='ocrx_word' id='word_1_70' title='bbox 1435 671 1601 711; x_wconf 83' lang='lat' dir='ltr'>debuiffe</span> <span class='ocrx_word' id='word_1_71' title='bbox 1624 671 1724 710; x_wconf 92' lang='lat' dir='ltr'>Clu-</span> 
     </span>
     <span class='ocr_line' id='line_1_9' title="bbox 339 738 1725 792; baseline 0.001 -16"><span class='ocrx_word' id='word_1_72' title='bbox 339 739 489 777; x_wconf 84' lang='lat' dir='ltr'>entium</span> <span class='ocrx_word' id='word_1_73' title='bbox 510 750 740 791; x_wconf 79' lang='lat' dir='ltr'>magnopere</span> <span class='ocrx_word' id='word_1_74' title='bbox 760 739 878 777; x_wconf 84' lang='lat' dir='ltr'>causae</span> <span class='ocrx_word' id='word_1_75' title='bbox 896 738 1100 785; x_wconf 87' lang='lat' dir='ltr'>confidere,</span> <span class='ocrx_word' id='word_1_76' title='bbox 1122 740 1227 792; x_wconf 92' lang='lat' dir='ltr'>quod</span> <span class='ocrx_word' id='word_1_77' title='bbox 1254 740 1468 778; x_wconf 83' lang='lat' dir='ltr'>certiffirnis</span> <span class='ocrx_word' id='word_1_78' title='bbox 1493 739 1725 778; x_wconf 88' lang='lat' dir='ltr'>criminibus</span> 
     </span>
     <span class='ocr_line' id='line_1_10' title="bbox 338 803 1723 845; baseline 0.001 -3"><span class='ocrx_word' id='word_1_79' title='bbox 338 814 377 842; x_wconf 91' lang='lat' dir='ltr'>et</span> <span class='ocrx_word' id='word_1_80' title='bbox 395 805 551 842; x_wconf 84' lang='lat' dir='ltr'>testibus</span> <span class='ocrx_word' id='word_1_81' title='bbox 571 803 692 843; x_wconf 88' lang='lat' dir='ltr'>fretus</span> <span class='ocrx_word' id='word_1_82' title='bbox 721 804 767 843; x_wconf 88' lang='lat' dir='ltr'>ad</span> <span class='ocrx_word' id='word_1_83' title='bbox 786 805 1042 844; x_wconf 85' lang='lat' dir='ltr'>accusandum</span> <span class='ocrx_word' id='word_1_84' title='bbox 1063 806 1309 845; x_wconf 85' lang='lat' dir='ltr'>descenderit.</span> <span class='ocrx_word' id='word_1_85' title='bbox 1343 807 1434 845; x_wconf 91' lang='lat' dir='ltr'>Hoc</span> <span class='ocrx_word' id='word_1_86' title='bbox 1464 806 1551 844; x_wconf 90' lang='lat' dir='ltr'>loco</span> <span class='ocrx_word' id='word_1_87' title='bbox 1576 805 1723 844; x_wconf 86' lang='lat' dir='ltr'>facien-</span> 
     </span>
     <span class='ocr_line' id='line_1_11' title="bbox 339 869 1723 925; baseline 0 -17"><span class='ocrx_word' id='word_1_88' title='bbox 339 871 435 909; x_wconf 90' lang='lat' dir='ltr'>dum</span> <span class='ocrx_word' id='word_1_89' title='bbox 465 869 579 916; x_wconf 90' lang='lat' dir='ltr'>mihi,</span> <span class='ocrx_word' id='word_1_90' title='bbox 601 870 773 922; x_wconf 82' lang='lat' dir='ltr'>JudiceS,</span> <span class='ocrx_word' id='word_1_91' title='bbox 802 871 869 916; x_wconf 92' lang='lat' dir='ltr'>est,</span> <span class='ocrx_word' id='word_1_92' title='bbox 899 880 942 910; x_wconf 91' lang='lat' dir='ltr'>ut</span> <span class='ocrx_word' id='word_1_93' title='bbox 972 871 1080 910; x_wconf 88' lang='lat' dir='ltr'>vobis</span> <span class='ocrx_word' id='word_1_94' title='bbox 1111 872 1275 910; x_wconf 88' lang='lat' dir='ltr'>breviter</span> <span class='ocrx_word' id='word_1_95' title='bbox 1306 872 1386 918; x_wconf 87' lang='lat' dir='ltr'>illa,</span> <span class='ocrx_word' id='word_1_96' title='bbox 1421 873 1562 925; x_wconf 92' lang='lat' dir='ltr'>quibus</span> <span class='ocrx_word' id='word_1_97' title='bbox 1584 871 1723 910; x_wconf 86' lang='lat' dir='ltr'>Albius</span> 
     </span>
     <span class='ocr_line' id='line_1_12' title="bbox 338 936 1722 990; baseline -0.001 -15"><span class='ocrx_word' id='word_1_98' title='bbox 338 936 615 975; x_wconf 82' lang='lat' dir='ltr'>condemnatus</span> <span class='ocrx_word' id='word_1_99' title='bbox 647 937 713 981; x_wconf 86' lang='lat' dir='ltr'>est,</span> <span class='ocrx_word' id='word_1_100' title='bbox 743 937 908 975; x_wconf 88' lang='lat' dir='ltr'>crimina</span> <span class='ocrx_word' id='word_1_101' title='bbox 928 950 1132 990; x_wconf 82' lang='lat' dir='ltr'>exponam.</span> <span class='ocrx_word' id='word_1_102' title='bbox 1164 938 1247 975; x_wconf 88' lang='lat' dir='ltr'>Abs</span> <span class='ocrx_word' id='word_1_103' title='bbox 1282 947 1319 975; x_wconf 89' lang='lat' dir='ltr'>te</span> <span class='ocrx_word' id='word_1_104' title='bbox 1352 947 1454 989; x_wconf 86' lang='lat' dir='ltr'>peto,</span> <span class='ocrx_word' id='word_1_105' title='bbox 1492 937 1722 990; x_wconf 88' lang='lat' dir='ltr'>Oppianice,</span> 
     </span>
     <span class='ocr_line' id='line_1_13' title="bbox 338 1000 1724 1052; baseline -0.001 -13"><span class='ocrx_word' id='word_1_106' title='bbox 338 1010 381 1039; x_wconf 90' lang='lat' dir='ltr'>ut</span> <span class='ocrx_word' id='word_1_107' title='bbox 402 1015 465 1039; x_wconf 88' lang='lat' dir='ltr'>me</span> <span class='ocrx_word' id='word_1_108' title='bbox 485 1001 653 1039; x_wconf 90' lang='lat' dir='ltr'>invitum</span> <span class='ocrx_word' id='word_1_109' title='bbox 680 1000 726 1038; x_wconf 90' lang='lat' dir='ltr'>de</span> <span class='ocrx_word' id='word_1_110' title='bbox 751 1001 868 1052; x_wconf 86' lang='lat' dir='ltr'>patris</span> <span class='ocrx_word' id='word_1_111' title='bbox 900 1001 957 1038; x_wconf 92' lang='lat' dir='ltr'>tui</span> <span class='ocrx_word' id='word_1_112' title='bbox 989 1001 1096 1038; x_wconf 83' lang='lat' dir='ltr'>causa</span> <span class='ocrx_word' id='word_1_113' title='bbox 1126 1001 1251 1038; x_wconf 90' lang='lat' dir='ltr'>dicere</span> <span class='ocrx_word' id='word_1_114' title='bbox 1275 1001 1484 1047; x_wconf 84' lang='lat' dir='ltr'>existimes,</span> <span class='ocrx_word' id='word_1_115' title='bbox 1513 1001 1724 1039; x_wconf 65' lang='lat' dir='ltr'>adductum</span> 
     </span>
     <span class='ocr_line' id='line_1_14' title="bbox 337 1065 1724 1119; baseline 0 -14"><span class='ocrx_word' id='word_1_116' title='bbox 337 1067 412 1105; x_wconf 85' lang='lat' dir='ltr'>fide</span> <span class='ocrx_word' id='word_1_117' title='bbox 431 1076 547 1119; x_wconf 85' lang='lat' dir='ltr'>atque</span> <span class='ocrx_word' id='word_1_118' title='bbox 566 1066 696 1104; x_wconf 87' lang='lat' dir='ltr'>officio</span> <span class='ocrx_word' id='word_1_119' title='bbox 716 1065 957 1104; x_wconf 85' lang='lat' dir='ltr'>defenfionis.</span> <span class='ocrx_word' id='word_1_120' title='bbox 989 1067 1149 1104; x_wconf 90' lang='lat' dir='ltr'>Etenim</span> <span class='ocrx_word' id='word_1_121' title='bbox 1171 1067 1241 1104; x_wconf 91' lang='lat' dir='ltr'>tibi</span> <span class='ocrx_word' id='word_1_122' title='bbox 1261 1067 1287 1105; x_wconf 89' lang='lat' dir='ltr'>fi</span> <span class='ocrx_word' id='word_1_123' title='bbox 1308 1067 1349 1104; x_wconf 91' lang='lat' dir='ltr'>in</span> <span class='ocrx_word' id='word_1_124' title='bbox 1364 1067 1560 1119; x_wconf 64' lang='lat' dir='ltr'>praesentia</span> <span class='ocrx_word' id='word_1_125' title='bbox 1578 1066 1724 1105; x_wconf 86' lang='lat' dir='ltr'>satisfa-</span> 
     </span>
     <span class='ocr_line' id='line_1_15' title="bbox 338 1131 1725 1185; baseline 0.001 -15"><span class='ocrx_word' id='word_1_126' title='bbox 338 1146 420 1170; x_wconf 91' lang='lat' dir='ltr'>cere</span> <span class='ocrx_word' id='word_1_127' title='bbox 440 1146 518 1170; x_wconf 91' lang='lat' dir='ltr'>non</span> <span class='ocrx_word' id='word_1_128' title='bbox 537 1140 712 1184; x_wconf 90' lang='lat' dir='ltr'>potuero,</span> <span class='ocrx_word' id='word_1_129' title='bbox 734 1140 864 1169; x_wconf 86' lang='lat' dir='ltr'>tamen</span> <span class='ocrx_word' id='word_1_130' title='bbox 884 1131 1018 1169; x_wconf 70' lang='lat' dir='ltr'>multa:⁴</span> <span class='ocrx_word' id='word_1_131' title='bbox 1043 1131 1144 1170; x_wconf 88' lang='lat' dir='ltr'>mihi</span> <span class='ocrx_word' id='word_1_132' title='bbox 1173 1133 1220 1170; x_wconf 88' lang='lat' dir='ltr'>ad</span> <span class='ocrx_word' id='word_1_133' title='bbox 1246 1132 1555 1171; x_wconf 87' lang='lat' dir='ltr'>satisfaciendum</span> <span class='ocrx_word' id='word_1_134' title='bbox 1575 1133 1725 1185; x_wconf 88' lang='lat' dir='ltr'>reliquo</span> 
     </span>
     <span class='ocr_line' id='line_1_16' title="bbox 338 1196 1722 1250; baseline 0.001 -14"><span class='ocrx_word' id='word_1_135' title='bbox 338 1209 512 1250; x_wconf 86' lang='lat' dir='ltr'>tempore</span> <span class='ocrx_word' id='word_1_136' title='bbox 544 1196 744 1234; x_wconf 79' lang='lat' dir='ltr'>facultates</span> <span class='ocrx_word' id='word_1_137' title='bbox 777 1197 999 1236; x_wconf 88' lang='lat' dir='ltr'>dabuntur:</span> <span class='ocrx_word' id='word_1_138' title='bbox 1043 1198 1227 1236; x_wconf 88' lang='lat' dir='ltr'>Cluentio</span> <span class='ocrx_word' id='word_1_139' title='bbox 1256 1198 1325 1236; x_wconf 78' lang='lat' dir='ltr'>nisi</span> <span class='ocrx_word' id='word_1_140' title='bbox 1359 1212 1462 1237; x_wconf 90' lang='lat' dir='ltr'>nunc</span> <span class='ocrx_word' id='word_1_141' title='bbox 1494 1198 1722 1243; x_wconf 85' lang='lat' dir='ltr'>satisfecero,</span> 
     </span>
     <span class='ocr_line' id='line_1_17' title="bbox 340 1261 1723 1317; baseline 0.001 -16"><span class='ocrx_word' id='word_1_142' title='bbox 340 1264 462 1316; x_wconf 82' lang='lat' dir='ltr'>postea</span> <span class='ocrx_word' id='word_1_143' title='bbox 483 1261 582 1301; x_wconf 78' lang='lat' dir='ltr'>mihi</span> <span class='ocrx_word' id='word_1_144' title='bbox 603 1261 859 1300; x_wconf 77' lang='lat' dir='ltr'>satisfaciendi</span> <span class='ocrx_word' id='word_1_145' title='bbox 891 1263 1051 1316; x_wconf 84' lang='lat' dir='ltr'>potestas</span> <span class='ocrx_word' id='word_1_146' title='bbox 1084 1278 1160 1302; x_wconf 87' lang='lat' dir='ltr'>non</span> <span class='ocrx_word' id='word_1_147' title='bbox 1186 1265 1271 1303; x_wconf 87' lang='lat' dir='ltr'>erit.</span> <span class='ocrx_word' id='word_1_148' title='bbox 1304 1265 1428 1302; x_wconf 89' lang='lat' dir='ltr'>Simul</span> <span class='ocrx_word' id='word_1_149' title='bbox 1448 1274 1486 1303; x_wconf 92' lang='lat' dir='ltr'>et</span> <span class='ocrx_word' id='word_1_150' title='bbox 1512 1265 1610 1303; x_wconf 91' lang='lat' dir='ltr'>illud</span> <span class='ocrx_word' id='word_1_151' title='bbox 1637 1265 1723 1317; x_wconf 89' lang='lat' dir='ltr'>quis</span> 
     </span>
     <span class='ocr_line' id='line_1_18' title="bbox 338 1328 1723 1384; baseline 0.003 -18"><span class='ocrx_word' id='word_1_152' title='bbox 338 1329 390 1367; x_wconf 86' lang='lat' dir='ltr'>est</span> <span class='ocrx_word' id='word_1_153' title='bbox 417 1330 486 1380; x_wconf 84' lang='lat' dir='ltr'>qui</span> <span class='ocrx_word' id='word_1_154' title='bbox 517 1328 690 1366; x_wconf 82' lang='lat' dir='ltr'>dubitare</span> <span class='ocrx_word' id='word_1_155' title='bbox 721 1328 869 1374; x_wconf 87' lang='lat' dir='ltr'>debeat,</span> <span class='ocrx_word' id='word_1_156' title='bbox 913 1339 1046 1367; x_wconf 86' lang='lat' dir='ltr'>contra</span> <span class='ocrx_word' id='word_1_157' title='bbox 1075 1330 1301 1368; x_wconf 87' lang='lat' dir='ltr'>damnatum</span> <span class='ocrx_word' id='word_1_158' title='bbox 1335 1339 1374 1368; x_wconf 88' lang='lat' dir='ltr'>et</span> <span class='ocrx_word' id='word_1_159' title='bbox 1407 1340 1622 1376; x_wconf 89' lang='lat' dir='ltr'>mortuum,</span> <span class='ocrx_word' id='word_1_160' title='bbox 1654 1345 1723 1384; x_wconf 90' lang='lat' dir='ltr'>pro</span> 
     </span>
     <span class='ocr_line' id='line_1_19' title="bbox 339 1394 1724 1449; baseline 0.001 -16"><span class='ocrx_word' id='word_1_161' title='bbox 339 1395 528 1433; x_wconf 85' lang='lat' dir='ltr'>incolumi</span> <span class='ocrx_word' id='word_1_162' title='bbox 555 1403 591 1431; x_wconf 92' lang='lat' dir='ltr'>et</span> <span class='ocrx_word' id='word_1_163' title='bbox 612 1394 712 1438; x_wconf 90' lang='lat' dir='ltr'>vivo,</span> <span class='ocrx_word' id='word_1_164' title='bbox 735 1395 889 1432; x_wconf 85' lang='lat' dir='ltr'>dicere?</span> <span class='ocrx_word' id='word_1_165' title='bbox 920 1408 1012 1433; x_wconf 90' lang='lat' dir='ltr'>cum</span> <span class='ocrx_word' id='word_1_166' title='bbox 1032 1395 1105 1440; x_wconf 90' lang='lat' dir='ltr'>illi,</span> <span class='ocrx_word' id='word_1_167' title='bbox 1136 1397 1176 1434; x_wconf 90' lang='lat' dir='ltr'>in</span> <span class='ocrx_word' id='word_1_168' title='bbox 1203 1410 1321 1449; x_wconf 89' lang='lat' dir='ltr'>quem</span> <span class='ocrx_word' id='word_1_169' title='bbox 1348 1396 1503 1443; x_wconf 85' lang='lat' dir='ltr'>dicitur,</span> <span class='ocrx_word' id='word_1_170' title='bbox 1528 1397 1724 1436; x_wconf 87' lang='lat' dir='ltr'>damnatio</span> 
     </span>
     <span class='ocr_line' id='line_1_20' title="bbox 338 1460 1722 1513; baseline 0.002 -14"><span class='ocrx_word' id='word_1_171' title='bbox 338 1474 454 1499; x_wconf 89' lang='lat' dir='ltr'>omne</span> <span class='ocrx_word' id='word_1_172' title='bbox 474 1460 697 1512; x_wconf 83' lang='lat' dir='ltr'>ignominiae</span> <span class='ocrx_word' id='word_1_173' title='bbox 716 1461 932 1512; x_wconf 89' lang='lat' dir='ltr'>periculum</span> <span class='ocrx_word' id='word_1_174' title='bbox 948 1462 1030 1513; x_wconf 82' lang='lat' dir='ltr'>jam</span> <span class='ocrx_word' id='word_1_175' title='bbox 1047 1462 1256 1508; x_wconf 87' lang='lat' dir='ltr'>abstulerit,</span> <span class='ocrx_word' id='word_1_176' title='bbox 1287 1476 1391 1502; x_wconf 88' lang='lat' dir='ltr'>mors</span> <span class='ocrx_word' id='word_1_177' title='bbox 1412 1477 1499 1502; x_wconf 88' lang='lat' dir='ltr'>vero</span> <span class='ocrx_word' id='word_1_178' title='bbox 1519 1464 1635 1501; x_wconf 90' lang='lat' dir='ltr'>etiam</span> <span class='ocrx_word' id='word_1_179' title='bbox 1651 1464 1722 1501; x_wconf 93' lang='lat' dir='ltr'>do-</span> 
     </span>
     <span class='ocr_line' id='line_1_21' title="bbox 339 1526 1722 1582; baseline 0.003 -18"><span class='ocrx_word' id='word_1_180' title='bbox 339 1528 457 1571; x_wconf 86' lang='lat' dir='ltr'>loris;</span> <span class='ocrx_word' id='word_1_181' title='bbox 489 1526 581 1564; x_wconf 87' lang='lat' dir='ltr'>huic</span> <span class='ocrx_word' id='word_1_182' title='bbox 602 1535 744 1571; x_wconf 85' lang='lat' dir='ltr'>autem,</span> <span class='ocrx_word' id='word_1_183' title='bbox 775 1540 843 1578; x_wconf 90' lang='lat' dir='ltr'>pro</span> <span class='ocrx_word' id='word_1_184' title='bbox 867 1540 944 1578; x_wconf 92' lang='lat' dir='ltr'>quo</span> <span class='ocrx_word' id='word_1_185' title='bbox 964 1528 1119 1573; x_wconf 89' lang='lat' dir='ltr'>dicitur,</span> <span class='ocrx_word' id='word_1_186' title='bbox 1151 1527 1249 1567; x_wconf 86' lang='lat' dir='ltr'>nihil</span> <span class='ocrx_word' id='word_1_187' title='bbox 1268 1529 1381 1582; x_wconf 83' lang='lat' dir='ltr'>poffit</span> <span class='ocrx_word' id='word_1_188' title='bbox 1410 1529 1626 1568; x_wconf 71' lang='lat' dir='ltr'>offensionis</span> <span class='ocrx_word' id='word_1_189' title='bbox 1657 1543 1722 1567; x_wconf 85' lang='lat' dir='ltr'>ac-</span> 
     </span>
     <span class='ocr_line' id='line_1_22' title="bbox 338 1592 1723 1640; baseline 0.003 -10"><span class='ocrx_word' id='word_1_190' title='bbox 338 1593 469 1630; x_wconf 84' lang='lat' dir='ltr'>cedere</span> <span class='ocrx_word' id='word_1_191' title='bbox 503 1592 577 1629; x_wconf 81' lang='lat' dir='ltr'>fine</span> <span class='ocrx_word' id='word_1_192' title='bbox 598 1592 836 1630; x_wconf 83' lang='lat' dir='ltr'>acerbiffimo</span> <span class='ocrx_word' id='word_1_193' title='bbox 869 1593 990 1631; x_wconf 88' lang='lat' dir='ltr'>animi</span> <span class='ocrx_word' id='word_1_194' title='bbox 1024 1593 1129 1632; x_wconf 88' lang='lat' dir='ltr'>sensu</span> <span class='ocrx_word' id='word_1_195' title='bbox 1157 1608 1198 1632; x_wconf 90' lang='lat' dir='ltr'>ac</span> <span class='ocrx_word' id='word_1_196' title='bbox 1219 1594 1364 1640; x_wconf 88' lang='lat' dir='ltr'>dolore,</span> <span class='ocrx_word' id='word_1_197' title='bbox 1395 1605 1433 1633; x_wconf 94' lang='lat' dir='ltr'>et</span> <span class='ocrx_word' id='word_1_198' title='bbox 1464 1595 1539 1633; x_wconf 87' lang='lat' dir='ltr'>fine</span> <span class='ocrx_word' id='word_1_199' title='bbox 1569 1595 1723 1634; x_wconf 90' lang='lat' dir='ltr'>summo</span> 
     </span>
     <span class='ocr_line' id='line_1_23' title="bbox 339 1658 1722 1713; baseline 0.003 -18"><span class='ocrx_word' id='word_1_200' title='bbox 339 1659 519 1696; x_wconf 85' lang='lat' dir='ltr'>dedecore</span> <span class='ocrx_word' id='word_1_201' title='bbox 541 1658 625 1695; x_wconf 82' lang='lat' dir='ltr'>vitae</span> <span class='ocrx_word' id='word_1_202' title='bbox 645 1671 686 1695; x_wconf 88' lang='lat' dir='ltr'>ac</span> <span class='ocrx_word' id='word_1_203' title='bbox 708 1658 958 1710; x_wconf 85' lang='lat' dir='ltr'>turpitudine.</span> <span class='ocrx_word' id='word_1_204' title='bbox 986 1661 1132 1712; x_wconf 88' lang='lat' dir='ltr'>Atque,</span> <span class='ocrx_word' id='word_1_205' title='bbox 1153 1670 1196 1698; x_wconf 93' lang='lat' dir='ltr'>ut</span> <span class='ocrx_word' id='word_1_206' title='bbox 1218 1661 1455 1713; x_wconf 87' lang='lat' dir='ltr'>intelligatis,</span> <span class='ocrx_word' id='word_1_207' title='bbox 1479 1661 1722 1706; x_wconf 88' lang='lat' dir='ltr'>Cluentium,</span> 
     </span>
     <span class='ocr_line' id='line_1_24' title="bbox 339 1724 1722 1779; baseline 0.002 -17"><span class='ocrx_word' id='word_1_208' title='bbox 339 1738 415 1762; x_wconf 90' lang='lat' dir='ltr'>non</span> <span class='ocrx_word' id='word_1_209' title='bbox 437 1724 669 1762; x_wconf 82' lang='lat' dir='ltr'>accusatorio</span> <span class='ocrx_word' id='word_1_210' title='bbox 688 1725 831 1769; x_wconf 89' lang='lat' dir='ltr'>animo,</span> <span class='ocrx_word' id='word_1_211' title='bbox 865 1738 942 1762; x_wconf 91' lang='lat' dir='ltr'>non</span> <span class='ocrx_word' id='word_1_212' title='bbox 963 1725 1210 1764; x_wconf 88' lang='lat' dir='ltr'>ostentatione</span> <span class='ocrx_word' id='word_1_213' title='bbox 1240 1726 1367 1778; x_wconf 87' lang='lat' dir='ltr'>aliqua</span> <span class='ocrx_word' id='word_1_214' title='bbox 1398 1736 1463 1765; x_wconf 89' lang='lat' dir='ltr'>aut</span> <span class='ocrx_word' id='word_1_215' title='bbox 1486 1727 1621 1779; x_wconf 87' lang='lat' dir='ltr'>gloria,</span> <span class='ocrx_word' id='word_1_216' title='bbox 1654 1729 1722 1765; x_wconf 86' lang='lat' dir='ltr'>ad—</span> 
     </span>
     <span class='ocr_line' id='line_1_25' title="bbox 339 1789 1723 1846; baseline 0.002 -18"><span class='ocrx_word' id='word_1_217' title='bbox 339 1792 514 1833; x_wconf 69' lang='lat' dir='ltr'>duc‘tum,</span> <span class='ocrx_word' id='word_1_218' title='bbox 547 1790 606 1827; x_wconf 89' lang='lat' dir='ltr'>sed</span> <span class='ocrx_word' id='word_1_219' title='bbox 628 1789 778 1828; x_wconf 87' lang='lat' dir='ltr'>nefariis</span> <span class='ocrx_word' id='word_1_220' title='bbox 799 1791 962 1842; x_wconf 82' lang='lat' dir='ltr'>injuriis,</span> <span class='ocrx_word' id='word_1_221' title='bbox 994 1792 1226 1843; x_wconf 80' lang='lat' dir='ltr'>quotidianis</span> <span class='ocrx_word' id='word_1_222' title='bbox 1248 1792 1405 1838; x_wconf 88' lang='lat' dir='ltr'>infidiis,</span> <span class='ocrx_word' id='word_1_223' title='bbox 1426 1793 1618 1846; x_wconf 78' lang='lat' dir='ltr'>proposito</span> <span class='ocrx_word' id='word_1_224' title='bbox 1636 1802 1723 1831; x_wconf 85' lang='lat' dir='ltr'>ante</span> 
     </span>
     <span class='ocr_line' id='line_1_26' title="bbox 339 1855 1722 1912; baseline 0.003 -19"><span class='ocrx_word' id='word_1_225' title='bbox 339 1857 471 1894; x_wconf 85' lang='lat' dir='ltr'>oculos</span> <span class='ocrx_word' id='word_1_226' title='bbox 493 1856 577 1893; x_wconf 82' lang='lat' dir='ltr'>vitae</span> <span class='ocrx_word' id='word_1_227' title='bbox 597 1855 783 1908; x_wconf 88' lang='lat' dir='ltr'>periculo,</span> <span class='ocrx_word' id='word_1_228' title='bbox 814 1870 954 1895; x_wconf 85' lang='lat' dir='ltr'>nomen</span> <span class='ocrx_word' id='word_1_229' title='bbox 978 1859 1185 1910; x_wconf 89' lang='lat' dir='ltr'>Oppianici</span> <span class='ocrx_word' id='word_1_230' title='bbox 1206 1858 1392 1903; x_wconf 72' lang='lat' dir='ltr'>detulisse,</span> <span class='ocrx_word' id='word_1_231' title='bbox 1424 1859 1538 1912; x_wconf 91' lang='lat' dir='ltr'>paulo</span> <span class='ocrx_word' id='word_1_232' title='bbox 1569 1860 1722 1912; x_wconf 84' lang='lat' dir='ltr'>longius</span> 
     </span>
     <span class='ocr_line' id='line_1_27' title="bbox 338 1920 1722 1976; baseline 0.002 -17"><span class='ocrx_word' id='word_1_233' title='bbox 338 1922 539 1959; x_wconf 82' lang='lat' dir='ltr'>exordium</span> <span class='ocrx_word' id='word_1_234' title='bbox 561 1922 612 1958; x_wconf 89' lang='lat' dir='ltr'>rei</span> <span class='ocrx_word' id='word_1_235' title='bbox 634 1920 930 1960; x_wconf 80' lang='lat' dir='ltr'>demonstrandae</span> <span class='ocrx_word' id='word_1_236' title='bbox 962 1932 1128 1975; x_wconf 88' lang='lat' dir='ltr'>repetam</span> <span class='ocrx_word' id='word_1_237' title='bbox 1148 1938 1156 1962; x_wconf 74' lang='grc' dir='ltr'><strong>ε</strong></span> <span class='ocrx_word' id='word_1_238' title='bbox 1189 1924 1293 1975; x_wconf 91' lang='lat' dir='ltr'>quod</span> <span class='ocrx_word' id='word_1_239' title='bbox 1313 1923 1450 1976; x_wconf 83' lang='lat' dir='ltr'>quaeso,</span> <span class='ocrx_word' id='word_1_240' title='bbox 1472 1924 1642 1975; x_wconf 83' lang='lat' dir='ltr'>Judices,</span> <span class='ocrx_word' id='word_1_241' title='bbox 1674 1938 1722 1963; x_wconf 89' lang='lat' dir='ltr'>ne</span> 
     </span>
     <span class='ocr_line' id='line_1_28' title="bbox 339 1986 1721 2042; baseline 0.004 -18"><span class='ocrx_word' id='word_1_242' title='bbox 339 1987 495 2025; x_wconf 83' lang='lat' dir='ltr'>moleste</span> <span class='ocrx_word' id='word_1_243' title='bbox 515 1986 728 2039; x_wconf 84' lang='lat' dir='ltr'>patiamini.</span> <span class='ocrx_word' id='word_1_244' title='bbox 763 1988 967 2040; x_wconf 86' lang='lat' dir='ltr'>Principiis</span> <span class='ocrx_word' id='word_1_245' title='bbox 995 1990 1098 2027; x_wconf 88' lang='lat' dir='ltr'>enim</span> <span class='ocrx_word' id='word_1_246' title='bbox 1119 1990 1299 2042; x_wconf 87' lang='lat' dir='ltr'>cognitis,</span> <span class='ocrx_word' id='word_1_247' title='bbox 1335 1990 1461 2028; x_wconf 85' lang='lat' dir='ltr'>multo</span> <span class='ocrx_word' id='word_1_248' title='bbox 1481 1989 1632 2028; x_wconf 85' lang='lat' dir='ltr'>facilius</span> <span class='ocrx_word' id='word_1_249' title='bbox 1652 2005 1721 2030; x_wconf 87' lang='lat' dir='ltr'>ex-</span> 
     </span>
     <span class='ocr_line' id='line_1_29' title="bbox 338 2052 715 2104; baseline -0.003 -14"><span class='ocrx_word' id='word_1_250' title='bbox 338 2062 459 2090; x_wconf 74' lang='lat' dir='ltr'>trema</span> <span class='ocrx_word' id='word_1_251' title='bbox 480 2052 715 2104; x_wconf 82' lang='lat' dir='ltr'>intelligetis.</span> 
     </span>
    </p>

    <p class='ocr_par' dir='ltr' id='par_1_4' title="bbox 338 2117 1721 2504">
     <span class='ocr_line' id='line_1_30' title="bbox 381 2117 1721 2171; baseline 0.004 -18"><span class='ocrx_word' id='word_1_252' title='bbox 381 2119 430 2155; x_wconf 92' lang='lat' dir='ltr'>V.</span> <span class='ocrx_word' id='word_1_253' title='bbox 456 2118 506 2155; x_wconf 90' lang='lat' dir='ltr'>A.</span> <span class='ocrx_word' id='word_1_254' title='bbox 527 2117 729 2155; x_wconf 84' lang='lat' dir='ltr'>Cluentius</span> <span class='ocrx_word' id='word_1_255' title='bbox 746 2117 884 2155; x_wconf 84' lang='lat' dir='ltr'>Avitus</span> <span class='ocrx_word' id='word_1_256' title='bbox 906 2117 980 2156; x_wconf 88' lang='lat' dir='ltr'>fuit</span> <span class='ocrx_word' id='word_1_257' title='bbox 1001 2128 1104 2171; x_wconf 87' lang='lat' dir='ltr'>pater</span> <span class='ocrx_word' id='word_1_258' title='bbox 1125 2118 1296 2171; x_wconf 88' lang='lat' dir='ltr'>hujusce,</span> <span class='ocrx_word' id='word_1_259' title='bbox 1311 2120 1482 2170; x_wconf 85' lang='lat' dir='ltr'>Judices,</span> <span class='ocrx_word' id='word_1_260' title='bbox 1504 2119 1625 2159; x_wconf 90' lang='lat' dir='ltr'>homo</span> <span class='ocrx_word' id='word_1_261' title='bbox 1645 2134 1721 2159; x_wconf 88' lang='lat' dir='ltr'>non</span> 
     </span>
     <span class='ocr_line' id='line_1_31' title="bbox 341 2183 1721 2239; baseline 0.003 -18"><span class='ocrx_word' id='word_1_262' title='bbox 341 2183 464 2221; x_wconf 88' lang='lat' dir='ltr'>solum</span> <span class='ocrx_word' id='word_1_263' title='bbox 500 2183 704 2234; x_wconf 87' lang='lat' dir='ltr'>municipii</span> <span class='ocrx_word' id='word_1_264' title='bbox 726 2183 927 2229; x_wconf 79' lang='lat' dir='ltr'>Larinatis,</span> <span class='ocrx_word' id='word_1_265' title='bbox 958 2198 1004 2222; x_wconf 85' lang='lat' dir='ltr'>ex</span> <span class='ocrx_word' id='word_1_266' title='bbox 1025 2199 1102 2237; x_wconf 91' lang='lat' dir='ltr'>quo</span> <span class='ocrx_word' id='word_1_267' title='bbox 1122 2195 1212 2230; x_wconf 81' lang='lat' dir='ltr'>erat,</span> <span class='ocrx_word' id='word_1_268' title='bbox 1244 2185 1304 2223; x_wconf 93' lang='lat' dir='ltr'>sed</span> <span class='ocrx_word' id='word_1_269' title='bbox 1334 2186 1450 2224; x_wconf 79' lang='lat' dir='ltr'>etiam</span> <span class='ocrx_word' id='word_1_270' title='bbox 1482 2187 1646 2239; x_wconf 88' lang='lat' dir='ltr'>regionis</span> <span class='ocrx_word' id='word_1_271' title='bbox 1670 2188 1721 2225; x_wconf 91' lang='lat' dir='ltr'>il-</span> 
     </span>
     <span class='ocr_line' id='line_1_32' title="bbox 342 2249 1719 2306; baseline 0.004 -21"><span class='ocrx_word' id='word_1_272' title='bbox 342 2250 413 2286; x_wconf 85' lang='lat' dir='ltr'>lius</span> <span class='ocrx_word' id='word_1_273' title='bbox 434 2257 470 2286; x_wconf 91' lang='lat' dir='ltr'>et</span> <span class='ocrx_word' id='word_1_274' title='bbox 491 2249 711 2293; x_wconf 76' lang='lat' dir='ltr'>vicinitatis,</span> <span class='ocrx_word' id='word_1_275' title='bbox 742 2250 896 2294; x_wconf 86' lang='lat' dir='ltr'>virtute,</span> <span class='ocrx_word' id='word_1_276' title='bbox 929 2250 1220 2295; x_wconf 84' lang='lat' dir='ltr'>existimatione,</span> <span class='ocrx_word' id='word_1_277' title='bbox 1246 2251 1458 2296; x_wconf 86' lang='lat' dir='ltr'>nobilitate,</span> <span class='ocrx_word' id='word_1_278' title='bbox 1480 2252 1591 2290; x_wconf 85' lang='lat' dir='ltr'>facile</span> <span class='ocrx_word' id='word_1_279' title='bbox 1611 2254 1719 2306; x_wconf 92' lang='lat' dir='ltr'>prin-</span> 
     </span>
     <span class='ocr_line' id='line_1_33' title="bbox 341 2314 1720 2371; baseline 0.004 -19"><span class='ocrx_word' id='word_1_280' title='bbox 341 2329 441 2367; x_wconf 81' lang='lat' dir='ltr'>ceps.</span> <span class='ocrx_word' id='word_1_281' title='bbox 475 2316 510 2352; x_wconf 79' lang='lat' dir='ltr'>Is</span> <span class='ocrx_word' id='word_1_282' title='bbox 531 2328 623 2352; x_wconf 89' lang='lat' dir='ltr'>curn</span> <span class='ocrx_word' id='word_1_283' title='bbox 643 2314 729 2352; x_wconf 87' lang='lat' dir='ltr'>esset</span> <span class='ocrx_word' id='word_1_284' title='bbox 751 2324 940 2361; x_wconf 89' lang='lat' dir='ltr'>mortuus,</span> <span class='ocrx_word' id='word_1_285' title='bbox 963 2316 1064 2367; x_wconf 80' lang='lat' dir='ltr'>Sylla</span> <span class='ocrx_word' id='word_1_286' title='bbox 1084 2326 1121 2354; x_wconf 88' lang='lat' dir='ltr'>et</span> <span class='ocrx_word' id='word_1_287' title='bbox 1143 2319 1329 2371; x_wconf 85' lang='lat' dir='ltr'>Pompeio</span> <span class='ocrx_word' id='word_1_288' title='bbox 1351 2318 1598 2364; x_wconf 89' lang='lat' dir='ltr'>Consulibus,</span> <span class='ocrx_word' id='word_1_289' title='bbox 1629 2319 1720 2357; x_wconf 86' lang='lat' dir='ltr'>reli-</span> 
     </span>
     <span class='ocr_line' id='line_1_34' title="bbox 339 2380 1718 2435; baseline 0.004 -18"><span class='ocrx_word' id='word_1_290' title='bbox 339 2382 423 2433; x_wconf 87' lang='lat' dir='ltr'>quit</span> <span class='ocrx_word' id='word_1_291' title='bbox 444 2380 548 2418; x_wconf 87' lang='lat' dir='ltr'>hunc</span> <span class='ocrx_word' id='word_1_292' title='bbox 570 2394 685 2418; x_wconf 82' lang='lat' dir='ltr'>annos</span> <span class='ocrx_word' id='word_1_293' title='bbox 707 2394 761 2419; x_wconf 83' lang='lat' dir='ltr'>xv</span> <span class='ocrx_word' id='word_1_294' title='bbox 785 2391 946 2428; x_wconf 76' lang='lat' dir='ltr'>natum3</span> <span class='ocrx_word' id='word_1_295' title='bbox 978 2383 1160 2435; x_wconf 84' lang='lat' dir='ltr'>grandem</span> <span class='ocrx_word' id='word_1_296' title='bbox 1182 2393 1310 2422; x_wconf 87' lang='lat' dir='ltr'>autem</span> <span class='ocrx_word' id='word_1_297' title='bbox 1332 2394 1368 2423; x_wconf 90' lang='lat' dir='ltr'>et</span> <span class='ocrx_word' id='word_1_298' title='bbox 1389 2385 1562 2423; x_wconf 89' lang='lat' dir='ltr'>nubilem</span> <span class='ocrx_word' id='word_1_299' title='bbox 1583 2385 1718 2430; x_wconf 83' lang='lat' dir='ltr'>filiam,</span> 
     </span>
     <span class='ocr_line' id='line_1_35' title="bbox 338 2447 1717 2504; baseline 0.003 -20"><span class='ocrx_word' id='word_1_300' title='bbox 338 2461 421 2500; x_wconf 83' lang='lat' dir='ltr'>quae</span> <span class='ocrx_word' id='word_1_301' title='bbox 444 2447 546 2485; x_wconf 80' lang='lat' dir='ltr'>brevi</span> <span class='ocrx_word' id='word_1_302' title='bbox 568 2457 738 2499; x_wconf 87' lang='lat' dir='ltr'>tempore</span> <span class='ocrx_word' id='word_1_303' title='bbox 758 2449 840 2500; x_wconf 91' lang='lat' dir='ltr'>post</span> <span class='ocrx_word' id='word_1_304' title='bbox 861 2449 975 2502; x_wconf 84' lang='lat' dir='ltr'>patris</span> <span class='ocrx_word' id='word_1_305' title='bbox 997 2458 1161 2488; x_wconf 85' lang='lat' dir='ltr'>mortem</span> <span class='ocrx_word' id='word_1_306' title='bbox 1190 2451 1313 2504; x_wconf 78' lang='lat' dir='ltr'>nupsit</span> <span class='ocrx_word' id='word_1_307' title='bbox 1335 2453 1384 2490; x_wconf 85' lang='lat' dir='ltr'>A.</span> <span class='ocrx_word' id='word_1_308' title='bbox 1408 2451 1530 2490; x_wconf 89' lang='lat' dir='ltr'>Aurio</span> <span class='ocrx_word' id='word_1_309' title='bbox 1550 2451 1717 2493; x_wconf 73' lang='lat' dir='ltr'>Melino,</span> 
     </span>
    </p>
   </div>
  </div>
 </body>
</html>
