2212 2835
385 176 456 215 132
885 159 1285 199 ORATIO

435 262 588 312 Qaero,
625 261 664 304 fi,
696 260 764 311 qui
799 258 918 296 velint
951 258 1124 303 vendere,
1165 272 1243 296 non
1276 256 1435 302 fuerint,
1471 257 1565 310 quid
1599 260 1761 311 pecunia

378 327 443 366 fiet
462 328 474 363 ?
498 325 652 363 Referre
673 326 712 362 in
734 325 905 362 aerarium
926 324 987 362 lex
1007 334 1134 362 vetat:
1158 324 1261 376 exigi
1280 322 1473 376 prohibet.
1496 324 1621 376 Igitur
1641 338 1758 376 pecu-

377 393 480 430 niam
497 405 654 429 omnem
672 390 878 428 decemviri
895 391 1098 434 tenebunt;
1122 391 1228 428 vobis
1246 403 1332 442 ager
1348 403 1425 427 non
1442 398 1603 428 emetur.
1626 390 1760 428 Vesti-

375 457 525 509 galibus
547 457 779 500 abalienatis,
811 456 920 493 sociis
940 457 1097 500 vexatis,
1128 455 1279 507 regibus
1300 464 1411 506 atque
1431 455 1612 492 omnibus
1633 455 1762 507 genti-

376 523 448 560 bus
469 522 686 566 exinanitis,
718 521 775 559 illi
796 521 973 573 pecunias
994 520 1205 565 habebunt,
1236 533 1302 558 vos
1322 533 1428 572 agros
1449 533 1527 557 non
1554 518 1760 557 habebitis.

377 588 519 632 Facile,
551 587 693 639 inquit,
718 587 952 624 adducentur
971 587 1141 639 pecuniae
1161 585 1441 637 magnitudine,
1463 593 1506 622 ut
1528 585 1647 623 velint
1667 598 1760 622 ven-

376 654 476 692 dere.
508 655 614 706 Ergo
643 667 685 690 ea
710 653 773 691 lex
800 653 865 697 est,
897 667 972 704 qua
997 652 1120 690 nostra
1138 652 1363 696 vendamus,
1394 651 1528 703 quanti
1548 650 1730 704 poffimus
1746 669 1760 696 ς

376 721 497 758 aliena
516 733 706 764 emamus,
738 720 873 772 quanti
893 718 1107 772 poffeffores
1127 719 1263 757 velint.

431 790 562 839 Atque
581 788 623 825 in
642 786 712 825 hos
733 801 856 839 agros,
886 787 954 839 qui
981 785 1052 824 hac
1078 786 1162 839 lege
1190 786 1313 838 empti
1340 786 1424 830 fint,
1455 785 1623 824 colonias
1647 785 1693 823 ab
1715 785 1760 823 iis

376 854 601 892 decemviris
622 853 760 890 deduci
774 853 911 905 jubet?
942 852 1075 907 Qid?
1102 851 1276 890 omnisne
1296 851 1483 903 ejusmodi
1503 851 1610 889 locus
1630 851 1695 896 est,
1717 858 1761 888 ut

375 918 476 957 nihil
496 919 641 957 interfit
661 918 880 970 reipublicae
896 918 1047 956 colonia
1063 917 1272 955 deducatur
1286 916 1327 954 in
1343 930 1433 954 eum
1448 916 1594 961 locum,
1616 915 1760 954 necne?

376 988 442 1024 An
457 985 508 1023 est
528 985 651 1027 locus,
674 985 741 1036 qui
757 984 950 1021 coloniam
967 983 1154 1035 postulet?
1177 982 1244 1020 Est
1262 982 1388 1035 plane.
1411 982 1586 1027 Restius,
1607 977 1670 1020 et*
1683 995 1763 1034 quo

373 1052 415 1090 in
435 1065 585 1103 genere,
607 1051 703 1088 ficut
718 1051 757 1087 in
773 1049 915 1086 caeteris
932 1049 1151 1101 reipublicae
1170 1048 1354 1101 partibus,
1376 1048 1429 1086 est
1449 1061 1571 1100 operae
1591 1049 1761 1101 pretium

376 1118 616 1170 diligentiam
637 1117 828 1168 majorum
849 1115 1034 1152 recordari
1051 1133 1062 1159 ;
1094 1114 1162 1166 qui
1181 1114 1348 1152 colonias
1369 1114 1418 1151 fic
1439 1114 1585 1152 idoneis
1604 1115 1646 1152 in
1665 1114 1760 1152 locis

377 1193 508 1222 contra
541 1182 796 1234 suspicionem
830 1180 992 1232 periculi
1026 1180 1278 1223 collocarunt,
1319 1188 1363 1216 ut
1394 1178 1465 1216 effe
1502 1192 1581 1216 non
1619 1180 1761 1232 oppida

376 1250 510 1294 Italiae,
541 1248 601 1286 sed
622 1246 909 1300 propugnacula
927 1246 1094 1297 imperii,
1125 1245 1356 1283 viderentur.
1389 1245 1447 1282 Hi
1475 1244 1665 1283 deducent
1691 1259 1759 1283 co-

376 1315 495 1353 lonias
517 1315 555 1352 in
579 1327 640 1351 eos
661 1326 784 1365 agros,
815 1325 912 1363 quos
939 1312 1115 1349 emerint.
1148 1312 1341 1355 Etiamne,
1373 1310 1399 1348 fi
1429 1310 1650 1362 reipublicae
1682 1324 1762 1349 non

376 1381 583 1433 expediat?
615 1381 670 1418 Et
702 1379 738 1416 in
773 1393 852 1431 quae
881 1379 955 1416 loca
981 1387 1164 1431 praeterea
1193 1377 1388 1415 videbitur.
1421 1376 1529 1427 Qid
1559 1377 1678 1429 igitur
1707 1377 1761 1414 est

376 1446 508 1490 causae,
540 1446 635 1497 quin
657 1445 848 1482 coloniam
870 1445 910 1481 in
936 1443 1159 1494 Janiculuni
1180 1442 1319 1494 possint
1344 1442 1554 1487 deducere;
1586 1451 1624 1480 et
1649 1442 1762 1480 suum

375 1512 591 1566 praesidium
619 1512 658 1549 in
684 1511 806 1562 capite
832 1520 945 1561 atque
965 1509 1176 1547 cervicibus
1198 1508 1324 1546 vestris
1345 1508 1563 1546 collocare?
1594 1510 1669 1546 Tu*
1681 1522 1760 1547 non

375 1579 546 1624 definias,
576 1586 671 1629 quot
702 1575 884 1620 colonias,
914 1576 955 1613 in
987 1589 1071 1627 quae
1097 1574 1193 1618 loca,
1224 1588 1302 1626 quo
1328 1587 1490 1630 numero
1515 1574 1760 1620 colonorum,

376 1645 512 1683 deduci
532 1644 657 1682 veliS?
690 1652 732 1680 tu
751 1655 914 1694 occupes
936 1641 1083 1685 locum,
1115 1654 1233 1692 quem
1259 1640 1444 1678 idoneum
1470 1639 1516 1679 ad
1542 1640 1623 1678 vim
1654 1649 1761 1679 tuam

369 1710 552 1763 judicaris
572 1710 584 1746 ?
624 1707 817 1760 compleas
853 1719 1028 1750 numero,
1064 1705 1269 1743 confirmes
1304 1705 1488 1757 praefidio‚
1523 1718 1602 1756 quo
1633 1705 1726 1743 velis
1745 1705 1758 1742 ?

377 1777 511 1830 populi
532 1774 701 1813 Romani
722 1772 968 1824 vestigalibus
989 1780 1102 1823 atque
1121 1771 1304 1809 omnibus
1328 1771 1447 1822 copiis
1475 1770 1600 1822 ipsum
1630 1784 1758 1823 popu-

375 1843 459 1880 lum
481 1843 704 1879 Romanum
726 1851 910 1883 coerceas,
941 1838 1148 1891 opprimaS‚
1170 1836 1314 1889 redigas
1335 1836 1376 1873 in
1395 1835 1505 1874 istam
1525 1835 1758 1875 decemvira-

376 1909 454 1946 lem
476 1908 661 1945 ditionem
681 1919 722 1944 ac
743 1904 965 1958 potestatem
985 1905 996 1941 ?

430 1973 625 2012 XXVIII.
658 1973 714 2009 Ut
734 1984 822 2008 vero
842 1979 963 2008 totam
985 1970 1132 2008 Italiam
1155 1969 1229 2007 suis
1249 1968 1427 2022 praefidiis
1448 1968 1616 2007 obfidere
1645 1978 1760 2022 atque

374 2051 561 2090 occupare
580 2037 738 2089 cogitet,
761 2035 898 2088 qu'aeso‚
920 2036 1107 2087 Qirites,
1128 2035 1360 2088 cognoscite.
1384 2034 1581 2072 Permittit
1602 2034 1758 2073 decem-

375 2105 480 2149 viris,
512 2112 554 2141 ut
580 2103 620 2140 in
646 2103 776 2140 onmia
803 2102 1028 2153 municipia,
1059 2101 1099 2139 in
1127 2114 1261 2139 omnes
1287 2100 1470 2144 colonias,
1501 2100 1619 2137 totius
1641 2100 1760 2138 Italiae

375 2171 531 2210 colonos
555 2169 758 2212 deducant,
779 2181 875 2219 quos
896 2167 1015 2205 velint
1030 2186 1042 2212 3
1074 2167 1194 2219 iisque
1214 2167 1360 2205 colonis
1381 2179 1515 2218 agrum
1537 2165 1616 2203 dari
1630 2166 1756 2217 jubet.

374 2238 489 2276 Num
509 2235 666 2273 obscure
687 2235 846 2284 majores
867 2247 972 2286 opes,
1003 2246 1121 2285 quam
1140 2233 1295 2271 libertas
1315 2232 1431 2271 vestra
1451 2231 1528 2284 pati
1554 2231 1689 2283 potest,
1720 2240 1759 2270 et

376 2304 519 2353 majora
539 2300 716 2353 praefidia,
739 2300 987 2351 quaeruntur?
1009 2312 1106 2337 num
1126 2298 1284 2337 obscure
1304 2311 1466 2350 regnum
1487 2296 1755 2334 constituitur?

375 2381 471 2405 num
490 2366 647 2405 obscure
665 2365 819 2404 libertas
849 2365 966 2404 vestra
985 2364 1134 2403 tollitur
1152 2365 1165 2402 ?
1196 2365 1317 2409 Nam,
1347 2377 1440 2402 cum
1459 2363 1579 2401 iidem
1599 2375 1757 2400 omnem

376 2433 592 2486 pecuniam,
624 2432 836 2472 maximam
857 2430 1166 2478 multitudinem,
1195 2431 1236 2470 id
1256 2430 1321 2478 est,
1352 2438 1474 2471 totam
1495 2428 1661 2473 Italiam,
1682 2427 1757 2466 suis
