2212 2835
650 194 788 233 PRO
848 195 895 232 L.
956 192 1293 231 MURENA.
1607 206 1679 235 211

293 293 390 332 illud
412 302 591 346 tempus:
624 302 770 331 mutata
796 293 892 330 ratio
915 292 994 331 est:
1027 292 1075 330 fic
1103 292 1294 337 existimo,
1326 292 1376 329 fic
1404 290 1504 329 mihi
1532 289 1683 344 persua-

293 359 377 404 deo,
410 373 472 397 me
496 360 569 397 tibi
598 368 730 397 contra
755 357 944 396 honorem
974 359 1021 396 L.
1054 359 1243 402 Murenae,
1275 353 1467 409 quantum
1495 366 1538 394 tu
1569 369 1589 393 a
1623 368 1686 394 me

293 424 480 477 postulare
501 425 609 462 ausus
631 425 689 468 fis,
721 433 874 461 tanturn
895 423 1090 467 debuisse3
1122 432 1255 460 contra
1283 423 1457 467 salutem,
1490 421 1588 460 nihil
1619 421 1685 459 de-

294 490 395 529 bere.
428 491 569 542 Neque
594 491 700 528 enim
727 489 753 527 fi
781 489 853 527 tibi
880 498 980 533 tum,
1012 502 1104 526 cum
1127 497 1270 540 peteres
1291 488 1548 532 consulatum,
1579 486 1685 531 affui,

292 556 436 594 idcirco
455 569 574 599 nunc,
606 569 698 593 cum
719 555 929 593 Murenam
950 553 1077 606 ipsum
1098 562 1217 606 petas,
1249 553 1400 605 adjutor
1419 553 1555 592 eodem
1577 554 1686 605 paito

293 622 364 665 effe
390 622 523 661 debeo.
556 624 689 674 Atque
715 620 791 660 hoc
818 634 895 659 non
922 620 1040 658 modo
1069 634 1146 658 non
1173 619 1333 664 laudari,
1364 619 1426 658 sed
1452 633 1500 658 ne
1527 618 1690 658 concedi

293 687 466 740 quidem,
516 687 652 740 potest,
692 697 749 733 ut,
789 687 923 725 amicis
962 686 1097 725 nostris
1136 686 1415 732 accusantibus,
1455 699 1534 724 non
1571 685 1688 724 etiam

237 806 241 810 Ι
295 754 538 794 alieniffimos
559 742 824 794 defendamus.

351 821 424 859 IV.
456 819 566 859 Mihi
597 829 726 859 autem
754 833 845 858 cum
874 819 1054 863 Murena,
1086 818 1258 870 Judices,
1288 826 1327 857 et
1354 826 1461 856 vetus
1488 826 1527 856 et
1553 829 1692 870 magna

296 887 467 926 amicitia
486 887 552 932 est,
584 900 670 939 quae
690 887 730 924 in
751 886 887 939 capitis
907 885 1157 924 dimicatione
1177 899 1197 923 a
1218 887 1295 924 Ser.
1325 884 1498 938 Sulpicio
1526 897 1605 922 non
1630 883 1693 922 id-

297 954 402 992 circo
422 954 618 999 obruetur,
650 953 755 1006 quod
774 954 821 991 ab
842 953 978 991 eodem
999 953 1039 991 in
1062 951 1219 992 honoris
1248 952 1498 991 contentione
1524 951 1696 1005 superata

299 1019 365 1058 est.
397 1020 497 1071 Qae
526 1019 552 1057 s1
582 1019 690 1058 causa
723 1032 801 1057 non
836 1018 939 1064 effet,
970 1027 1100 1056 tamen
1130 1018 1191 1057 vel
1221 1018 1387 1072 dignitas
1416 1016 1603 1062 hominis,
1634 1016 1697 1055 vel

298 1084 456 1125 honoris
495 1086 591 1138 ejus,
631 1099 748 1138 quem
788 1085 946 1138 adeptus
985 1084 1051 1130 est,
1091 1084 1321 1137 amplitudo,
1361 1084 1555 1122 summam
1594 1082 1696 1122 mihi

300 1151 484 1207 superbiae
514 1151 824 1204 crudelitatisque
855 1150 1002 1189 famam
1031 1150 1227 1196 inuffiffet‚
1262 1151 1289 1189 fi
1323 1149 1512 1196 hominis,
1551 1159 1591 1189 et
1622 1149 1697 1189 suis

299 1228 339 1258 et
358 1219 493 1273 populi
511 1218 681 1257 Romani
701 1218 934 1257 ornamentis
955 1217 1194 1270 ampliffimi,
1226 1216 1378 1257 causam
1409 1218 1507 1256 tanti
1533 1216 1698 1270 periculi

301 1284 564 1338 repudiaffem.
597 1284 737 1338 Neque
765 1284 871 1323 enim
893 1285 976 1337 jam
1004 1282 1104 1322 mihi
1131 1283 1237 1329 licet,
1268 1296 1394 1337 neque
1412 1283 1466 1322 est
1485 1283 1697 1336 integrum,

301 1360 346 1390 ut
366 1364 500 1390 meum
520 1350 692 1390 laborem
712 1350 923 1390 hominum
942 1350 1124 1404 periculis
1144 1349 1386 1389 sublevandis
1411 1362 1489 1388 non
1517 1349 1698 1403 imperti-

302 1430 379 1457 am.
410 1418 533 1463 Nam,
564 1431 656 1456 cum
677 1417 833 1472 praemia
852 1415 954 1456 mihi
974 1425 1077 1455 tanta
1108 1430 1176 1470 pro
1206 1415 1279 1455 hac
1304 1415 1489 1455 industria
1508 1415 1581 1454 fint
1600 1415 1699 1461 data,

304 1493 447 1536 quanta
465 1493 575 1523 antea
592 1484 741 1523 nemini
756 1503 768 1529 ς
800 1483 960 1528 labores,
991 1496 1059 1535 per
1085 1496 1183 1534 quos
1212 1495 1253 1520 ea
1279 1483 1439 1537 ceperis,
1470 1496 1563 1522 cum
1582 1481 1700 1538 adep-

303 1558 366 1588 tus
387 1550 446 1594 fis,
477 1549 679 1602 deponere,
710 1549 799 1587 effet
817 1548 990 1587 hominis
1011 1556 1049 1586 et
1068 1547 1194 1593 astuti,
1224 1557 1264 1586 et
1291 1548 1446 1602 ingrati.

361 1614 479 1664 Qod
508 1615 535 1653 fi
565 1616 657 1653 licet
687 1615 865 1659 definere,
896 1614 923 1652 fi
945 1622 981 1652 te
1000 1615 1151 1651 auctore
1171 1612 1335 1666 poffum,
1366 1614 1394 1652 fi
1414 1614 1521 1653 nulla
1539 1614 1699 1661 inertiae,

305 1680 413 1720 nulla
443 1680 639 1734 superbiae,
671 1680 884 1733 turpitudo,
917 1679 1024 1718 nulla
1052 1678 1347 1719 inhumanitatis
1375 1680 1504 1734 culpa,
1540 1679 1701 1733 suscipi-

305 1754 370 1784 tur
383 1764 396 1790 ς
428 1759 500 1798 ego
520 1759 609 1784 vero
628 1745 793 1783 libenter
813 1745 952 1783 deslHO.
986 1745 1051 1783 Sin
1071 1754 1201 1784 autem
1220 1745 1313 1799 fuga
1332 1746 1472 1785 laboris
1504 1745 1700 1791 defidiam,

305 1811 518 1865 repudiatio
547 1810 768 1865 supplicum
796 1810 1029 1864 superbiam,
1060 1811 1277 1851 amicorum
1297 1812 1488 1866 neglectio
1506 1811 1701 1867 improbi-

306 1886 440 1923 tatem,
471 1878 672 1930 coarguit,
705 1877 894 1916 nimirum
924 1876 1006 1916 haec
1037 1877 1146 1916 causa
1174 1878 1227 1916 est
1256 1878 1459 1930 ejusmodi,
1490 1891 1610 1931 quam
1631 1890 1701 1917 nec

306 1939 526 1984 industrius,
559 1952 628 1978 nec
648 1938 876 1984 misericors,
897 1951 968 1977 nec
989 1939 1196 1985 officiosus,
1227 1939 1391 1978 deserere
1410 1939 1537 1994 poffit.
1569 1941 1703 1992 Atque

307 2004 468 2057 hujusce
497 2005 551 2043 rei
581 2006 841 2058 conjecturam
871 2004 918 2043 de
950 2014 1017 2044 tuo
1048 2005 1163 2058 ipfius
1191 2005 1328 2052 studio,
1363 2006 1481 2051 Servi,
1514 2005 1703 2045 facillime

308 2071 466 2124 ceperis.
498 2071 619 2117 Nam,
651 2071 677 2109 fi
705 2071 778 2109 tibi
803 2070 946 2109 neceffe
972 2080 1083 2125 putas
1110 2072 1225 2111 etiam
1250 2072 1465 2111 adversariis
1485 2071 1701 2111 amicorum

310 2146 468 2175 tuorum
498 2137 544 2175 de
570 2138 657 2190 jure
687 2136 976 2175 consulentibus
1008 2135 1258 2191 respondere;
1290 2146 1341 2184 et,
1373 2138 1399 2177 fi
1431 2147 1542 2191 turpe
1568 2137 1699 2177 existi-

309 2215 406 2248 maS,
446 2212 483 2240 te
517 2203 714 2249 advocato,
745 2203 859 2242 illum
893 2203 1035 2257 ipsum,
1075 2217 1194 2256 quem
1224 2212 1357 2242 contra
1391 2203 1552 2248 veneris,
1592 2201 1701 2240 causa

311 2269 469 2309 cadere:
501 2269 582 2307 noli
602 2278 680 2307 tam
701 2268 772 2307 effe
791 2268 967 2322 injustus,
998 2278 1056 2314 ut,
1087 2282 1179 2308 cum
1210 2270 1267 2307 tui
1293 2268 1419 2308 fontes
1449 2268 1507 2307 vel
1529 2267 1699 2306 inimicis

311 2335 388 2375 tuis
423 2343 589 2388 pateant,
633 2335 777 2374 nostros
811 2335 952 2375 rivulos
986 2336 1104 2375 etiam
1137 2335 1270 2374 amicis
1306 2344 1416 2389 putes
1451 2333 1594 2373 clausos
1630 2332 1700 2372 effe

310 2410 497 2455 oportere.

368 2468 541 2514 Etenim,
573 2467 599 2507 fi
630 2481 693 2507 me
724 2477 789 2508 tua
821 2467 1057 2508 familiaritas
1087 2469 1135 2510 ab
1167 2468 1240 2508 hac
1269 2466 1376 2506 causa
1407 2465 1633 2513 removisset,
1663 2473 1701 2506 et

1251 2534 1289 2573 D
1321 2533 1344 2571 d
1376 2545 1397 2573 2
