<?xml version="1.0" encoding="UTF-8"?>
<!DOCTYPE html PUBLIC "-//W3C//DTD XHTML 1.0 Transitional//EN"
    "http://www.w3.org/TR/xhtml1/DTD/xhtml1-transitional.dtd">
<html xmlns="http://www.w3.org/1999/xhtml" xml:lang="en" lang="en">
 <head>
  <title>
</title>
<meta http-equiv="Content-Type" content="text/html;charset=utf-8" />
  <meta name='ocr-system' content='tesseract 3.04.00' />
  <meta name='ocr-capabilities' content='ocr_page ocr_carea ocr_par ocr_line ocrx_word'/>
</head>
<body>
  <div class='ocr_page' id='page_1' title='image "./operacumindicibu05ciceuoft_0316.png"; bbox 0 0 2212 2835; ppageno 0'>
   <div class='ocr_carea' id='block_1_1' title="bbox 486 169 1398 237">
    <p class='ocr_par' dir='ltr' id='par_1_1' title="bbox 486 169 1398 237">
     <span class='ocr_line' id='line_1_1' title="bbox 486 169 1398 237; baseline -0.014 -17"><span class='ocrx_word' id='word_1_1' title='bbox 486 192 565 237; x_wconf 79' lang='lat'><strong>304</strong></span> <span class='ocrx_word' id='word_1_2' title='bbox 996 169 1398 210; x_wconf 81' lang='lat' dir='ltr'>ORATIO</span> 
     </span>
    </p>
   </div>
   <div class='ocr_carea' id='block_1_2' title="bbox 484 266 1901 2518">
    <p class='ocr_par' dir='ltr' id='par_1_2' title="bbox 484 266 1893 1391">
     <span class='ocr_line' id='line_1_2' title="bbox 540 266 1882 327; baseline -0.007 -13"><span class='ocrx_word' id='word_1_3' title='bbox 540 278 673 327; x_wconf 82' lang='lat' dir='ltr'><strong>Atque</strong></span> <span class='ocrx_word' id='word_1_4' title='bbox 707 272 747 311; x_wconf 85' lang='lat' dir='ltr'><strong>in</strong></span> <span class='ocrx_word' id='word_1_5' title='bbox 781 284 824 309; x_wconf 89' lang='lat' dir='ltr'><strong>ea</strong></span> <span class='ocrx_word' id='word_1_6' title='bbox 857 282 895 308; x_wconf 89' lang='lat' dir='ltr'><strong>re</strong></span> <span class='ocrx_word' id='word_1_7' title='bbox 930 282 998 322; x_wconf 88' lang='lat' dir='ltr'><strong>per</strong></span> <span class='ocrx_word' id='word_1_8' title='bbox 1031 270 1080 308; x_wconf 88' lang='lat' dir='ltr'><strong>L.</strong></span> <span class='ocrx_word' id='word_1_9' title='bbox 1105 268 1311 307; x_wconf 81' lang='lat' dir='ltr'><strong>Caecilium</strong></span> <span class='ocrx_word' id='word_1_10' title='bbox 1347 267 1448 320; x_wconf 81' lang='lat' dir='ltr'><strong>Sylla</strong></span> <span class='ocrx_word' id='word_1_11' title='bbox 1482 266 1700 312; x_wconf 83' lang='lat' dir='ltr'><strong>accusatur,</strong></span> <span class='ocrx_word' id='word_1_12' title='bbox 1731 266 1771 305; x_wconf 86' lang='lat' dir='ltr'><strong>in</strong></span> <span class='ocrx_word' id='word_1_13' title='bbox 1806 279 1882 320; x_wconf 81' lang='lat' dir='ltr'><strong>qua</strong></span> 
     </span>
     <span class='ocr_line' id='line_1_3' title="bbox 485 333 1880 392; baseline -0.007 -12"><span class='ocrx_word' id='word_1_14' title='bbox 485 356 523 381; x_wconf 82' lang='lat' dir='ltr'><strong>re</strong></span> <span class='ocrx_word' id='word_1_15' title='bbox 544 342 595 379; x_wconf 88' lang='lat' dir='ltr'><strong>est</strong></span> <span class='ocrx_word' id='word_1_16' title='bbox 618 349 778 392; x_wconf 88' lang='lat' dir='ltr'><strong>uterque</strong></span> <span class='ocrx_word' id='word_1_17' title='bbox 798 336 1024 375; x_wconf 86' lang='lat' dir='ltr'><strong>laudandus.</strong></span> <span class='ocrx_word' id='word_1_18' title='bbox 1062 336 1242 374; x_wconf 89' lang='lat' dir='ltr'><strong>Primum</strong></span> <span class='ocrx_word' id='word_1_19' title='bbox 1264 334 1446 373; x_wconf 80' lang='lat' dir='ltr'><strong>Caecilius</strong></span> <span class='ocrx_word' id='word_1_20' title='bbox 1459 335 1500 379; x_wconf 37' lang='grc' dir='ltr'><strong>ἦε,</strong></span> <span class='ocrx_word' id='word_1_21' title='bbox 1532 334 1601 386; x_wconf 88' lang='lat' dir='ltr'><strong>qui</strong></span> <span class='ocrx_word' id='word_1_22' title='bbox 1632 333 1672 371; x_wconf 90' lang='lat' dir='ltr'><strong>id</strong></span> <span class='ocrx_word' id='word_1_23' title='bbox 1701 333 1880 387; x_wconf 90' lang='lat' dir='ltr'><strong>promul-</strong></span> 
     </span>
     <span class='ocr_line' id='line_1_4' title="bbox 484 399 1883 462; baseline -0.006 -16"><span class='ocrx_word' id='word_1_24' title='bbox 484 409 582 462; x_wconf 87' lang='lat' dir='ltr'><strong>garit</strong></span> <span class='ocrx_word' id='word_1_25' title='bbox 597 437 607 453; x_wconf 93' lang='lat'>‚</span> <span class='ocrx_word' id='word_1_26' title='bbox 639 407 680 445; x_wconf 89' lang='lat' dir='ltr'><strong>in</strong></span> <span class='ocrx_word' id='word_1_27' title='bbox 702 419 780 458; x_wconf 91' lang='lat' dir='ltr'><strong>quo</strong></span> <span class='ocrx_word' id='word_1_28' title='bbox 801 417 857 443; x_wconf 80' lang='lat' dir='ltr'><strong>res</strong></span> <span class='ocrx_word' id='word_1_29' title='bbox 873 403 1061 456; x_wconf 83' lang='lat' dir='ltr'><strong>judicatas</strong></span> <span class='ocrx_word' id='word_1_30' title='bbox 1081 401 1283 440; x_wconf 87' lang='lat' dir='ltr'><strong>videbatur</strong></span> <span class='ocrx_word' id='word_1_31' title='bbox 1302 400 1461 440; x_wconf 84' lang='lat' dir='ltr'><strong>voluiffe</strong></span> <span class='ocrx_word' id='word_1_32' title='bbox 1481 400 1689 439; x_wconf 84' lang='lat' dir='ltr'><strong>rescindere</strong></span> <span class='ocrx_word' id='word_1_33' title='bbox 1703 429 1714 446; x_wconf 93' lang='lat'><em>‚</em></span> <span class='ocrx_word' id='word_1_34' title='bbox 1746 408 1790 438; x_wconf 88' lang='lat' dir='ltr'><strong>ut</strong></span> <span class='ocrx_word' id='word_1_35' title='bbox 1809 399 1883 437; x_wconf 87' lang='lat' dir='ltr'><strong>sta-</strong></span> 
     </span>
     <span class='ocr_line' id='line_1_5' title="bbox 486 465 1883 524; baseline -0.007 -10"><span class='ocrx_word' id='word_1_36' title='bbox 486 484 656 514; x_wconf 79' lang='lat' dir='ltr'><strong>tueretur</strong></span> <span class='ocrx_word' id='word_1_37' title='bbox 674 488 681 512; x_wconf 91' lang='lat'><strong>:</strong></span> <span class='ocrx_word' id='word_1_38' title='bbox 706 472 808 524; x_wconf 88' lang='lat' dir='ltr'><strong>Sylla</strong></span> <span class='ocrx_word' id='word_1_39' title='bbox 827 473 927 509; x_wconf 69' lang='lat' dir='ltr'><strong>reete</strong></span> <span class='ocrx_word' id='word_1_40' title='bbox 947 468 1207 522; x_wconf 84' lang='lat' dir='ltr'><strong>reprehendit.</strong></span> <span class='ocrx_word' id='word_1_41' title='bbox 1239 470 1365 507; x_wconf 84' lang='lat' dir='ltr'><strong>Status</strong></span> <span class='ocrx_word' id='word_1_42' title='bbox 1388 468 1492 506; x_wconf 88' lang='lat' dir='ltr'><strong>enim</strong></span> <span class='ocrx_word' id='word_1_43' title='bbox 1514 467 1736 521; x_wconf 88' lang='lat' dir='ltr'><strong>reipublicae</strong></span> <span class='ocrx_word' id='word_1_44' title='bbox 1756 465 1883 504; x_wconf 87' lang='lat' dir='ltr'><strong>maxi-</strong></span> 
     </span>
     <span class='ocr_line' id='line_1_6' title="bbox 486 531 1885 593; baseline -0.006 -13"><span class='ocrx_word' id='word_1_45' title='bbox 486 555 550 581; x_wconf 87' lang='lat' dir='ltr'><strong>me</strong></span> <span class='ocrx_word' id='word_1_46' title='bbox 569 540 748 593; x_wconf 82' lang='lat' dir='ltr'><strong>judicatis</strong></span> <span class='ocrx_word' id='word_1_47' title='bbox 767 539 882 577; x_wconf 85' lang='lat' dir='ltr'><strong>rebus</strong></span> <span class='ocrx_word' id='word_1_48' title='bbox 901 536 1135 574; x_wconf 86' lang='lat' dir='ltr'><strong>continetur.</strong></span> <span class='ocrx_word' id='word_1_49' title='bbox 1155 535 1295 587; x_wconf 89' lang='lat' dir='ltr'><strong>Neque</strong></span> <span class='ocrx_word' id='word_1_50' title='bbox 1315 548 1386 587; x_wconf 82' lang='lat' dir='ltr'><strong>ego</strong></span> <span class='ocrx_word' id='word_1_51' title='bbox 1408 543 1560 573; x_wconf 89' lang='lat' dir='ltr'><strong>tantum</strong></span> <span class='ocrx_word' id='word_1_52' title='bbox 1580 534 1747 572; x_wconf 89' lang='lat' dir='ltr'><strong>fraterno</strong></span> <span class='ocrx_word' id='word_1_53' title='bbox 1762 531 1885 571; x_wconf 86' lang='lat' dir='ltr'><strong>amori</strong></span> 
     </span>
     <span class='ocr_line' id='line_1_7' title="bbox 485 600 1884 655; baseline -0.007 -8"><span class='ocrx_word' id='word_1_54' title='bbox 485 607 657 647; x_wconf 91' lang='lat' dir='ltr'><strong>dandum</strong></span> <span class='ocrx_word' id='word_1_55' title='bbox 677 605 852 650; x_wconf 84' lang='lat' dir='ltr'><strong>arbitror,</strong></span> <span class='ocrx_word' id='word_1_56' title='bbox 883 612 927 641; x_wconf 91' lang='lat' dir='ltr'><strong>ut</strong></span> <span class='ocrx_word' id='word_1_57' title='bbox 947 602 1152 655; x_wconf 90' lang='lat' dir='ltr'><strong>quisquam</strong></span> <span class='ocrx_word' id='word_1_58' title='bbox 1174 603 1220 639; x_wconf 92' lang='lat' dir='ltr'><strong>de</strong></span> <span class='ocrx_word' id='word_1_59' title='bbox 1240 601 1358 639; x_wconf 88' lang='lat' dir='ltr'><strong>salute</strong></span> <span class='ocrx_word' id='word_1_60' title='bbox 1378 601 1533 640; x_wconf 90' lang='lat' dir='ltr'><strong>suorum</strong></span> <span class='ocrx_word' id='word_1_61' title='bbox 1553 600 1739 645; x_wconf 89' lang='lat' dir='ltr'><strong>consulat,</strong></span> <span class='ocrx_word' id='word_1_62' title='bbox 1771 612 1884 637; x_wconf 91' lang='lat' dir='ltr'><strong>com-</strong></span> 
     </span>
     <span class='ocr_line' id='line_1_8' title="bbox 487 665 1885 724; baseline -0.006 -11"><span class='ocrx_word' id='word_1_63' title='bbox 487 687 650 713; x_wconf 88' lang='lat' dir='ltr'><strong>munem</strong></span> <span class='ocrx_word' id='word_1_64' title='bbox 671 672 877 724; x_wconf 88' lang='lat' dir='ltr'><strong>relinquat.</strong></span> <span class='ocrx_word' id='word_1_65' title='bbox 909 668 1028 708; x_wconf 86' lang='lat' dir='ltr'><strong>Nihil</strong></span> <span class='ocrx_word' id='word_1_66' title='bbox 1048 668 1260 721; x_wconf 82' lang='lat' dir='ltr'><strong>dejudicio</strong></span> <span class='ocrx_word' id='word_1_67' title='bbox 1280 667 1424 706; x_wconf 88' lang='lat' dir='ltr'><strong>ferebat</strong></span> <span class='ocrx_word' id='word_1_68' title='bbox 1440 686 1451 712; x_wconf 76' lang='lat'>3</span> <span class='ocrx_word' id='word_1_69' title='bbox 1485 668 1545 706; x_wconf 86' lang='lat' dir='ltr'><strong>sed</strong></span> <span class='ocrx_word' id='word_1_70' title='bbox 1573 680 1730 720; x_wconf 78' lang='lat' dir='ltr'><strong>poenam</strong></span> <span class='ocrx_word' id='word_1_71' title='bbox 1756 665 1885 704; x_wconf 83' lang='lat' dir='ltr'><strong>ambi-</strong></span> 
     </span>
     <span class='ocr_line' id='line_1_9' title="bbox 489 732 1884 788; baseline -0.006 -8"><span class='ocrx_word' id='word_1_72' title='bbox 489 751 550 781; x_wconf 86' lang='lat' dir='ltr'><strong>tus</strong></span> <span class='ocrx_word' id='word_1_73' title='bbox 571 754 655 778; x_wconf 86' lang='lat' dir='ltr'><strong>eam</strong></span> <span class='ocrx_word' id='word_1_74' title='bbox 676 738 822 776; x_wconf 90' lang='lat' dir='ltr'><strong>ferebat</strong></span> <span class='ocrx_word' id='word_1_75' title='bbox 836 766 847 781; x_wconf 93' lang='lat'><strong>,</strong></span> <span class='ocrx_word' id='word_1_76' title='bbox 878 749 964 788; x_wconf 83' lang='lat' dir='ltr'><strong>quae</strong></span> <span class='ocrx_word' id='word_1_77' title='bbox 991 733 1115 772; x_wconf 89' lang='lat' dir='ltr'><strong>fuerat</strong></span> <span class='ocrx_word' id='word_1_78' title='bbox 1142 748 1263 787; x_wconf 89' lang='lat' dir='ltr'><strong>nuper</strong></span> <span class='ocrx_word' id='word_1_79' title='bbox 1291 734 1546 787; x_wconf 87' lang='lat' dir='ltr'><strong>superioribus</strong></span> <span class='ocrx_word' id='word_1_80' title='bbox 1567 734 1718 786; x_wconf 85' lang='lat' dir='ltr'><strong>legibus</strong></span> <span class='ocrx_word' id='word_1_81' title='bbox 1739 732 1884 772; x_wconf 87' lang='lat' dir='ltr'><strong>consti-</strong></span> 
     </span>
     <span class='ocr_line' id='line_1_10' title="bbox 489 798 1885 857; baseline -0.006 -12"><span class='ocrx_word' id='word_1_82' title='bbox 489 816 597 846; x_wconf 88' lang='lat' dir='ltr'><strong>tuta:</strong></span> <span class='ocrx_word' id='word_1_83' title='bbox 631 806 761 857; x_wconf 90' lang='lat' dir='ltr'><strong>itaque</strong></span> <span class='ocrx_word' id='word_1_84' title='bbox 787 802 860 840; x_wconf 88' lang='lat' dir='ltr'><strong>hac</strong></span> <span class='ocrx_word' id='word_1_85' title='bbox 885 800 1084 853; x_wconf 85' lang='lat' dir='ltr'><strong>rogatione</strong></span> <span class='ocrx_word' id='word_1_86' title='bbox 1114 813 1192 838; x_wconf 88' lang='lat' dir='ltr'><strong>non</strong></span> <span class='ocrx_word' id='word_1_87' title='bbox 1213 799 1396 851; x_wconf 85' lang='lat' dir='ltr'><strong>judicum</strong></span> <span class='ocrx_word' id='word_1_88' title='bbox 1423 799 1676 844; x_wconf 82' lang='lat' dir='ltr'><strong>sententiam,</strong></span> <span class='ocrx_word' id='word_1_89' title='bbox 1708 798 1770 837; x_wconf 90' lang='lat' dir='ltr'><strong>sed</strong></span> <span class='ocrx_word' id='word_1_90' title='bbox 1790 798 1885 851; x_wconf 80' lang='lat' dir='ltr'><strong>legis</strong></span> 
     </span>
     <span class='ocr_line' id='line_1_11' title="bbox 488 863 1889 922; baseline -0.008 -11"><span class='ocrx_word' id='word_1_91' title='bbox 488 873 644 915; x_wconf 89' lang='lat' dir='ltr'><strong>vitium,</strong></span> <span class='ocrx_word' id='word_1_92' title='bbox 676 868 903 922; x_wconf 86' lang='lat' dir='ltr'><strong>corrigebat.</strong></span> <span class='ocrx_word' id='word_1_93' title='bbox 936 866 1070 905; x_wconf 90' lang='lat' dir='ltr'><strong>Nemo</strong></span> <span class='ocrx_word' id='word_1_94' title='bbox 1083 865 1280 918; x_wconf 87' lang='lat' dir='ltr'><strong>judicium</strong></span> <span class='ocrx_word' id='word_1_95' title='bbox 1306 863 1565 917; x_wconf 85' lang='lat' dir='ltr'><strong>reprehendit,</strong></span> <span class='ocrx_word' id='word_1_96' title='bbox 1595 877 1688 902; x_wconf 92' lang='lat' dir='ltr'><strong>cum</strong></span> <span class='ocrx_word' id='word_1_97' title='bbox 1709 865 1755 901; x_wconf 89' lang='lat' dir='ltr'><strong>de</strong></span> <span class='ocrx_word' id='word_1_98' title='bbox 1775 876 1889 916; x_wconf 86' lang='lat' dir='ltr'><strong>poena</strong></span> 
     </span>
     <span class='ocr_line' id='line_1_12' title="bbox 489 931 1888 992; baseline -0.007 -15"><span class='ocrx_word' id='word_1_99' title='bbox 489 939 664 992; x_wconf 86' lang='lat' dir='ltr'><strong>queritur</strong></span> <span class='ocrx_word' id='word_1_100' title='bbox 678 967 688 983; x_wconf 92' lang='lat'><strong>,</strong></span> <span class='ocrx_word' id='word_1_101' title='bbox 719 936 783 974; x_wconf 89' lang='lat' dir='ltr'><strong>sed</strong></span> <span class='ocrx_word' id='word_1_102' title='bbox 803 936 931 988; x_wconf 87' lang='lat' dir='ltr'><strong>legem</strong></span> <span class='ocrx_word' id='word_1_103' title='bbox 949 947 959 972; x_wconf 72' lang='grc' dir='ltr'>ε</span> <span class='ocrx_word' id='word_1_104' title='bbox 991 932 1188 970; x_wconf 86' lang='lat' dir='ltr'><strong>damnatio</strong></span> <span class='ocrx_word' id='word_1_105' title='bbox 1213 932 1319 970; x_wconf 87' lang='lat' dir='ltr'><strong>enim</strong></span> <span class='ocrx_word' id='word_1_106' title='bbox 1341 931 1393 969; x_wconf 91' lang='lat' dir='ltr'><strong>est</strong></span> <span class='ocrx_word' id='word_1_107' title='bbox 1407 931 1590 983; x_wconf 85' lang='lat' dir='ltr'><strong>judicum</strong></span> <span class='ocrx_word' id='word_1_108' title='bbox 1605 959 1616 976; x_wconf 97' lang='lat'><strong>,</strong></span> <span class='ocrx_word' id='word_1_109' title='bbox 1648 944 1733 983; x_wconf 84' lang='lat' dir='ltr'><strong>quae</strong></span> <span class='ocrx_word' id='word_1_110' title='bbox 1754 942 1888 968; x_wconf 90' lang='lat' dir='ltr'><strong>mane-</strong></span> 
     </span>
     <span class='ocr_line' id='line_1_13' title="bbox 491 997 1891 1058; baseline -0.007 -14"><span class='ocrx_word' id='word_1_111' title='bbox 491 1007 555 1044; x_wconf 91' lang='lat' dir='ltr'><strong>bat</strong></span> <span class='ocrx_word' id='word_1_112' title='bbox 573 1024 583 1050; x_wconf 83' lang='lat'>;</span> <span class='ocrx_word' id='word_1_113' title='bbox 616 1016 729 1058; x_wconf 88' lang='lat' dir='ltr'><strong>poena</strong></span> <span class='ocrx_word' id='word_1_114' title='bbox 763 1002 858 1054; x_wconf 84' lang='lat' dir='ltr'><strong>legis</strong></span> <span class='ocrx_word' id='word_1_115' title='bbox 873 1030 884 1047; x_wconf 91' lang='lat'><strong>,</strong></span> <span class='ocrx_word' id='word_1_116' title='bbox 920 1014 1004 1053; x_wconf 86' lang='lat' dir='ltr'><strong>quae</strong></span> <span class='ocrx_word' id='word_1_117' title='bbox 1038 999 1247 1038; x_wconf 88' lang='lat' dir='ltr'><strong>levabatur.</strong></span> <span class='ocrx_word' id='word_1_118' title='bbox 1286 998 1385 1036; x_wconf 88' lang='lat' dir='ltr'><strong>Noli</strong></span> <span class='ocrx_word' id='word_1_119' title='bbox 1420 998 1539 1051; x_wconf 84' lang='lat' dir='ltr'><strong>igitur</strong></span> <span class='ocrx_word' id='word_1_120' title='bbox 1570 997 1720 1036; x_wconf 87' lang='lat' dir='ltr'><strong>animos</strong></span> <span class='ocrx_word' id='word_1_121' title='bbox 1755 1010 1891 1035; x_wconf 91' lang='lat' dir='ltr'><strong>eorum</strong></span> 
     </span>
     <span class='ocr_line' id='line_1_14' title="bbox 490 1063 1890 1122; baseline -0.006 -12"><span class='ocrx_word' id='word_1_122' title='bbox 490 1072 689 1115; x_wconf 83' lang='lat' dir='ltr'><strong>ord-inum,</strong></span> <span class='ocrx_word' id='word_1_123' title='bbox 711 1069 780 1122; x_wconf 89' lang='lat' dir='ltr'><strong>qui</strong></span> <span class='ocrx_word' id='word_1_124' title='bbox 801 1067 965 1121; x_wconf 83' lang='lat' dir='ltr'><strong>praesunt</strong></span> <span class='ocrx_word' id='word_1_125' title='bbox 980 1066 1138 1119; x_wconf 84' lang='lat' dir='ltr'><strong>judiciis</strong></span> <span class='ocrx_word' id='word_1_126' title='bbox 1159 1065 1311 1103; x_wconf 90' lang='lat' dir='ltr'><strong>summa</strong></span> <span class='ocrx_word' id='word_1_127' title='bbox 1325 1078 1419 1102; x_wconf 84' lang='lat' dir='ltr'><strong>cum</strong></span> <span class='ocrx_word' id='word_1_128' title='bbox 1437 1065 1619 1117; x_wconf 79' lang='lat' dir='ltr'><strong>gravitate</strong></span> <span class='ocrx_word' id='word_1_129' title='bbox 1635 1073 1671 1102; x_wconf 91' lang='lat' dir='ltr'><strong>et</strong></span> <span class='ocrx_word' id='word_1_130' title='bbox 1688 1063 1890 1116; x_wconf 86' lang='lat' dir='ltr'><strong>dignitate,</strong></span> 
     </span>
     <span class='ocr_line' id='line_1_15' title="bbox 491 1128 1893 1183; baseline -0.006 -6"><span class='ocrx_word' id='word_1_131' title='bbox 491 1140 651 1177; x_wconf 80' lang='lat' dir='ltr'><strong>alienare</strong></span> <span class='ocrx_word' id='word_1_132' title='bbox 671 1151 691 1175; x_wconf 93' lang='lat' dir='ltr'><strong>a</strong></span> <span class='ocrx_word' id='word_1_133' title='bbox 711 1135 832 1175; x_wconf 73' lang='lat' dir='ltr'><strong>causa,</strong></span> <span class='ocrx_word' id='word_1_134' title='bbox 865 1135 999 1174; x_wconf 88' lang='lat' dir='ltr'><strong>Nemo</strong></span> <span class='ocrx_word' id='word_1_135' title='bbox 1020 1131 1246 1171; x_wconf 65' lang='lat' dir='ltr'><strong>labefactare</strong></span> <span class='ocrx_word' id='word_1_136' title='bbox 1266 1132 1463 1183; x_wconf 85' lang='lat' dir='ltr'><strong>judicium</strong></span> <span class='ocrx_word' id='word_1_137' title='bbox 1492 1131 1544 1168; x_wconf 89' lang='lat' dir='ltr'><strong>est</strong></span> <span class='ocrx_word' id='word_1_138' title='bbox 1570 1140 1758 1169; x_wconf 87' lang='lat' dir='ltr'><strong>conatus:</strong></span> <span class='ocrx_word' id='word_1_139' title='bbox 1791 1128 1893 1168; x_wconf 87' lang='lat' dir='ltr'><strong>nihil</strong></span> 
     </span>
     <span class='ocr_line' id='line_1_16' title="bbox 490 1195 1890 1257; baseline -0.007 -13"><span class='ocrx_word' id='word_1_140' title='bbox 490 1206 544 1245; x_wconf 84' lang='lat' dir='ltr'><strong>est</strong></span> <span class='ocrx_word' id='word_1_141' title='bbox 563 1204 751 1257; x_wconf 88' lang='lat' dir='ltr'><strong>ejusmodi</strong></span> <span class='ocrx_word' id='word_1_142' title='bbox 773 1201 1064 1255; x_wconf 86' lang='lat' dir='ltr'><strong>promulgatum</strong></span> <span class='ocrx_word' id='word_1_143' title='bbox 1085 1214 1093 1237; x_wconf 89' lang='lat'>:</span> <span class='ocrx_word' id='word_1_144' title='bbox 1126 1199 1275 1251; x_wconf 86' lang='lat' dir='ltr'><strong>semper</strong></span> <span class='ocrx_word' id='word_1_145' title='bbox 1297 1198 1476 1236; x_wconf 82' lang='lat' dir='ltr'><strong>Caecilius</strong></span> <span class='ocrx_word' id='word_1_146' title='bbox 1502 1198 1541 1235; x_wconf 88' lang='lat' dir='ltr'><strong>in</strong></span> <span class='ocrx_word' id='word_1_147' title='bbox 1569 1197 1785 1235; x_wconf 82' lang='lat' dir='ltr'><strong>calamitate</strong></span> <span class='ocrx_word' id='word_1_148' title='bbox 1810 1195 1890 1234; x_wconf 88' lang='lat' dir='ltr'><strong>fra—</strong></span> 
     </span>
     <span class='ocr_line' id='line_1_17' title="bbox 492 1263 1891 1323; baseline -0.006 -13"><span class='ocrx_word' id='word_1_149' title='bbox 492 1272 560 1310; x_wconf 83' lang='lat' dir='ltr'><strong>tris</strong></span> <span class='ocrx_word' id='word_1_150' title='bbox 596 1270 651 1309; x_wconf 90' lang='lat' dir='ltr'><strong>sui</strong></span> <span class='ocrx_word' id='word_1_151' title='bbox 680 1269 863 1323; x_wconf 91' lang='lat' dir='ltr'><strong>judicum</strong></span> <span class='ocrx_word' id='word_1_152' title='bbox 892 1266 1120 1322; x_wconf 84' lang='lat' dir='ltr'><strong>potestatem</strong></span> <span class='ocrx_word' id='word_1_153' title='bbox 1150 1263 1476 1320; x_wconf 82' lang='lat' dir='ltr'><strong>perpetuandam,</strong></span> <span class='ocrx_word' id='word_1_154' title='bbox 1514 1263 1610 1317; x_wconf 78' lang='lat' dir='ltr'><strong>legis</strong></span> <span class='ocrx_word' id='word_1_155' title='bbox 1640 1263 1891 1302; x_wconf 87' lang='lat' dir='ltr'><strong>acerbitatem</strong></span> 
     </span>
     <span class='ocr_line' id='line_1_18' title="bbox 493 1336 959 1391; baseline -0.009 -13"><span class='ocrx_word' id='word_1_156' title='bbox 493 1338 764 1391; x_wconf 82' lang='lat' dir='ltr'><strong>mitigandam,</strong></span> <span class='ocrx_word' id='word_1_157' title='bbox 797 1336 959 1390; x_wconf 79' lang='lat' dir='ltr'><strong>putavit.</strong></span> 
     </span>
    </p>

    <p class='ocr_par' dir='ltr' id='par_1_3' title="bbox 494 1397 1901 2454">
     <span class='ocr_line' id='line_1_19' title="bbox 550 1397 1892 1456; baseline -0.005 -12"><span class='ocrx_word' id='word_1_158' title='bbox 550 1406 706 1444; x_wconf 83' lang='lat' dir='ltr'><strong>XXIII.</strong></span> <span class='ocrx_word' id='word_1_159' title='bbox 740 1405 811 1442; x_wconf 85' lang='lat' dir='ltr'><strong>Sed</strong></span> <span class='ocrx_word' id='word_1_160' title='bbox 832 1403 929 1456; x_wconf 88' lang='lat' dir='ltr'><strong>quid</strong></span> <span class='ocrx_word' id='word_1_161' title='bbox 948 1416 1019 1456; x_wconf 86' lang='lat' dir='ltr'><strong>ego</strong></span> <span class='ocrx_word' id='word_1_162' title='bbox 1040 1402 1086 1440; x_wconf 91' lang='lat' dir='ltr'><strong>de</strong></span> <span class='ocrx_word' id='word_1_163' title='bbox 1110 1400 1188 1440; x_wconf 76' lang='lat' dir='ltr'><strong>vhoc</strong></span> <span class='ocrx_word' id='word_1_164' title='bbox 1219 1402 1327 1455; x_wconf 89' lang='lat' dir='ltr'><strong>plura</strong></span> <span class='ocrx_word' id='word_1_165' title='bbox 1347 1400 1539 1455; x_wconf 89' lang='lat' dir='ltr'><strong>disputem</strong></span> <span class='ocrx_word' id='word_1_166' title='bbox 1560 1402 1571 1439; x_wconf 89' lang='lat'>?</span> <span class='ocrx_word' id='word_1_167' title='bbox 1604 1400 1788 1439; x_wconf 87' lang='lat' dir='ltr'><strong>Dicerem</strong></span> <span class='ocrx_word' id='word_1_168' title='bbox 1809 1397 1892 1437; x_wconf 89' lang='lat' dir='ltr'><strong>for-</strong></span> 
     </span>
     <span class='ocr_line' id='line_1_20' title="bbox 494 1468 1893 1522; baseline -0.004 -11"><span class='ocrx_word' id='word_1_169' title='bbox 494 1472 595 1517; x_wconf 78' lang='lat' dir='ltr'><strong>taffe,</strong></span> <span class='ocrx_word' id='word_1_170' title='bbox 615 1482 651 1510; x_wconf 89' lang='lat' dir='ltr'><strong>et</strong></span> <span class='ocrx_word' id='word_1_171' title='bbox 671 1471 784 1510; x_wconf 86' lang='lat' dir='ltr'><strong>facile</strong></span> <span class='ocrx_word' id='word_1_172' title='bbox 804 1480 840 1509; x_wconf 89' lang='lat' dir='ltr'><strong>et</strong></span> <span class='ocrx_word' id='word_1_173' title='bbox 860 1471 1026 1508; x_wconf 82' lang='lat' dir='ltr'><strong>libenter</strong></span> <span class='ocrx_word' id='word_1_174' title='bbox 1045 1469 1229 1506; x_wconf 87' lang='lat' dir='ltr'><strong>dicerem.</strong></span> <span class='ocrx_word' id='word_1_175' title='bbox 1253 1469 1291 1506; x_wconf 88' lang='lat' dir='ltr'><strong>Si</strong></span> <span class='ocrx_word' id='word_1_176' title='bbox 1312 1469 1427 1522; x_wconf 89' lang='lat' dir='ltr'><strong>paulo</strong></span> <span class='ocrx_word' id='word_1_177' title='bbox 1447 1469 1563 1507; x_wconf 86' lang='lat' dir='ltr'><strong>etiam</strong></span> <span class='ocrx_word' id='word_1_178' title='bbox 1584 1468 1753 1521; x_wconf 83' lang='lat' dir='ltr'><strong>longius,</strong></span> <span class='ocrx_word' id='word_1_179' title='bbox 1775 1479 1893 1519; x_wconf 83' lang='lat' dir='ltr'><strong>quam</strong></span> 
     </span>
     <span class='ocr_line' id='line_1_21' title="bbox 495 1533 1892 1591; baseline -0.004 -14"><span class='ocrx_word' id='word_1_180' title='bbox 495 1539 583 1578; x_wconf 81' lang='lat' dir='ltr'><strong>finis</strong></span> <span class='ocrx_word' id='word_1_181' title='bbox 618 1537 835 1591; x_wconf 83' lang='lat' dir='ltr'><strong>quotidiani</strong></span> <span class='ocrx_word' id='word_1_182' title='bbox 868 1535 989 1574; x_wconf 86' lang='lat' dir='ltr'><strong>officii</strong></span> <span class='ocrx_word' id='word_1_183' title='bbox 1021 1534 1202 1588; x_wconf 86' lang='lat' dir='ltr'><strong>postulat,</strong></span> <span class='ocrx_word' id='word_1_184' title='bbox 1243 1535 1360 1587; x_wconf 85' lang='lat' dir='ltr'><strong>pietas</strong></span> <span class='ocrx_word' id='word_1_185' title='bbox 1400 1544 1439 1573; x_wconf 90' lang='lat' dir='ltr'><strong>et</strong></span> <span class='ocrx_word' id='word_1_186' title='bbox 1473 1534 1661 1573; x_wconf 85' lang='lat' dir='ltr'><strong>fraternus</strong></span> <span class='ocrx_word' id='word_1_187' title='bbox 1700 1546 1810 1571; x_wconf 88' lang='lat' dir='ltr'><strong>amor</strong></span> <span class='ocrx_word' id='word_1_188' title='bbox 1842 1533 1892 1570; x_wconf 91' lang='lat' dir='ltr'><strong>L.</strong></span> 
     </span>
     <span class='ocr_line' id='line_1_22' title="bbox 496 1598 1898 1657; baseline -0.004 -14"><span class='ocrx_word' id='word_1_189' title='bbox 496 1605 701 1643; x_wconf 85' lang='lat' dir='ltr'><strong>Caecilium</strong></span> <span class='ocrx_word' id='word_1_190' title='bbox 724 1602 964 1657; x_wconf 85' lang='lat' dir='ltr'><strong>protuliffet;</strong></span> <span class='ocrx_word' id='word_1_191' title='bbox 996 1601 1246 1654; x_wconf 88' lang='lat' dir='ltr'><strong>implorarem</strong></span> <span class='ocrx_word' id='word_1_192' title='bbox 1266 1599 1390 1638; x_wconf 87' lang='lat' dir='ltr'><strong>sensus</strong></span> <span class='ocrx_word' id='word_1_193' title='bbox 1411 1601 1549 1639; x_wconf 87' lang='lat' dir='ltr'><strong>vestros</strong></span> <span class='ocrx_word' id='word_1_194' title='bbox 1567 1616 1577 1639; x_wconf 78' lang='lat' dir='ltr'><strong><em>z</em></strong></span> <span class='ocrx_word' id='word_1_195' title='bbox 1601 1598 1898 1652; x_wconf 85' lang='lat' dir='ltr'><strong>uniuscujusque</strong></span> 
     </span>
     <span class='ocr_line' id='line_1_23' title="bbox 495 1664 1897 1724; baseline -0.006 -14"><span class='ocrx_word' id='word_1_196' title='bbox 495 1671 779 1724; x_wconf 88' lang='lat' dir='ltr'><strong>indulgentiam</strong></span> <span class='ocrx_word' id='word_1_197' title='bbox 800 1670 841 1707; x_wconf 87' lang='lat' dir='ltr'><strong>in</strong></span> <span class='ocrx_word' id='word_1_198' title='bbox 861 1669 946 1707; x_wconf 91' lang='lat' dir='ltr'><strong>suos</strong></span> <span class='ocrx_word' id='word_1_199' title='bbox 967 1667 1141 1706; x_wconf 85' lang='lat' dir='ltr'><strong>testarer:</strong></span> <span class='ocrx_word' id='word_1_200' title='bbox 1174 1677 1344 1719; x_wconf 86' lang='lat' dir='ltr'><strong>peterem</strong></span> <span class='ocrx_word' id='word_1_201' title='bbox 1365 1677 1487 1705; x_wconf 86' lang='lat' dir='ltr'><strong>errato</strong></span> <span class='ocrx_word' id='word_1_202' title='bbox 1507 1668 1659 1706; x_wconf 86' lang='lat' dir='ltr'><strong>veniam</strong></span> <span class='ocrx_word' id='word_1_203' title='bbox 1680 1667 1729 1705; x_wconf 90' lang='lat' dir='ltr'><strong>L.</strong></span> <span class='ocrx_word' id='word_1_204' title='bbox 1746 1664 1897 1703; x_wconf 85' lang='lat' dir='ltr'><strong>Caecilii</strong></span> 
     </span>
     <span class='ocr_line' id='line_1_24' title="bbox 495 1730 1893 1787; baseline -0.005 -11"><span class='ocrx_word' id='word_1_205' title='bbox 495 1752 542 1776; x_wconf 84' lang='lat' dir='ltr'><strong>ex</strong></span> <span class='ocrx_word' id='word_1_206' title='bbox 563 1737 714 1776; x_wconf 84' lang='lat' dir='ltr'><strong>intimis</strong></span> <span class='ocrx_word' id='word_1_207' title='bbox 736 1736 864 1774; x_wconf 85' lang='lat' dir='ltr'><strong>vestris</strong></span> <span class='ocrx_word' id='word_1_208' title='bbox 885 1732 1201 1787; x_wconf 80' lang='lat' dir='ltr'><strong>cogitationibu8‚</strong></span> <span class='ocrx_word' id='word_1_209' title='bbox 1219 1742 1334 1785; x_wconf 88' lang='lat' dir='ltr'><strong>atque</strong></span> <span class='ocrx_word' id='word_1_210' title='bbox 1349 1746 1396 1770; x_wconf 82' lang='lat' dir='ltr'><strong>ex</strong></span> <span class='ocrx_word' id='word_1_211' title='bbox 1417 1731 1658 1771; x_wconf 88' lang='lat' dir='ltr'><strong>humanitate</strong></span> <span class='ocrx_word' id='word_1_212' title='bbox 1673 1730 1893 1770; x_wconf 88' lang='lat' dir='ltr'><strong>communi.</strong></span> 
     </span>
     <span class='ocr_line' id='line_1_25' title="bbox 498 1797 1897 1855; baseline -0.006 -12"><span class='ocrx_word' id='word_1_213' title='bbox 498 1807 581 1844; x_wconf 83' lang='lat' dir='ltr'><strong>Lex</strong></span> <span class='ocrx_word' id='word_1_214' title='bbox 612 1805 690 1842; x_wconf 87' lang='lat' dir='ltr'><strong>dies</strong></span> <span class='ocrx_word' id='word_1_215' title='bbox 720 1802 798 1841; x_wconf 91' lang='lat' dir='ltr'><strong>fuit</strong></span> <span class='ocrx_word' id='word_1_216' title='bbox 827 1801 1018 1855; x_wconf 91' lang='lat' dir='ltr'><strong>propofita</strong></span> <span class='ocrx_word' id='word_1_217' title='bbox 1046 1812 1216 1853; x_wconf 70' lang='lat' dir='ltr'><strong>paucos,</strong></span> <span class='ocrx_word' id='word_1_218' title='bbox 1248 1799 1340 1837; x_wconf 91' lang='lat' dir='ltr'><strong>ferri</strong></span> <span class='ocrx_word' id='word_1_219' title='bbox 1368 1808 1495 1852; x_wconf 89' lang='lat' dir='ltr'><strong>coepta</strong></span> <span class='ocrx_word' id='word_1_220' title='bbox 1514 1812 1743 1851; x_wconf 88' lang='lat' dir='ltr'><strong>nunquam:</strong></span> <span class='ocrx_word' id='word_1_221' title='bbox 1776 1797 1897 1850; x_wconf 84' lang='lat' dir='ltr'><strong>pofita</strong></span> 
     </span>
     <span class='ocr_line' id='line_1_26' title="bbox 498 1860 1897 1921; baseline -0.005 -12"><span class='ocrx_word' id='word_1_222' title='bbox 498 1871 550 1909; x_wconf 91' lang='lat' dir='ltr'><strong>est</strong></span> <span class='ocrx_word' id='word_1_223' title='bbox 582 1860 629 1908; x_wconf 31' lang='lat' dir='ltr'><strong>in*</strong></span> <span class='ocrx_word' id='word_1_224' title='bbox 651 1870 795 1914; x_wconf 82' lang='lat' dir='ltr'><strong>senatu,</strong></span> <span class='ocrx_word' id='word_1_225' title='bbox 828 1867 1021 1921; x_wconf 90' lang='lat' dir='ltr'><strong>populum</strong></span> <span class='ocrx_word' id='word_1_226' title='bbox 1050 1867 1279 1905; x_wconf 86' lang='lat' dir='ltr'><strong>Romanum</strong></span> <span class='ocrx_word' id='word_1_227' title='bbox 1306 1866 1432 1905; x_wconf 86' lang='lat' dir='ltr'><strong>latuit.</strong></span> <span class='ocrx_word' id='word_1_228' title='bbox 1466 1867 1571 1904; x_wconf 89' lang='lat' dir='ltr'><strong>Cum</strong></span> <span class='ocrx_word' id='word_1_229' title='bbox 1591 1866 1630 1904; x_wconf 86' lang='lat' dir='ltr'><strong>in</strong></span> <span class='ocrx_word' id='word_1_230' title='bbox 1653 1864 1897 1918; x_wconf 88' lang='lat' dir='ltr'><strong>Capitolium</strong></span> 
     </span>
     <span class='ocr_line' id='line_1_27' title="bbox 500 1931 1896 1986; baseline -0.004 -11"><span class='ocrx_word' id='word_1_231' title='bbox 500 1950 568 1976; x_wconf 85' lang='lat' dir='ltr'><strong>nos</strong></span> <span class='ocrx_word' id='word_1_232' title='bbox 591 1936 763 1974; x_wconf 87' lang='lat' dir='ltr'><strong>senatum</strong></span> <span class='ocrx_word' id='word_1_233' title='bbox 781 1933 1094 1972; x_wconf 74' lang='lat' dir='ltr'><strong>convocassemus</strong></span> <span class='ocrx_word' id='word_1_234' title='bbox 1108 1962 1119 1978; x_wconf 95' lang='lat'>‚</span> <span class='ocrx_word' id='word_1_235' title='bbox 1151 1931 1252 1970; x_wconf 87' lang='lat' dir='ltr'><strong>nihil</strong></span> <span class='ocrx_word' id='word_1_236' title='bbox 1272 1932 1325 1970; x_wconf 90' lang='lat' dir='ltr'><strong>est</strong></span> <span class='ocrx_word' id='word_1_237' title='bbox 1344 1934 1474 1970; x_wconf 58' lang='lat' dir='ltr'><strong>actum</strong></span> <span class='ocrx_word' id='word_1_238' title='bbox 1498 1933 1632 1986; x_wconf 82' lang='lat' dir='ltr'><strong>prius;</strong></span> <span class='ocrx_word' id='word_1_239' title='bbox 1665 1941 1702 1969; x_wconf 88' lang='lat' dir='ltr'><strong>et</strong></span> <span class='ocrx_word' id='word_1_240' title='bbox 1723 1931 1763 1969; x_wconf 91' lang='lat' dir='ltr'><strong>id</strong></span> <span class='ocrx_word' id='word_1_241' title='bbox 1783 1944 1896 1969; x_wconf 88' lang='lat' dir='ltr'><strong>man-</strong></span> 
     </span>
     <span class='ocr_line' id='line_1_28' title="bbox 500 1998 1898 2055; baseline -0.004 -14"><span class='ocrx_word' id='word_1_242' title='bbox 500 2004 589 2042; x_wconf 89' lang='lat' dir='ltr'><strong>dato</strong></span> <span class='ocrx_word' id='word_1_243' title='bbox 609 2002 720 2055; x_wconf 85' lang='lat' dir='ltr'><strong>Syllae</strong></span> <span class='ocrx_word' id='word_1_244' title='bbox 741 2000 1004 2052; x_wconf 74' lang='lat' dir='ltr'><strong>QMetellus</strong></span> <span class='ocrx_word' id='word_1_245' title='bbox 1026 2008 1162 2053; x_wconf 85' lang='lat' dir='ltr'><strong>praetor</strong></span> <span class='ocrx_word' id='word_1_246' title='bbox 1183 1999 1218 2037; x_wconf 89' lang='lat' dir='ltr'><strong>se</strong></span> <span class='ocrx_word' id='word_1_247' title='bbox 1240 1999 1347 2051; x_wconf 85' lang='lat' dir='ltr'><strong>loqui</strong></span> <span class='ocrx_word' id='word_1_248' title='bbox 1368 1999 1467 2037; x_wconf 84' lang='lat' dir='ltr'><strong>dixit</strong></span> <span class='ocrx_word' id='word_1_249' title='bbox 1484 2028 1494 2044; x_wconf 92' lang='lat'>‚</span> <span class='ocrx_word' id='word_1_250' title='bbox 1528 1999 1671 2051; x_wconf 87' lang='lat' dir='ltr'><strong>Syllam</strong></span> <span class='ocrx_word' id='word_1_251' title='bbox 1703 1998 1811 2036; x_wconf 85' lang='lat' dir='ltr'><strong>illam</strong></span> <span class='ocrx_word' id='word_1_252' title='bbox 1832 2011 1898 2036; x_wconf 92' lang='lat' dir='ltr'><strong>ro-</strong></span> 
     </span>
     <span class='ocr_line' id='line_1_29' title="bbox 496 2064 1901 2123; baseline -0.003 -16"><span class='ocrx_word' id='word_1_253' title='bbox 496 2070 696 2123; x_wconf 80' lang='lat' dir='ltr'><strong>gationem</strong></span> <span class='ocrx_word' id='word_1_254' title='bbox 724 2067 770 2105; x_wconf 90' lang='lat' dir='ltr'><strong>de</strong></span> <span class='ocrx_word' id='word_1_255' title='bbox 796 2067 831 2105; x_wconf 93' lang='lat' dir='ltr'><strong>se</strong></span> <span class='ocrx_word' id='word_1_256' title='bbox 856 2067 960 2105; x_wconf 91' lang='lat' dir='ltr'><strong>nolle</strong></span> <span class='ocrx_word' id='word_1_257' title='bbox 984 2065 1090 2105; x_wconf 85' lang='lat' dir='ltr'><strong>ferri.</strong></span> <span class='ocrx_word' id='word_1_258' title='bbox 1121 2067 1184 2104; x_wconf 83' lang='lat' dir='ltr'><strong>Ex</strong></span> <span class='ocrx_word' id='word_1_259' title='bbox 1210 2065 1280 2103; x_wconf 94' lang='lat' dir='ltr'><strong>illo</strong></span> <span class='ocrx_word' id='word_1_260' title='bbox 1301 2075 1475 2118; x_wconf 89' lang='lat' dir='ltr'><strong>tempore</strong></span> <span class='ocrx_word' id='word_1_261' title='bbox 1501 2065 1546 2103; x_wconf 88' lang='lat' dir='ltr'><strong>L.</strong></span> <span class='ocrx_word' id='word_1_262' title='bbox 1573 2065 1754 2103; x_wconf 85' lang='lat' dir='ltr'><strong>Caecilius</strong></span> <span class='ocrx_word' id='word_1_263' title='bbox 1775 2064 1901 2103; x_wconf 88' lang='lat' dir='ltr'><strong>multa</strong></span> 
     </span>
     <span class='ocr_line' id='line_1_30' title="bbox 501 2130 1899 2188; baseline -0.002 -15"><span class='ocrx_word' id='word_1_264' title='bbox 501 2137 548 2174; x_wconf 90' lang='lat' dir='ltr'><strong>de</strong></span> <span class='ocrx_word' id='word_1_265' title='bbox 569 2134 766 2188; x_wconf 86' lang='lat' dir='ltr'><strong>republica</strong></span> <span class='ocrx_word' id='word_1_266' title='bbox 785 2133 892 2186; x_wconf 84' lang='lat' dir='ltr'><strong>egit:</strong></span> <span class='ocrx_word' id='word_1_267' title='bbox 927 2133 1094 2185; x_wconf 83' lang='lat' dir='ltr'><strong>Agrariae</strong></span> <span class='ocrx_word' id='word_1_268' title='bbox 1122 2132 1225 2185; x_wconf 87' lang='lat' dir='ltr'><strong>legi,</strong></span> <span class='ocrx_word' id='word_1_269' title='bbox 1257 2146 1341 2184; x_wconf 79' lang='lat' dir='ltr'><strong>quae</strong></span> <span class='ocrx_word' id='word_1_270' title='bbox 1370 2141 1449 2170; x_wconf 83' lang='lat' dir='ltr'><strong>tota</strong></span> <span class='ocrx_word' id='word_1_271' title='bbox 1475 2145 1495 2169; x_wconf 88' lang='lat' dir='ltr'><strong>a</strong></span> <span class='ocrx_word' id='word_1_272' title='bbox 1522 2145 1584 2170; x_wconf 88' lang='lat' dir='ltr'><strong>me</strong></span> <span class='ocrx_word' id='word_1_273' title='bbox 1612 2130 1836 2184; x_wconf 87' lang='lat' dir='ltr'><strong>reprehensa</strong></span> <span class='ocrx_word' id='word_1_274' title='bbox 1861 2140 1899 2170; x_wconf 87' lang='lat' dir='ltr'><strong>et</strong></span> 
     </span>
     <span class='ocr_line' id='line_1_31' title="bbox 501 2197 1898 2254; baseline -0.004 -14"><span class='ocrx_word' id='word_1_275' title='bbox 501 2202 647 2254; x_wconf 62' lang='lat' dir='ltr'><strong>abjecta</strong></span> <span class='ocrx_word' id='word_1_276' title='bbox 667 2200 732 2245; x_wconf 89' lang='lat' dir='ltr'><strong>est,</strong></span> <span class='ocrx_word' id='word_1_277' title='bbox 764 2198 1044 2238; x_wconf 78' lang='lat' dir='ltr'><strong>intercessorem</strong></span> <span class='ocrx_word' id='word_1_278' title='bbox 1072 2198 1154 2236; x_wconf 88' lang='lat' dir='ltr'><strong>fore</strong></span> <span class='ocrx_word' id='word_1_279' title='bbox 1180 2197 1364 2251; x_wconf 75' lang='lat' dir='ltr'><strong>professus</strong></span> <span class='ocrx_word' id='word_1_280' title='bbox 1391 2198 1469 2236; x_wconf 89' lang='lat' dir='ltr'><strong>est:</strong></span> <span class='ocrx_word' id='word_1_281' title='bbox 1502 2197 1692 2251; x_wconf 83' lang='lat' dir='ltr'><strong>improbis</strong></span> <span class='ocrx_word' id='word_1_282' title='bbox 1725 2197 1898 2250; x_wconf 84' lang='lat' dir='ltr'><strong>largitio-</strong></span> 
     </span>
     <span class='ocr_line' id='line_1_32' title="bbox 503 2262 1901 2316; baseline -0.004 -10"><span class='ocrx_word' id='word_1_283' title='bbox 503 2269 618 2306; x_wconf 83' lang='lat' dir='ltr'><strong>nibus</strong></span> <span class='ocrx_word' id='word_1_284' title='bbox 640 2266 801 2304; x_wconf 88' lang='lat' dir='ltr'><strong>restitit:</strong></span> <span class='ocrx_word' id='word_1_285' title='bbox 836 2265 982 2304; x_wconf 87' lang='lat' dir='ltr'><strong>senatus</strong></span> <span class='ocrx_word' id='word_1_286' title='bbox 1003 2265 1270 2303; x_wconf 60' lang='lat' dir='ltr'><strong>auctoritatem</strong></span> <span class='ocrx_word' id='word_1_287' title='bbox 1290 2277 1490 2316; x_wconf 84' lang='lat' dir='ltr'><strong>nunquam</strong></span> <span class='ocrx_word' id='word_1_288' title='bbox 1520 2263 1749 2316; x_wconf 87' lang='lat' dir='ltr'><strong>impedivit:</strong></span> <span class='ocrx_word' id='word_1_289' title='bbox 1782 2263 1835 2300; x_wconf 89' lang='lat' dir='ltr'><strong>ita</strong></span> <span class='ocrx_word' id='word_1_290' title='bbox 1864 2262 1901 2301; x_wconf 87' lang='lat' dir='ltr'><strong>se</strong></span> 
     </span>
     <span class='ocr_line' id='line_1_33' title="bbox 505 2327 1900 2387; baseline -0.004 -15"><span class='ocrx_word' id='word_1_291' title='bbox 505 2334 614 2387; x_wconf 84' lang='lat' dir='ltr'><strong>geffit</strong></span> <span class='ocrx_word' id='word_1_292' title='bbox 648 2333 687 2371; x_wconf 89' lang='lat' dir='ltr'><strong>in</strong></span> <span class='ocrx_word' id='word_1_293' title='bbox 723 2332 935 2377; x_wconf 88' lang='lat' dir='ltr'><strong>tribunatu,</strong></span> <span class='ocrx_word' id='word_1_294' title='bbox 968 2340 1025 2376; x_wconf 92' lang='lat' dir='ltr'><strong>ut,</strong></span> <span class='ocrx_word' id='word_1_295' title='bbox 1055 2344 1169 2369; x_wconf 91' lang='lat' dir='ltr'><strong>onere</strong></span> <span class='ocrx_word' id='word_1_296' title='bbox 1203 2331 1374 2384; x_wconf 88' lang='lat' dir='ltr'><strong>depofito</strong></span> <span class='ocrx_word' id='word_1_297' title='bbox 1404 2330 1604 2368; x_wconf 87' lang='lat' dir='ltr'><strong>domestici</strong></span> <span class='ocrx_word' id='word_1_298' title='bbox 1635 2330 1768 2374; x_wconf 83' lang='lat' dir='ltr'><strong>officii,</strong></span> <span class='ocrx_word' id='word_1_299' title='bbox 1801 2327 1900 2368; x_wconf 88' lang='lat' dir='ltr'><strong>nihil</strong></span> 
     </span>
     <span class='ocr_line' id='line_1_34' title="bbox 506 2396 1484 2454; baseline -0.001 -18"><span class='ocrx_word' id='word_1_300' title='bbox 506 2400 634 2454; x_wconf 74' lang='lat' dir='ltr'><strong>postea</strong></span> <span class='ocrx_word' id='word_1_301' title='bbox 655 2399 722 2437; x_wconf 86' lang='lat' dir='ltr'><strong>nis1</strong></span> <span class='ocrx_word' id='word_1_302' title='bbox 744 2399 789 2436; x_wconf 91' lang='lat' dir='ltr'><strong>de</strong></span> <span class='ocrx_word' id='word_1_303' title='bbox 811 2397 1032 2451; x_wconf 82' lang='lat' dir='ltr'><strong>reipublicae</strong></span> <span class='ocrx_word' id='word_1_304' title='bbox 1052 2397 1271 2435; x_wconf 87' lang='lat' dir='ltr'><strong>commodis</strong></span> <span class='ocrx_word' id='word_1_305' title='bbox 1293 2396 1484 2449; x_wconf 83' lang='lat' dir='ltr'><strong>cogitarit.</strong></span> 
     </span>
    </p>

    <p class='ocr_par' dir='ltr' id='par_1_4' title="bbox 561 2458 1900 2518">
     <span class='ocr_line' id='line_1_35' title="bbox 561 2458 1900 2518; baseline -0.005 -15"><span class='ocrx_word' id='word_1_306' title='bbox 561 2466 695 2518; x_wconf 83' lang='lat' dir='ltr'><strong>Atque</strong></span> <span class='ocrx_word' id='word_1_307' title='bbox 730 2465 770 2503; x_wconf 88' lang='lat' dir='ltr'><strong>in</strong></span> <span class='ocrx_word' id='word_1_308' title='bbox 804 2464 882 2517; x_wconf 86' lang='lat' dir='ltr'><strong>ipsa</strong></span> <span class='ocrx_word' id='word_1_309' title='bbox 916 2464 1133 2516; x_wconf 88' lang='lat' dir='ltr'><strong>rogatione,</strong></span> <span class='ocrx_word' id='word_1_310' title='bbox 1166 2476 1212 2502; x_wconf 92' lang='lat' dir='ltr'><strong>ne</strong></span> <span class='ocrx_word' id='word_1_311' title='bbox 1245 2477 1312 2517; x_wconf 87' lang='lat' dir='ltr'><strong>per</strong></span> <span class='ocrx_word' id='word_1_312' title='bbox 1345 2464 1426 2503; x_wconf 89' lang='lat' dir='ltr'><strong>vim</strong></span> <span class='ocrx_word' id='word_1_313' title='bbox 1460 2462 1556 2516; x_wconf 90' lang='lat' dir='ltr'><strong>quid</strong></span> <span class='ocrx_word' id='word_1_314' title='bbox 1589 2471 1782 2515; x_wconf 81' lang='lat' dir='ltr'><strong>ageretur,</strong></span> <span class='ocrx_word' id='word_1_315' title='bbox 1807 2458 1900 2512; x_wconf 80' lang='lat' dir='ltr'><strong>quis</strong></span> 
     </span>
    </p>
   </div>
  </div>
 </body>
</html>
