2212 2835
497 178 572 233 333
936 172 1339 213 oRATlo
1417 173 1470 212 11.

494 290 586 315 cum
609 275 731 313 multa
751 273 873 319 vobis,
892 286 1031 325 magna
1051 272 1197 326 populo
1219 273 1411 318 Romano,
1434 272 1731 312 innumerabilia
1752 287 1887 326 paren-

495 345 598 382 tibus
618 373 628 388 ,
659 342 792 381 omnia
818 342 906 380 Diis
934 341 1222 380 immortalibus
1238 369 1249 386 ,
1280 340 1514 385 debeamus;
1548 341 1655 394 quod
1673 339 1756 379 haec
1782 349 1891 379 antea

494 410 640 463 fingula
665 423 732 462 per
759 409 845 448 illos
874 407 1139 453 habuerimus,
1172 421 1276 446 nunc
1305 407 1476 446 universa
1502 421 1569 461 per
1596 421 1662 446 vos
1691 419 1891 461 recupera-

495 477 678 516 verimus.

551 544 603 582 II.
639 544 787 595 Itaque,
820 543 946 580 Patres
968 540 1189 594 conscripti,
1220 540 1325 593 quod
1353 554 1401 579 ne
1424 541 1638 594 optandum
1660 540 1820 593 quidem
1841 538 1895 577 est

495 607 678 653 homini,
720 607 1054 646 immortalitatem
1089 606 1284 659 quandam
1321 620 1387 659 per
1424 620 1491 644 vos
1532 606 1661 659 adepti
1698 606 1892 644 videmur.

497 675 615 727 Qod
641 676 744 712 enim
772 683 927 726 tempus
955 674 1026 711 erit
1056 686 1227 725 unquam
1248 702 1258 718 ‚
1290 686 1369 725 quo
1389 673 1600 711 vestrorum
1620 673 1660 712 in
1682 686 1751 711 nos
1773 672 1893 710 bene-

497 742 677 780 ficiorum
709 741 898 778 memoria
929 753 971 777 ac
1002 738 1107 776 fama
1136 740 1348 784 moriatur,
1381 740 1449 791 qui
1480 740 1549 778 illo
1581 740 1662 793 ipso
1692 748 1892 792 tempore,

498 822 590 846 cum
618 808 679 851 vi,
711 805 837 851 ferro,
869 815 1000 851 metu,
1034 804 1176 849 minis,
1207 804 1340 842 obseffi
1371 805 1623 851 teneremini,
1655 819 1734 844 non
1765 805 1895 844 multo

498 874 580 927 post
614 872 812 911 disceffum
849 886 982 911 meum
1018 871 1180 910 univerfi
1215 884 1278 910 me
1312 871 1577 916 revocavistis,
1618 871 1804 910 referente
1843 873 1892 911 L.

499 941 652 979 Ninnio
667 969 677 985 ,
709 939 914 977 fortiffimo
934 948 1048 991 atque
1066 938 1219 991 optimo
1239 937 1320 975 viro
1339 938 1351 974 ?
1383 951 1502 989 quem
1523 936 1660 976 habuit
1686 937 1753 975 ille
1778 937 1893 991 pesti-

498 1006 557 1045 fer
576 1020 696 1045 annus
717 1003 755 1044 et
775 1006 946 1044 maxime
967 1005 1123 1043 fidelem
1139 1034 1150 1050 ‚
1181 1014 1218 1043 et
1239 1004 1405 1042 minime
1426 1004 1633 1049 timidum,
1665 1003 1691 1043 fi
1713 1004 1897 1043 dimicare

498 1073 710 1128 placuiffet,
741 1071 979 1111 defensorem
1009 1072 1137 1110 salutis
1169 1085 1278 1110 meae.
1311 1071 1563 1124 Posteaquam
1593 1071 1703 1109 vobis
1735 1070 1896 1124 potestas

499 1140 728 1181 decernendi
747 1154 826 1179 non
847 1140 900 1178 est
919 1139 1095 1193 permiffa
1115 1152 1181 1193 per
1199 1152 1290 1177 eum
1311 1138 1517 1177 tribunum
1537 1138 1780 1191 plebis‚rqui‚
1803 1151 1896 1177 cum

500 1221 566 1261 per
586 1207 622 1246 se
641 1207 924 1260 rempublicam
946 1206 1107 1244 lacerare
1135 1219 1213 1244 non
1240 1205 1385 1258 posset,
1417 1205 1486 1244 sub
1511 1205 1636 1243 alieno
1664 1204 1800 1243 scelere
1827 1204 1896 1243 de-

499 1275 594 1313 levit
610 1291 622 1320 ;
645 1287 845 1326 nunquam
865 1273 910 1311 de
932 1287 994 1312 me
1014 1272 1178 1318 finxistis,
1200 1286 1403 1325 nunquam
1423 1285 1550 1310 meam
1570 1271 1732 1309 salutem
1750 1284 1829 1309 non
1848 1270 1896 1309 ab

496 1339 556 1379 his
577 1339 813 1384 consulibus,
845 1339 913 1392 qui
934 1338 1195 1383 vendiderant,
1227 1337 1475 1390 flagitavistis.

557 1408 694 1460 Itaque
724 1405 845 1444 vestro
873 1405 1003 1444 studio
1024 1414 1138 1458 atque
1164 1405 1386 1443 auetoritate
1416 1403 1629 1457 perfeetum
1660 1403 1725 1450 est,
1758 1412 1800 1442 ut
1829 1402 1898 1441 ille

502 1472 581 1527 ipse
600 1485 720 1511 annus
738 1501 749 1518 ,
781 1485 900 1524 quem
919 1484 991 1524 ego
1012 1470 1113 1509 mihi
1130 1499 1142 1516 ,
1174 1484 1290 1523 quam
1312 1471 1442 1523 patriae
1459 1499 1470 1516 ‚
1501 1471 1713 1509 malueram
1739 1469 1811 1508 effe
1837 1468 1896 1507 fa-

503 1540 619 1579 talem
638 1569 649 1586 ,
680 1537 751 1577 hos
784 1538 961 1577 tribunos
990 1536 1176 1582 haberet,
1212 1537 1280 1589 qui
1311 1545 1350 1574 et
1381 1537 1672 1590 promulgarent
1702 1536 1749 1575 de
1780 1535 1898 1574 salute

502 1619 589 1645 mea
605 1635 616 1651 ,
648 1613 686 1643 et
705 1604 752 1643 ad
772 1617 838 1642 vos
859 1604 1117 1657 saepenumero
1138 1601 1335 1641 referrent.
1368 1602 1477 1642 Nam
1503 1602 1676 1641 consules
1704 1601 1865 1640 modesti
1885 1629 1897 1647 ,

502 1673 713 1726 legumque
734 1680 965 1716 metuentes,
995 1670 1305 1723 impediebantur
1324 1669 1424 1722 lege,
1455 1684 1533 1709 non
1553 1683 1607 1715 ea,
1639 1683 1725 1722 quae
1752 1669 1798 1708 de
1819 1681 1896 1714 me,

503 1740 564 1779 sed
584 1754 650 1786 ea,
681 1754 767 1792 quae
787 1739 835 1777 de
856 1739 964 1791 ipfis,
994 1737 1070 1775 lata
1089 1745 1187 1781 erat,
1219 1750 1312 1774 cum
1332 1750 1442 1775 meus
1462 1737 1646 1775 inimicus
1667 1735 1895 1788 promulga-

501 1807 571 1851 vit,
603 1815 659 1857 ut,
690 1807 717 1844 fi
737 1804 953 1844 revixiffent
973 1804 1015 1848 ii,
1045 1803 1115 1855 qui
1133 1801 1216 1840 haec
1236 1815 1334 1854 pene
1360 1802 1550 1847 delerunt,
1582 1811 1667 1840 tum
1694 1815 1765 1855 ego
1794 1801 1897 1839 redi—

503 1887 585 1912 rem
604 1887 613 1910 :
646 1885 726 1925 quo
744 1871 845 1910 facto
865 1880 1077 1922 utrumque
1096 1868 1285 1908 confeffus
1305 1868 1371 1914 est,
1397 1878 1434 1907 et
1454 1868 1489 1907 se
1509 1869 1668 1907 illorum
1686 1869 1807 1907 vitam
1829 1868 1897 1906 de-

503 1940 673 1984 siderare,
703 1947 742 1977 et
773 1951 915 1991 magno
949 1937 989 1974 in
1025 1936 1198 1990 periculo
1232 1935 1516 1988 rempublicam
1549 1934 1736 1981 futuram,
1772 1935 1799 1973 fi
1833 1945 1899 1974 aut

502 2005 627 2045 hostes
660 2014 773 2058 atque
803 2003 1063 2043 interfectores
1097 2002 1319 2056 reipublicae
1354 2001 1585 2047 revixissent,
1616 2011 1681 2040 aut
1713 2015 1784 2055 ego
1819 2015 1898 2040 non

503 2071 747 2112 revertifl'em.
781 2072 917 2124 Itaque
936 2070 1006 2109 illo
1026 2069 1106 2123 ipso
1129 2083 1244 2114 anno,
1275 2083 1368 2107 cum
1388 2082 1458 2122 ego
1479 2068 1658 2107 ceffiffem
1677 2087 1688 2114 ς
1720 2068 1897 2122 princeps

502 2149 632 2178 autem
652 2138 818 2178 civitatis
839 2151 917 2177 non
943 2137 1077 2190 legum
1104 2136 1290 2190 praefidio,
1321 2136 1382 2174 sed
1408 2135 1614 2189 parietum,
1642 2136 1762 2174 vitam
1790 2135 1897 2173 suam
1941 2124 1944 2126 v

503 2216 696 2251 tueretur3
728 2205 940 2259 respublica
960 2204 1036 2243 fine
1056 2202 1278 2242 consulibus
1300 2202 1403 2248 effet,
1435 2216 1559 2255 neque
1579 2202 1704 2240 solum
1725 2202 1896 2255 parenti-

503 2275 574 2312 bus
595 2272 804 2326 perpetuis,
826 2285 960 2310 verum
981 2272 1098 2308 etiam
1119 2269 1311 2308 tutoribus
1332 2270 1483 2315 annuis,
1515 2269 1603 2307 efl'et
1623 2269 1778 2314 orbata3
1812 2267 1896 2306 sen-

503 2341 636 2378 tentias
657 2339 782 2377 dicere
803 2336 1108 2392 prohiberemini
1124 2354 1135 2381 ς
1159 2344 1274 2389 caput
1294 2348 1390 2373 meae
1409 2335 1698 2388 proscriptionis
1719 2334 1896 2372 recitare-

501 2415 590 2445 tur:
624 2419 824 2458 nunquam
853 2403 1052 2443 dubitastis
1085 2416 1212 2442 meam
1244 2402 1406 2442 salutem
1438 2415 1531 2441 cum
1555 2401 1759 2441 communi
1779 2399 1896 2439 salute

501 2472 748 2525 conjungere.
