2212 2835
365 174 415 214 88
854 167 1255 207 ORATIO

360 273 541 314 recusare.
564 270 813 310 Advocantur
832 268 948 306 amici
968 276 1005 306 et
1025 266 1192 320 hospites
1216 266 1439 320 Oppianici,
1467 275 1504 304 et
1524 266 1638 319 ipfius
1659 282 1749 306 mu-

364 340 464 378 lieris
486 337 616 381 multi,
638 335 816 373 homines
837 333 1000 379 honesti,
1028 343 1142 386 atque
1161 333 1344 371 omnibus
1365 333 1476 371 rebus
1497 333 1620 370 ornati
1638 348 1646 371 ε
1669 342 1751 372 tor-

365 405 507 444 mentis
540 403 722 442 omnibus
753 400 1092 440 vehementiffimis
1125 401 1320 453 quaeritur.
1355 402 1459 438 Cum
1491 399 1607 437 effent
1632 400 1752 437 animi

364 470 558 509 servorum
579 477 617 507 et
636 468 699 522 spe
728 476 767 505 et
797 475 904 505 metu
926 467 1073 511 tentati,
1108 475 1152 503 ut
1172 466 1318 518 aliquid
1350 467 1390 504 in
1411 465 1616 518 quaestione
1646 465 1752 503 dice-

364 545 449 575 rent
465 555 477 581 ;
500 544 644 579 tamen,
666 542 710 572 ut
728 533 903 577 arbitror,
920 533 1142 571 auctoritate
1159 532 1444 577 advocatorum,
1465 540 1503 570 et
1523 532 1560 569 vi
1580 540 1754 569 tormen-

365 611 509 647 torum,
531 600 699 646 adducti,
721 600 762 638 in
782 600 935 639 veritate
957 598 1190 643 manserunt,
1224 612 1347 651 neque
1372 599 1407 637 se
1428 598 1641 651 quidquam
1662 597 1754 635 scire

365 667 559 706 dixerunt.

427 733 597 785 Qaestio
628 731 698 770 illo
728 731 789 769 die
823 731 870 769 de
902 730 1118 768 amicorum
1148 730 1332 768 sententia
1362 729 1510 769 dimiffa
1542 730 1608 768 est.
1658 730 1754 768 Satis

365 800 486 852 longo
520 797 719 836 intervallo
753 796 836 850 post
868 796 1011 834 iterum
1042 795 1287 834 advocantur.
1320 796 1498 834 Habetur
1529 796 1576 833 de
1605 795 1755 848 integro

367 864 549 917 quaestio:
582 862 690 901 nulla
718 863 774 901 vis
807 870 1090 900 tormentorum
1120 861 1393 899 acerrimorum
1420 861 1753 913 praetermittitur:

367 931 523 969 aversari
543 929 729 973 advocati,
765 938 803 966 et
828 930 911 981 jam
941 928 1007 966 vix
1037 927 1134 965 ferre
1155 927 1283 979 poffe:
1315 926 1440 964 furere
1461 927 1625 965 crudelis
1644 935 1758 978 atque

367 998 590 1049 importuna
608 995 763 1038 mulier,
794 994 864 1031 fibi
895 1006 1153 1045 nequaquam,
1176 1001 1220 1030 ut
1240 992 1423 1045 sperasset,
1446 1005 1501 1037 ea,
1534 1006 1618 1045 quae
1648 993 1756 1044 cogi-

366 1063 487 1107 taffet,
508 1061 724 1115 procedere.
757 1061 862 1098 Cum
887 1061 970 1112 jam
1002 1068 1136 1104 tortor,
1170 1067 1284 1111 atque
1315 1058 1431 1097 effent
1461 1067 1654 1097 tormenta
1681 1058 1759 1111 ipsa

367 1127 515 1172 defeffa,
538 1140 664 1179 neque
684 1135 813 1164 tamen
843 1126 910 1163 illa
928 1124 1050 1163 finem
1067 1124 1189 1163 facere
1208 1124 1324 1163 vellet
1339 1143 1351 1170 3
1384 1125 1543 1177 quidam
1573 1138 1620 1163 ex
1640 1124 1758 1162 advo-

369 1195 477 1239 catis,
498 1193 620 1232 homo
639 1201 677 1230 et
695 1191 909 1230 honoribus
932 1191 1067 1244 populi
1086 1200 1256 1235 ornatus,
1274 1200 1312 1229 et
1328 1191 1480 1229 summa
1499 1191 1641 1229 virtute
1660 1204 1758 1243 prae-

369 1262 487 1305 ditus,
509 1260 724 1311 intelligere
743 1258 779 1296 se
799 1257 911 1303 dixit,
943 1271 1021 1295 non
1039 1257 1079 1295 id
1099 1258 1174 1310 agi,
1202 1266 1245 1296 ut
1265 1271 1398 1296 verum
1418 1257 1665 1302 inveniretur,
1697 1256 1759 1294 sed

369 1337 413 1366 ut
443 1325 591 1379 aliquid
610 1324 691 1363 falfi
723 1324 847 1363 dicere
878 1333 1118 1377 cogerentur.
1151 1325 1242 1362 Hoc
1269 1324 1470 1377 postquam
1501 1324 1626 1362 caeteri
1647 1336 1758 1362 com-

370 1394 608 1447 probarunt;
640 1405 687 1430 ex
720 1391 901 1430 omnium
923 1390 1107 1429 sententia
1137 1389 1390 1429 constitutum
1422 1390 1487 1435 est,
1523 1390 1609 1428 satis
1641 1389 1760 1428 videri

371 1459 442 1497 effe
462 1458 676 1511 quaefitum.

426 1525 617 1563 Redditur
639 1523 859 1577 Oppianico
879 1521 1145 1561 Nicostratus:
1177 1522 1367 1561 Larinum
1397 1522 1475 1575 ipsa
1506 1521 1762 1574 proficiscitur

371 1605 462 1630 cum
484 1591 572 1635 suis,
607 1603 787 1634 moerenS,
819 1588 923 1641 quod
948 1589 1031 1640 jam
1053 1597 1155 1626 certe
1175 1588 1415 1627 incolumem
1435 1588 1563 1626 filium
1584 1587 1666 1626 fore
1686 1601 1762 1640 pu-

373 1660 490 1703 tabat,
522 1658 567 1696 ad
587 1669 706 1709 quem
737 1670 815 1694 non
836 1655 954 1694 modo
974 1668 1106 1693 verum
1137 1656 1300 1700 crimen,
1332 1655 1393 1693 sed
1422 1668 1469 1693 ne
1490 1654 1576 1692 ficta
1601 1655 1762 1707 quidem

372 1724 547 1777 suspicio,
582 1723 818 1776 perveniret,
851 1730 888 1758 et
919 1721 983 1758 cui
1004 1733 1082 1758 non
1103 1721 1221 1758 modo
1251 1729 1379 1772 aperta
1409 1720 1661 1757 inimicorum
1686 1733 1761 1772 op-

373 1790 574 1844 pugnati0‚
611 1789 672 1826 sed
692 1802 738 1826 ne
759 1787 919 1826 occultae
939 1786 1097 1839 quidem
1119 1786 1250 1824 matris
1271 1786 1425 1831 infidiae,
1462 1799 1595 1823 nocere
1616 1785 1762 1837 potuis-

312 1880 315 1881 ν
374 1858 467 1895 sent.
500 1855 688 1894 Larinum
720 1853 921 1907 postquam
951 1852 1079 1897 venit;
1112 1866 1210 1905 quae,
1240 1865 1259 1889 a
1280 1853 1452 1890 Stratone
1482 1852 1551 1889 illo
1572 1865 1763 1889 venenum

374 1932 482 1962 antea
501 1921 582 1959 viro
603 1921 668 1959 suo
689 1920 836 1964 datum,
868 1919 936 1957 fibi
963 1918 1180 1971 persuasum
1206 1917 1276 1955 effe
1296 1917 1510 1962 fimulaffet,
1541 1917 1763 1955 instructam

374 1990 410 2027 ei
429 1988 616 2026 continuo
632 1996 670 2024 et
687 1997 873 2030 ornatam,
889 1985 1021 2023 Larini
1043 1983 1244 2023 medicinae
1259 1984 1476 2023 exercendae
1492 1983 1612 2029 causa,
1636 1983 1763 2021 taber-

376 2069 466 2094 nam
486 2054 605 2092 dedit.

432 2120 580 2160 LXIV.
614 2120 765 2163 Unum,
791 2116 970 2162 alterum,
1003 2116 1177 2162 tertium,
1209 2131 1354 2155 annum
1384 2117 1493 2155 Saffia
1519 2116 1762 2168 quiescebat3

377 2196 421 2226 ut
440 2187 536 2225 velle
566 2195 681 2238 atque
711 2194 840 2238 optare
870 2183 1016 2236 aliquid
1045 2183 1273 2222 calamitatis
1305 2183 1386 2221 filio
1417 2183 1560 2236 potius,
1588 2196 1704 2235 quam
1725 2182 1766 2220 id

377 2255 516 2293 struere
536 2262 574 2291 et
595 2251 738 2296 moliri,
760 2251 964 2289 videretur.
996 2252 1106 2289 Tum
1137 2251 1307 2295 interim,
1341 2250 1560 2295 Hortensio,
1583 2249 1763 2294 Metello,

379 2319 626 2363 Consulibus,
659 2326 701 2355 ut
721 2316 826 2354 hunc
850 2316 1114 2369 Oppianicum
1135 2316 1239 2354 aliud
1259 2326 1452 2369 agentem,
1480 2329 1521 2353 ac
1547 2314 1644 2354 nihil
1666 2314 1766 2366 ejus-

379 2385 486 2423 modi
506 2386 757 2438 cogitantem,
788 2383 832 2421 ad
852 2382 952 2421 hanc
983 2382 1262 2421 accusationem
1283 2381 1509 2427 detraheret,
1541 2381 1664 2419 invito
1683 2379 1766 2417 des-

379 2451 517 2505 pondit
546 2452 582 2489 ei
603 2450 724 2489 filiam
751 2449 869 2494 suam,
905 2448 1027 2494 illam,
1062 2462 1180 2501 quam
1211 2462 1257 2488 cx
1287 2462 1428 2502 genero
1459 2447 1691 2499 susceperat3
1724 2453 1767 2482 ut
