2212 2835
686 194 827 233 PRo
886 194 934 233 c,
994 193 1335 236 RABIRIO.
1650 211 1717 251 151

324 294 608 335 immortalium
636 309 783 334 numen
809 295 971 340 accedit,
1003 309 1070 334 oro
1096 304 1211 348 atque
1234 295 1404 341 obsecro,
1436 297 1622 350 quoniam
1643 312 1722 338 uno

324 371 499 417 tempore
525 363 604 402 vita
634 364 682 401 C.
715 362 880 407 Rabirii,
910 361 1084 401 hominis
1111 363 1318 402 miserrimi
1343 373 1458 416 atque
1484 364 1720 404 innocentis-

323 429 424 475 fimi,
454 430 550 468 salus
571 428 804 482 reipublicae,
832 428 962 466 vestris
983 429 1162 467 manibus
1183 428 1446 483 suffragiisque
1465 432 1719 484 permittitur,

323 495 534 535 adhibeatis
573 496 614 533 in
651 494 824 534 hominis
858 493 1026 534 fortunis
1062 495 1378 544 misericordiam,
1418 497 1459 535 in
1498 499 1720 552 reipublicre

322 563 439 605 salute
458 562 697 615 sapientiam,
727 574 846 614 quam
866 561 1008 600 soletis.

376 629 511 674 Nunc,
543 629 743 681 quoniam,
775 630 829 667 T.
857 628 1042 674 Labiene,
1073 628 1283 682 diligentiae
1309 643 1405 669 meae
1432 631 1616 684 temporis
1649 645 1718 670 an-

319 695 454 748 gustiis
479 694 671 747 obstitisti,
703 708 860 747 meque,
891 708 939 733 ex
963 704 1186 749 comparato
1213 704 1251 734 et
1280 697 1490 736 constituto
1510 698 1630 751 spatio
1651 698 1719 736 de—

321 761 516 808 fensionis,
547 762 588 800 in
608 761 807 801 semihorae
831 761 1072 801 curriculum
1092 762 1275 815 coegisti;
1308 764 1504 817 parebitur
1533 775 1583 810 et,
1614 765 1722 818 quod

319 829 607 883 iniquiffimum
634 830 700 875 est,
729 829 957 870 accusatoris
978 830 1209 876 conditioni,
1241 840 1292 876 et,
1315 831 1421 884 quod
1440 832 1718 878 miserrimum,

318 897 473 936 inimici
493 897 681 950 potestati.
714 897 952 949 Qanquam
972 897 1013 936 in
1034 896 1107 935 hac
1127 897 1409 951 praescriptione
1428 898 1627 938 semihorae
1647 913 1717 953 pa-

320 964 422 1004 troni
441 963 541 1002 mihi
567 973 691 1017 partes
719 963 922 1016 reliquisti,
954 964 1133 1003 Consulis
1160 965 1362 1004 ademisti:
1394 976 1591 1019 propterea
1612 967 1718 1020 quod

319 1031 366 1069 ad
400 1030 687 1070 defendendum
721 1030 1006 1084 propemodum
1041 1031 1126 1070 satis
1158 1032 1230 1070 erit
1263 1030 1340 1071 hoc
1373 1032 1475 1072 mihi
1515 1035 1715 1088 temporis,

319 1111 454 1136 verum
474 1098 521 1137 ad
540 1097 857 1151 conquerendum
876 1111 1029 1151 parurn.

373 1164 460 1204 Nifi
479 1164 579 1204 forte
599 1165 645 1203 de
665 1165 760 1203 locis
781 1164 979 1217 religiofiS,
1007 1178 1049 1203 ac
1071 1164 1117 1202 de
1137 1164 1250 1211 lucis,
1273 1179 1370 1218 quos
1391 1167 1436 1204 ab
1458 1166 1533 1206 hoc
1554 1168 1715 1207 violatos

318 1230 389 1270 effe
418 1230 561 1275 dixisti,
592 1230 768 1284 pluribus
800 1230 923 1269 verbis
956 1230 1030 1269 tibi
1061 1230 1370 1284 respondendum
1397 1242 1522 1284 putaS.
1556 1235 1647 1285 Qo
1674 1235 1714 1272 in

317 1297 481 1336 crimine
501 1296 601 1336 nihil
621 1297 674 1336 est
694 1311 869 1349 unquam
889 1297 955 1335 abs
976 1306 1014 1336 te
1031 1297 1195 1342 difflum,
1224 1298 1293 1336 nifi
1314 1312 1334 1336 a
1353 1299 1401 1337 C.
1425 1299 1563 1338 Riacro
1581 1301 1714 1353 objec-

318 1372 402 1402 tum
425 1363 496 1402 effe
515 1364 664 1402 crimen
685 1364 725 1402 id
746 1365 792 1403 C.
817 1364 992 1402 Rabirio.
1026 1364 1072 1402 In
1092 1378 1170 1416 quo
1190 1378 1262 1417 ego
1286 1364 1466 1410 demiror,
1500 1367 1716 1405 meminiffe

316 1439 368 1476 te,
404 1430 499 1483 quid
526 1431 710 1483 objecerit
742 1431 790 1469 C.
819 1431 980 1469 Rabirio
1011 1431 1148 1469 Macer
1175 1431 1361 1470 inimicus
1377 1450 1390 1477 ς
1425 1432 1597 1472 oblitum
1628 1433 1713 1480 effe,

317 1497 413 1549 quid
433 1497 532 1548 aequi
553 1506 590 1535 et
604 1497 723 1549 jurati
735 1497 885 1549 judices
900 1497 1125 1549 judicarint.

371 1563 446 1600 III.
479 1565 543 1600 An
564 1563 610 1600 de
629 1562 809 1615 peculatu
829 1562 943 1607 facto,
965 1576 1013 1600 an
1033 1562 1079 1600 de
1096 1562 1284 1601 tabulario
1301 1564 1470 1609 incenso,
1493 1564 1607 1618 longa
1627 1580 1713 1605 ora-

317 1628 372 1667 tio
392 1628 444 1667 est
463 1628 740 1681 exprimenda?
759 1642 837 1681 quo
857 1629 898 1667 in
917 1629 1081 1667 crimine
1101 1630 1343 1682 propinquus
1365 1632 1412 1669 C.
1436 1631 1587 1670 Rabirii
1603 1634 1712 1685 judi-

316 1695 378 1732 cio
397 1694 602 1733 clariffimo
623 1695 672 1733 C.
696 1695 855 1733 Curtius
882 1709 953 1747 pro
979 1695 1120 1733 virtute
1139 1694 1204 1733 sua
1221 1695 1274 1733 est
1292 1694 1552 1735 honestissime
1571 1698 1711 1737 libera-

316 1770 376 1799 tus
389 1779 401 1806 ς
425 1761 504 1814 ipse
520 1774 608 1799 vero
624 1760 806 1800 Rabirius
822 1775 899 1799 non
916 1761 1034 1800 modo
1049 1761 1090 1799 in
1103 1761 1301 1814 judicium
1320 1761 1463 1801 horum
1483 1765 1712 1810 criminum,

315 1826 380 1866 sed
399 1840 448 1865 ne
467 1827 509 1865 in
533 1826 793 1866 tenuiffimam
821 1827 980 1880 quidem
1012 1827 1268 1881 suspicionem
1296 1829 1426 1874 verbo,
1457 1829 1510 1867 est
1538 1845 1713 1884 unquam

314 1901 485 1932 vocatus.
507 1894 572 1931 An
593 1893 639 1931 de
659 1892 794 1932 sororis
815 1893 898 1933 filio
917 1894 1143 1947 diligentius
1164 1895 1473 1948 respondendum
1495 1897 1570 1935 est?
1593 1912 1712 1950 quern

314 1960 360 1998 ab
386 1959 463 1999 hoc
489 1969 668 1999 necatum
693 1960 764 1999 effe
791 1960 933 2007 dixisti,
964 1975 1058 2000 cum
1084 1961 1131 2000 ad
1155 1962 1298 2014 judicii
1328 1977 1479 2002 moram
1509 1963 1711 2003 familiaris

313 2024 457 2065 funeris
491 2027 682 2066 excusatio
717 2038 961 2080 quaereretur.
1008 2028 1117 2081 Qid
1152 2029 1259 2068 enim
1292 2030 1344 2068 est
1379 2039 1458 2068 tam
1492 2031 1709 2076 verisimile,

313 2106 431 2145 quam
445 2094 629 2132 cariorem
644 2093 738 2132 huic
756 2094 891 2134 sororis
909 2094 1109 2140 maritum,
1131 2109 1250 2149 quam
1271 2096 1406 2135 sororis
1422 2097 1564 2142 filium,
1579 2097 1710 2135 fuiffe?

311 2169 426 2212 atque
454 2161 508 2199 ita
537 2162 736 2207 cariorem,
768 2172 812 2201 ut
842 2162 937 2201 alter
967 2163 1046 2201 vita
1071 2163 1330 2203 crudeliffime
1359 2165 1585 2217 privaretur,
1617 2179 1708 2202 cum

313 2225 422 2264 alteri
441 2226 487 2264 ad
507 2227 763 2279 prolationem
786 2228 928 2281 judicii
954 2228 1121 2267 biduum
1149 2239 1382 2282 quaereretur
1402 2231 1415 2267 ?
1447 2233 1510 2269 An
1530 2231 1576 2268 de
1597 2231 1708 2267 servis

313 2292 445 2330 alienis
473 2303 604 2332 contra
629 2293 757 2347 legem
785 2295 947 2334 Fabiam
973 2296 1146 2341 retentis,
1177 2306 1243 2335 aut
1268 2297 1315 2334 de
1343 2297 1490 2335 civibus
1519 2297 1708 2334 Romanis

312 2368 443 2396 contra
458 2358 585 2410 legem
601 2359 777 2398 Porciam
794 2361 1014 2407 verberatis,
1037 2370 1102 2400 aut
1121 2363 1280 2408 necatis,
1302 2363 1412 2416 plura
1428 2362 1587 2399 dicenda
1606 2361 1706 2406 sunt,

312 2438 405 2464 curn
424 2433 531 2463 tanto
551 2424 676 2463 studio
697 2427 744 2464 C.
768 2427 948 2466 Rabirius
971 2429 1089 2467 totius
1110 2430 1280 2481 Apuliae,
1312 2428 1488 2480 fingulari
1512 2428 1708 2465 voluntate

313 2492 535 2546 Campaniae
555 2491 779 2537 vicinitatis,
809 2495 996 2533 ornetur?
1028 2507 1199 2549 cumque
1225 2495 1271 2533 ad
1297 2495 1377 2545 ejus
1405 2494 1708 2547 propulsandum
