2212 2835
489 128 562 167 ψ
989 113 1388 152 ORATlo

484 217 652 269 despexit
684 223 795 266 atque
826 212 1070 264 contempsit,
1105 221 1147 250 ut
1176 224 1217 248 ea
1248 211 1370 263 copia,
1406 223 1523 262 quarn
1557 210 1685 250 secum
1718 211 1865 256 eduxit,

487 284 519 319 se
548 282 644 319 hanc
672 281 869 318 civitatem
894 277 1158 330 oppreffurum
1185 277 1442 315 arbitraretur.
1474 277 1608 314 Latius
1635 286 1736 329 patet
1761 277 1865 314 illius

485 348 630 385 sceleris
661 346 853 398 contagio,
884 357 1001 396 quam
1033 343 1234 396 quisquam
1269 351 1404 395 putat:
1437 342 1482 379 ad
1514 342 1640 394 plures
1671 343 1863 394 pertinet:

482 414 600 458 intus,
624 412 742 456 intus,
773 412 948 463 inquam,
970 409 1022 447 est
1041 422 1161 462 equus
1182 410 1398 461 Trojanus;
1430 421 1450 445 a
1470 421 1548 459 quo
1569 420 1783 460 nunquam,
1804 420 1868 445 me

483 478 650 522 consule,
679 477 910 514 dormientes
930 474 1223 528 opprimemini.

538 544 688 594 Qaeris
709 557 729 580 a
750 557 825 587 me,
849 542 943 594 quid
963 554 1034 593 ego
1055 540 1263 579 Catilinam
1285 548 1469 577 metuam.
1503 537 1642 583 Nihil,
1665 547 1702 576 et
1723 538 1866 583 curavi,

485 624 532 648 ne
562 610 648 661 quis
678 617 892 646 metueret:
926 607 987 644 sed
1013 607 1140 658 copias
1170 605 1287 649 illius,
1319 617 1410 656 quas
1438 603 1502 641 hic
1528 604 1653 649 video,
1684 603 1771 641 dico
1798 603 1869 641 effe

484 674 734 713 metuendas:
765 687 835 711 nec
858 683 935 710 tam
957 671 1152 709 timendus
1178 671 1231 708 est
1258 683 1361 707 nunc
1387 669 1575 707 exercitus
1603 670 1651 708 L.
1676 669 1866 713 Catilinae,

484 755 601 793 quam
623 740 694 784 isti,
725 740 793 791 qui
820 738 934 776 illurn
962 737 1174 775 exercitum
1202 735 1395 773 deseruiffe
1419 736 1614 774 dicuntur.
1645 737 1739 775 Non
1763 736 1867 774 enim

483 806 752 848 deseruerunt3
784 803 859 848 sed,
896 803 941 840 ab
973 802 1041 839 illo
1071 802 1111 839 in
1141 801 1302 853 speculis
1334 810 1448 852 atque
1481 801 1623 838 insidiis
1656 802 1792 846 relicti,
1828 801 1867 838 in

483 873 607 924 capite
637 880 752 922 atque
782 870 822 907 in
853 869 1064 907 cervicibus
1096 867 1231 906 nostris
1263 866 1490 904 restiterunt.
1523 867 1580 904 Hi
1611 875 1649 904 et
1675 868 1868 919 integrum

484 937 694 981 consulem,
725 945 763 974 et
793 936 940 974 bonum
973 935 1257 986 imperatorem,
1288 942 1330 969 et
1361 940 1494 969 natura
1522 941 1562 969 et
1588 930 1745 969 fortuna
1775 946 1868 970 cum

485 1003 704 1056 reipublicae
734 1001 850 1039 salute
880 1000 1146 1051 conjundfflm,
1178 998 1291 1051 dejici
1321 998 1367 1035 de
1401 998 1505 1036 urbis
1539 998 1723 1050 praefidio,
1755 1007 1793 1036 et
1822 998 1868 1036 de

483 1069 650 1107 custodia
668 1067 847 1111 civitatis,
877 1065 1005 1103 vestris
1029 1065 1236 1109 sententiis,
1268 1063 1475 1108 deturbari,
1506 1064 1655 1102 volunt.
1689 1065 1869 1115 Qorum

483 1150 554 1188 ego
588 1134 732 1173 ferrum
765 1143 803 1171 et
837 1132 1035 1170 audaciam
1071 1132 1182 1183 rejeci
1213 1131 1252 1168 in
1287 1144 1439 1182 camp0‚
1470 1130 1665 1169 debilitavi
1700 1132 1740 1169 in
1769 1130 1868 1176 foro,

484 1200 683 1254 compressi
714 1200 828 1237 etiam
856 1198 962 1236 dorni
989 1211 1084 1235 meae
1113 1197 1220 1249 saepe,
1251 1196 1434 1246 judices,
1465 1195 1526 1233 his
1557 1210 1622 1234 vos
1652 1197 1676 1234 fi
1704 1197 1869 1235 alterum

483 1267 680 1305 consulem
701 1264 945 1308 tradideritis,
976 1263 1062 1316 plus
1084 1263 1210 1300 multo
1230 1271 1341 1299 erunt
1361 1261 1487 1299 vestris
1508 1261 1717 1307 sententiis,
1749 1277 1868 1315 quam

485 1334 559 1372 suis
593 1332 744 1385 gladiis,
775 1330 981 1369 consecuti.
1019 1330 1158 1382 Magni
1192 1328 1358 1372 interest,
1390 1328 1560 1379 Judices,
1593 1328 1630 1366 id
1662 1329 1767 1381 quod
1797 1343 1869 1382 ego

486 1399 619 1437 multis
649 1396 948 1450 repugnantibus
975 1396 1036 1448 egi
1063 1405 1178 1447 atque
1203 1393 1362 1447 perfeci,
1393 1394 1463 1432 effe
1488 1395 1672 1433 Kalendis
1698 1395 1869 1447 januarii

484 1467 524 1505 in
547 1464 740 1518 republica
759 1464 835 1501 duo
855 1462 1041 1501 consules.

541 1531 677 1569 Nolite
705 1529 891 1573 arbitrari,
923 1528 1182 1566 mediocribus
1212 1528 1393 1573 confiliis,
1425 1536 1490 1566 aut
1521 1528 1661 1566 ufitatis
1688 1528 1774 1574 vils,
1804 1536 1870 1566 aut

484 1598 568 1650 lege
589 1596 778 1649 improba,
809 1604 873 1633 aut
893 1594 1100 1647 perniciosa
1121 1594 1334 1647 largitione,
1366 1594 1543 1632 auditum
1564 1594 1770 1646 aliquando
1797 1594 1868 1632 ali-

486 1663 589 1715 quod
610 1662 756 1700 malum
777 1661 996 1713 reipublicae
1016 1660 1133 1712 quaeri
1152 1674 1161 1698 ι
1192 1660 1287 1697 inita
1307 1660 1393 1698 sunt
1420 1661 1460 1698 in
1480 1659 1551 1698 hac
1571 1660 1726 1698 civitate
1746 1659 1870 1698 confi-

485 1728 549 1773 lia,
583 1728 751 1779 Judices,
788 1727 892 1764 urbis
928 1725 1108 1769 delendae,
1148 1725 1294 1762 civium
1330 1725 1659 1769 trucidandorum,
1699 1726 1868 1763 nominis

486 1793 655 1830 Romani
677 1791 941 1843 extinguendi.
974 1792 1105 1841 Atque
1124 1788 1206 1826 haec
1232 1789 1348 1833 cives,
1380 1790 1495 1834 cives,
1526 1790 1701 1841 inquam,
1734 1790 1785 1840 (fi
1806 1802 1867 1828 eos

485 1857 561 1896 hoc
582 1857 739 1895 nomine
759 1855 940 1908 appellari
961 1854 1014 1892 fas
1035 1855 1104 1906 est)
1128 1854 1173 1892 de
1193 1855 1310 1907 patria
1330 1853 1391 1891 sua
1416 1863 1453 1892 et
1481 1855 1666 1908 cogitant,
1697 1865 1734 1893 et
1758 1856 1867 1908 cogi-

487 1932 674 1961 taverunt.
708 1923 863 1960 Horum
891 1934 962 1974 ego
986 1920 1159 1973 quotidie
1184 1920 1349 1958 confiliis
1375 1933 1548 1965 occurro,
1578 1920 1775 1958 audaciam
1799 1921 1869 1959 de-

487 1989 613 2033 bilito‚
645 1988 770 2026 sceleri
792 1987 928 2025 resisto.
962 1988 1032 2025 Sed
1054 2000 1118 2025 vos
1140 2000 1291 2030 moneo,
1323 1987 1477 2037 Judices
1495 2002 1503 2023 :
1538 1987 1575 2023 in
1597 1987 1701 2024 exitu
1721 1987 1868 2039 estjam

486 2068 595 2093 meus
616 2054 831 2092 consulatus
850 2068 857 2091 :
891 2053 1009 2091 nolite
1030 2052 1129 2091 mihi
1150 2051 1364 2090 subtrahere
1384 2052 1568 2090 vicarium
1590 2066 1682 2090 meae
1702 2052 1867 2105 diligen-

488 2122 575 2159 tiae:
608 2120 727 2158 nolite
746 2120 911 2157 adimere
930 2132 1035 2164 eum,
1065 2120 1129 2157 cui
1150 2118 1428 2171 rempublicam
1455 2119 1570 2171 cupio
1598 2119 1740 2157 tradere
1760 2119 1869 2158 inco·
1904 2113 1906 2115 ,

487 2188 649 2230 lumem,
681 2186 727 2223 ab
749 2185 808 2223 his
829 2186 942 2224 tantis
963 2186 1142 2238 periculis
1163 2185 1455 2224 defendendam

543 2253 774 2291 XXXVIII.
808 2254 952 2304 Atque,
983 2252 1028 2290 ad
1049 2251 1130 2290 haec
1150 2252 1249 2290 mala
1269 2252 1437 2303 Judices,
1464 2252 1558 2304 quid
1579 2251 1731 2289 accedat
1750 2251 1867 2296 aliud,

487 2334 567 2360 non
588 2319 753 2358 videtis?
785 2321 859 2364 Te,
891 2328 926 2356 te
946 2319 1110 2373 appello,
1143 2320 1267 2357 Cato.
1300 2332 1426 2357 nonne
1455 2319 1637 2372 prospicis
1664 2318 1867 2372 tempesta-

487 2396 568 2425 tem
591 2386 678 2424 anni
700 2386 756 2424 tui
776 2386 788 2423 ?
818 2386 905 2438 Jam
927 2386 1031 2424 enim
1060 2383 1231 2424 hesterna
1251 2385 1435 2424 concione
1456 2385 1625 2424 intonuit
1645 2399 1718 2424 vox
1738 2383 1865 2437 perni-
