2212 2835
528 164 604 215 443
1017 158 1427 197 ‘ORATIO

523 264 796 319 rejiciendum,
828 262 891 301 sed
911 261 957 300 ab
979 260 1195 299 accusatore
1213 260 1459 305 constitutos,
1485 259 1636 313 judices
1664 260 1717 299 ita
1743 259 1924 307 feremus,

528 341 572 371 ut
606 331 806 371 neminem
840 329 1059 381 rejiciamus
1078 328 1091 365 ?
1128 328 1270 380 Neque
1303 341 1376 379 ego
1411 341 1513 366 nunc
1545 327 1640 380 legis
1678 327 1927 380 iniquitatem

528 411 668 450 queror
683 426 695 442 ‚
727 396 789 434 sed
814 394 962 434 factum
986 403 1102 432 tuum
1125 407 1146 432 a
1164 393 1350 432 sententia
1369 393 1464 446 legis
1485 394 1605 433 doceo
1624 393 1859 447 discrepare:
1890 402 1930 433 et

526 463 628 502 illud
657 462 840 502 acerbum
863 461 1060 513 judicium
1079 489 1089 505 ‚
1121 460 1146 498 s1
1166 488 1178 505 ,
1209 460 1543 512 quemadmodum
1573 460 1721 499 senatus
1751 460 1928 505 censuit,

526 529 770 582 populusque
793 527 915 580 justit,
947 527 999 565 ita
1025 525 1187 571 fecisses,
1217 535 1262 564 us:
1295 527 1337 564 in
1368 524 1475 564 hunc
1507 535 1545 565 et
1576 526 1680 566 suam
1710 536 1749 564 et
1777 526 1825 564 ab
1852 524 1930 563 1106

529 595 741 634 observatas
773 594 900 632 tribus
935 593 1090 637 ederes;
1123 605 1202 630 non
1238 592 1357 630 modo
1388 605 1467 631 non
1496 606 1686 645 quererer,
1718 592 1779 630 sed
1807 590 1930 638 1111116,

523 661 723 714 judicibus
757 659 884 703 editis,
916 659 986 711 qui
1017 659 1125 696 testes
1155 658 1277 696 iidem
1307 657 1377 696 effe
1405 657 1567 712 possent,
1598 658 1820 697 absolutum
1850 671 1928 710 pu-

531 738 650 766 tarem
671 742 679 765 :
704 739 828 778 neque
849 738 954 763 nunc
975 725 1104 763 multo
1123 725 1226 763 secus
1247 724 1440 764 existimo.
1465 726 1571 764 Cum
1592 726 1698 764 enim
1719 724 1785 764 has
1806 724 1931 763 tribus

531 794 694 838 edidisti,
726 793 869 845 ignotis
890 800 928 829 te
940 791 1142 844 judicibus
1162 791 1222 829 uti
1243 789 1371 836 malle,
1401 803 1520 843 quam
1540 792 1657 836 notis,
1686 791 1900 830 indicavisti
1918 804 1930 829 ε

531 859 665 913 fugisti
683 858 913 897 sententiam
932 856 1028 910 legis
1044 875 1057 902 3
1087 857 1310 910 aequitatem
1339 869 1501 895 omnem
1530 855 1691 909 rejecisti
1706 874 1719 902 ς
1750 856 1792 895 111
1821 864 1930 895 tene·-

531 927 624 971 bris,
657 939 774 979 quam
795 925 836 962 in
856 924 957 968 luce,
988 923 1140 962 causam
1160 923 1298 963 versari
1317 923 1502 962 maluisti.

586 992 762 1032 Voltinia
783 991 906 1030 tribus
926 991 974 1029 ab
993 989 1071 1029 hoc
1091 999 1271 1043 corrupta
1288 1004 1298 1028 τ
1331 989 1587 1029 Terentinam
1606 988 1791 1029 habuerat
1813 1001 1932 1028 vena-

549 1074 625 1099 em.
663 1059 774 1112 Qid
793 1059 937 1097 diceret
954 1057 1058 1111 apud
1079 1057 1337 1096 Voltinienses
1353 1085 1366 1103 ,
1395 1065 1462 1096 aut
1491 1056 1653 1096 tribules
1682 1056 1768 1095 suos
1786 1085 1798 1102 ,
1821 1054 1934 1108 judi-

529 1141 593 1166 ces
613 1128 626 1164 ?
656 1127 783 1165 immo
802 1139 891 1164 vero
911 1134 954 1164 tu
975 1125 1072 1178 quid
1091 1124 1236 1163 diceres
1255 1126 1269 1162 ?
1290 1137 1411 1177 quem
1425 1123 1601 1176 judicem
1622 1137 1670 1162 ex
1689 1122 1768 1162 illis
1787 1130 1854 1161 aut
1873 1130 1935 1161 ta-

531 1194 657 1232 citum
678 1193 811 1231 testem
832 1191 1003 1236 haberes,
1031 1199 1098 1229 aut
1117 1204 1206 1229 vero
1226 1191 1344 1229 etiam
1364 1189 1549 1228 excitares
1566 1190 1580 1227 ?
1601 1189 1779 1234 Etenim,
1800 1188 1827 1227 fi
1846 1199 1933 1226 reus

530 1261 656 1299 tribus
677 1260 831 1304 ederet,
861 1258 1081 1296 Voltiniam
1099 1256 1251 1296 fortasse
1271 1256 1452 1295 Plancius
1469 1286 1481 1301 ‚
1513 1265 1667 1310 propter
1691 1255 1935 1295 vicinitatem

530 1340 576 1365 ac
597 1325 914 1365 neceffitudinem
936 1324 1057 1368 suam,
1087 1336 1168 1361 non
1188 1322 1375 1361 edidisset.
1405 1322 1475 1367 Et,
1506 1322 1533 1360 fi
1565 1322 1743 1375 quaefitor
1762 1320 1934 1360 edendus

533 1393 676 1439 fuisset,
707 1405 827 1444 quem
861 1390 1019 1429 tandem
1054 1390 1201 1442 potius,
1231 1402 1351 1442 quam
1381 1386 1491 1427 hunc
1527 1389 1576 1427 C.
1613 1387 1782 1433 Alfium,
1813 1400 1936 1440 quem

531 1460 664 1505 habet,
694 1459 758 1497 cui
794 1457 1011 1495 notiffimus
1045 1455 1119 1493 effe
1148 1455 1277 1500 debet,
1305 1454 1499 1500 vicinum,
1529 1454 1731 1500 tribulem,
1761 1453 1935 1507 graviffi-

531 1540 645 1565 mum
665 1524 869 1563 hominem
882 1522 1228 1576 justiffimumque,
1258 1520 1463 1560 edidisset?
1494 1521 1604 1573 cujus
1625 1520 1786 1573 quidem
1812 1520 1937 1573 aequi-

532 1602 604 1639 tas,
626 1601 663 1631 et
683 1604 777 1630 meae
798 1590 933 1628 fimilis
954 1589 1131 1628 voluntas
1152 1602 1241 1642 erga
1260 1589 1336 1627 Cn.
1360 1587 1510 1626 Plancii
1529 1587 1705 1632 salutem,
1727 1599 1847 1640 quam
1867 1585 1936 1625 ille

533 1659 611 1698 fine
633 1659 711 1698 ulla
730 1657 954 1711 cupiditatis
975 1656 1189 1709 suspicione
1208 1669 1286 1708 prae
1304 1654 1343 1693 se
1361 1652 1465 1700 fert,
1494 1653 1610 1693 facile
1629 1653 1794 1693 declarat
1810 1681 1824 1699 ,
1853 1665 1934 1692 non

533 1725 645 1765 fuiffe
664 1724 870 1778 fugiendos
889 1723 1052 1762 tribules
1070 1721 1165 1774 huic
1178 1721 1330 1774 judices
1346 1749 1359 1767 ‚
1389 1720 1455 1759 cui
1487 1720 1728 1775 quaefitorem
1748 1718 1935 1758 tribulem

530 1792 798 1845 exoptandum
819 1789 929 1828 fuisse
958 1789 1130 1827 videatis.

589 1858 748 1896 XVIII.
779 1856 923 1908 Neque
943 1868 1015 1907 ego
1035 1867 1140 1892 nunc
1160 1853 1366 1893 confilium
1386 1851 1625 1907 reprehendo
1652 1861 1765 1890 tuum
1784 1880 1796 1897 ‚
1827 1851 1934 1904 quod

533 1936 612 1963 non
634 1936 694 1962 eas
715 1922 854 1968 tribus,
886 1921 1029 1975 quibus
1048 1920 1115 1958 hic
1135 1921 1307 1959 maxime
1327 1928 1441 1958 notus
1461 1928 1553 1965 erat,
1576 1919 1753 1964 edideris,
1774 1918 1837 1957 sed
1856 1931 1877 1956 a
1898 1927 1936 1956 te

533 1990 656 2029 doceo
674 1988 879 2028 confilium
900 2001 977 2026 non
998 1987 1188 2026 servatum
1209 1987 1372 2025 senatus,
1404 1986 1566 2025 Etenim
1587 1986 1673 2039 quis
1695 1993 1732 2024 te
1752 1994 1838 2024 tum
1864 1998 1936 2023 au-

535 2057 634 2096 diret
653 2057 812 2095 illorum
830 2056 843 2093 ?
876 2064 941 2093 aut
961 2055 1055 2108 quid
1076 2054 1219 2093 diceres
1240 2054 1253 2091 ?
1287 2053 1576 2107 Sequestremne
1605 2052 1809 2091 Plancium
1828 2053 1841 2090 ?
1872 2065 1935 2091 re·-

536 2125 713 2177 spuerent
735 2137 855 2168 aures,
886 2136 1004 2161 nemo
1030 2122 1264 2175 agnosceret,
1295 2121 1571 2174 repudiaretur.
1604 2121 1669 2158 An
1689 2119 1945 2173 gratiosum?

534 2190 596 2228 illi
616 2191 781 2229 libenter
800 2189 976 2228 audirent
994 2203 1003 2227 ε
1036 2201 1104 2227 nos
1131 2202 1210 2227 non
1230 2188 1368 2227 timide
1389 2187 1676 2226 confiteremur.
1708 2186 1807 2225 Noli
1827 2186 1935 2224 enim

536 2267 684 2311 putare,
714 2256 941 2302 Laterenfis‚
972 2256 1124 2309 legibus
1145 2256 1239 2301 istis,
1271 2268 1364 2308 quas
1386 2255 1532 2293 senatus
1554 2254 1600 2293 de
1621 2253 1773 2292 ambitu
1793 2252 1935 2291 sancire

535 2326 702 2365 voluerit
717 2354 726 2370 ,
760 2324 798 2362 id
819 2324 889 2362 effe
909 2326 1037 2362 aecum
1052 2352 1064 2368 ‚
1096 2332 1139 2362 ut
1159 2322 1398 2376 suffragatio,
1429 2331 1473 2361 ut
1492 2322 1750 2366 observantia,
1781 2330 1826 2359 ut
1845 2332 1934 2373 gra-

537 2393 591 2431 tia
620 2392 819 2430 tolleretur
838 2405 846 2429 :
879 2390 1027 2444 semper
1050 2389 1207 2429 fuerunt
1229 2390 1322 2430 boni
1342 2389 1427 2436 viri,
1458 2389 1527 2443 qui
1547 2388 1649 2443 apud
1669 2387 1828 2429 tribules
1848 2386 1932 2425 suos

535 2459 686 2513 gratiosi
709 2458 779 2497 effe
799 2458 958 2499 vellent.
