2212 2835
644 126 784 168 PRO
842 121 1062 164 DOMO
1121 120 1267 159 SUA.
1462 120 1465 124 ·
1578 116 1654 170 383

264 236 290 274 fi
310 233 442 273 censor
463 240 549 270 tum
569 229 670 274 effet,
687 241 780 266 cum
796 239 867 280 ego
887 224 1054 268 aberam,
1072 234 1160 260 meo
1180 220 1268 258 loco
1289 218 1496 257 senatorem
1519 218 1655 256 recita-

264 311 396 341 turum
417 297 539 337 fuiffe.

319 367 420 420 Qis
441 366 481 403 in
502 376 637 402 meum
656 361 790 399 locum
804 357 981 411 judicem
1001 353 1170 392 subdidit
1189 353 1201 389 ?
1234 351 1334 402 Qis
1360 364 1535 389 meorum
1557 350 1657 388 ami-

266 447 404 472 corum
424 431 698 470 testamentum
717 423 871 464 discessu
891 435 979 460 meo
998 420 1093 458 fecit
1107 448 1118 464 ‚
1150 418 1220 470 qui
1240 416 1341 455 mihi
1362 431 1438 454 non
1459 417 1563 454 idem
1586 417 1657 454 tri-

266 499 406 543 buerit,
423 495 529 549 quod
546 503 584 531 et
603 493 631 530 fi
650 490 812 529 adeffem
830 488 844 525 ?
867 487 967 538 Qis
989 498 1052 523 me
1069 497 1146 522 non
1167 481 1285 520 modo
1305 482 1415 525 civis,
1438 481 1499 518 sed
1520 481 1659 525 socius,

265 565 432 616 recipere
451 568 583 599 contra
602 567 709 596 tuam
730 556 871 607 legem,
892 561 931 590 et
945 551 1092 603 juvare,
1115 547 1334 586 dubitavit?
1367 547 1548 598 Denique
1570 548 1659 584 uni-

264 629 391 668 versus
411 627 558 665 senatus
579 622 706 661 multo
725 630 812 658 ante
829 648 841 664 ‚
871 630 989 670 quam
1010 615 1062 653 est
1081 614 1156 652 lata
1176 613 1238 651 lex
1253 641 1263 657 ‚
1295 611 1342 650 de
1361 625 1424 650 me
1447 624 1659 649 GRATrAs

269 706 488 734 AGENDAS
513 701 715 729 CENSUIT
741 696 1054 726 CIVITATIBUS
1083 694 1162 726 118,
1196 691 1301 728 QJAE
1326 680 1388 717 M.
1407 681 1659 723 TULLitJM3

241 786 246 791 ·
266 760 503 800 tantumne?
537 759 663 795 immo
701 754 817 792 etiam
836 781 847 798 ,
885 752 1039 789 C1VEM
1081 757 1261 785 OPTIME
1302 758 1357 783 DE
1399 757 1661 782 REPUsschA

269 837 517 869 MER1TUM,
557 830 882 860 RECEPISSENT.
926 816 981 854 Et
1013 822 1057 852 tu
1091 825 1205 856 unus,
1242 809 1393 864 pestifer
1426 811 1536 854 civis,
1571 823 1664 847 eum

267 893 488 931 restitutum
520 900 634 940 negas
667 885 737 924 effe
767 885 908 928 civem,
939 894 1058 934 quem
1089 879 1256 931 ejectum
1288 876 1483 914 universus
1515 875 1663 920 senatus

269 973 349 997 non
369 957 486 996 modo
506 955 646 998 civem,
677 952 740 990 sed
758 950 877 988 etiam
892 946 1092 1001 egregium
1113 945 1254 989 civem,
1286 942 1435 995 semper
1455 942 1603 995 putavit
1622 941 1635 977 ?
1658 958 1660 961 v

325 1027 381 1064 At
401 1037 488 1062 vero
504 1052 515 1068 ‚
547 1030 592 1059 ut
616 1018 768 1058 annales
789 1015 927 1070 populi
948 1013 1118 1052 Romani
1137 1020 1177 1048 et
1196 1017 1452 1048 monumenta
1471 1007 1664 1047 vetustatis

268 1093 507 1145 loquuntur,
539 1087 646 1127 Caeso
664 1085 730 1124 ille
751 1083 961 1134 Qinfius,
992 1089 1030 1118 et
1051 1079 1114 1117 M.
1138 1077 1278 1116 Furius
1300 1075 1511 1120 Camillus,
1542 1084 1579 1112 et
1600 1075 1664 1112 M.

272 1158 452 1198 Servilius
474 1154 618 1199 Ahala,
651 1166 744 1190 cum
764 1150 879 1189 effent
899 1148 1048 1201 optime
1068 1145 1115 1183 de
1134 1143 1331 1197 republica
1351 1141 1504 1186 meriti,
1536 1150 1667 1179 tamen

270 1224 409 1278 populi
428 1222 579 1261 incitati
599 1220 680 1258 vim
700 1216 1018 1266 iracundiamque
1036 1211 1254 1254 subierunt3
1274 1208 1522 1259 damnatique
1539 1207 1666 1245 comi-

271 1292 336 1330 tiis
366 1287 588 1329 centuriatis
619 1299 712 1324 cum
744 1284 784 1321 in
816 1281 978 1321 exilium
1007 1275 1274 1331 profugissent,
1306 1274 1430 1312 rursus
1458 1273 1504 1311 ab
1531 1273 1668 1311 eodem

272 1356 419 1411 populo
456 1355 606 1408 placato
644 1351 732 1389 sunt
769 1350 809 1386 in
848 1348 954 1385 suam
990 1343 1188 1397 pristinam
1223 1341 1454 1393 dignitatem
1489 1338 1666 1377 restituti.

274 1422 395 1474 Qod
414 1421 440 1459 fi
455 1450 467 1465 ‚
497 1420 543 1458 iis
564 1416 753 1456 damnatis
768 1443 779 1459 ,
811 1426 888 1451 non
909 1410 1028 1449 modo
1048 1422 1126 1447 non
1147 1407 1352 1445 imminuit
1372 1406 1566 1443 calamitas
1588 1404 1667 1441 cla-

270 1477 410 1527 ¹riffimi
429 1485 599 1524 nominis
620 1482 797 1535 gloriam,
830 1477 891 1516 sed
911 1476 1027 1514 etiam
1047 1472 1260 1517 honestavit
1276 1489 1287 1516 3
1323 1472 1446 1522 (nam,
1471 1471 1535 1508 etsi
1557 1480 1667 1523 opta-

274 1555 392 1593 bilius
411 1553 464 1591 est
481 1581 491 1596 ,
522 1550 677 1589 cursum
696 1547 783 1585 vitae
803 1543 991 1582 conficere
1011 1541 1087 1579 fine
1107 1538 1237 1576 dolore
1258 1546 1295 1575 et
1315 1538 1392 1575 fine
1413 1537 1552 1589 injuria
1567 1565 1578 1582 ,
1612 1546 1670 1574 ta-

276 1633 368 1659 men
387 1618 434 1656 ad
454 1614 788 1655 immortalitatem
808 1609 937 1662 gloriae
957 1606 1044 1660 plus
1065 1603 1174 1642 affert
1194 1603 1446 1641 defideratum
1466 1601 1537 1639 effe
1556 1615 1578 1638 a
1596 1601 1670 1639 suis

277 1686 427 1724 civibus
445 1713 456 1729 ‚
487 1695 605 1735 quam
626 1678 790 1718 omnino
810 1687 1011 1727 nunquam
1032 1670 1102 1709 effe
1124 1669 1330 1721 violatum)
1354 1667 1469 1713 mihi,
1491 1667 1568 1705 fine
1588 1667 1671 1704 ullo

269 1751 420 1805 judicio
438 1748 573 1804 populi
592 1744 784 1799 profecto,
816 1751 902 1780 tum
923 1736 1166 1791 ampliffimis
1187 1735 1366 1773 omnium
1383 1733 1542 1786 judiciis
1563 1732 1670 1770 resti-

276 1827 376 1862 tuto,
409 1814 603 1855 maledicti
622 1812 754 1850 locum
776 1816 840 1847 aut
860 1805 1037 1845 criminis
1057 1802 1252 1842 obtinebit
1270 1801 1283 1838 ?

333 1883 462 1922 Fortis
488 1889 527 1919 et
552 1878 727 1918 constans
757 1877 796 1914 in
822 1874 971 1927 optima
997 1870 1142 1909 ratione
1168 1869 1262 1907 civis
1284 1868 1327 1906 P.
1352 1865 1542 1918 Popillius
1571 1864 1672 1901 sem-

277 1963 344 2004 per
365 1947 441 1986 fuit
459 1962 468 1985 :
501 1955 627 1984 tamen
648 1944 728 1995 ejus
750 1942 790 1979 in
810 1940 919 1978 omni
940 1939 1018 1976 vita
1037 1935 1137 1974 nihil
1158 1935 1211 1972 est
1231 1933 1276 1971 ad
1297 1933 1451 1970 laudem
1472 1930 1672 1974 illustrius,

276 2028 395 2069 quam
415 2012 608 2051 calamitas
629 2009 720 2062 ipsa.
753 2007 853 2059 Qis
874 2006 978 2043 enim
995 2004 1077 2056 jam
1098 1999 1359 2043 meminisset,
1391 2011 1481 2035 eum
1509 1997 1606 2034 bene
1626 1996 1673 2033 de

283 2081 479 2134 republica
499 2078 682 2116 meritum
701 2104 711 2120 ,
743 2074 811 2112 nifi
840 2081 877 2110 et
905 2072 952 2109 ab
980 2068 1169 2122 improbis
1195 2065 1375 2118 expulsus
1403 2063 1491 2101 effet
1508 2092 1519 2108 ,
1550 2071 1588 2099 et
1608 2074 1673 2114 per

283 2149 405 2186 bonos
428 2142 650 2182 restitutus?
682 2137 914 2192 QMetelli
941 2135 1166 2188 praeclarum
1196 2131 1405 2183 imperium
1432 2130 1472 2166 in
1499 2141 1537 2165 re
1565 2127 1673 2164 mili-

283 2214 354 2252 tari
374 2211 449 2249 fuit
466 2240 477 2255 ‚
508 2208 656 2261 egregia
680 2205 834 2244 censura
852 2233 862 2249 ‚
894 2202 1022 2240 omnis
1050 2201 1128 2237 vita
1152 2197 1264 2250 plena
1290 2195 1512 2248 gravitatis:
1545 2201 1674 2229 tamen

285 2280 400 2331 hujus
422 2278 492 2315 viri
513 2275 666 2313 laudem
686 2273 731 2310 ad
752 2271 1022 2324 sempiternam
1045 2265 1274 2304 memoriam
1304 2261 1487 2314 temporis
1514 2257 1674 2295 calami-

285 2356 339 2385 tas
362 2341 596 2397 propagavit.

341 2408 536 2450 XXXIII.
571 2403 688 2454 Qod
710 2403 733 2441 s1
756 2410 794 2439 et
814 2400 904 2444 illis,
936 2399 1004 2451 qui
1024 2395 1168 2448 expulsi
1190 2394 1275 2432 sunt
1297 2391 1442 2442 inique,
1466 2388 1526 2426 sed
1547 2396 1674 2425 tamen
