2212 2835
687 109 826 148 PRO
885 110 933 148 L.
993 109 1333 149 MURENA.
1648 123 1724 163 239

389 207 523 259 Itaque
543 206 664 246 homo
684 207 970 261 integerrimus,
1000 209 1095 247 civis
1116 208 1304 261 optimus,
1324 221 1416 246 cum
1437 207 1524 246 esset
1544 207 1591 245 L.
1614 207 1727 245 Pauli

335 288 467 327 nepos,
499 275 543 313 P.
567 273 756 321 Africani,
788 286 831 314 ut
851 276 947 321 dixi,
978 275 1110 314 sororis
1132 275 1249 319 filius,
1270 274 1331 313 his
1352 274 1512 314 haedinis
1533 274 1725 327 pelliculis

334 350 495 393 praetura
520 341 688 393 dejectus
717 341 783 380 est.
818 342 915 380 Odit
940 341 1108 394 populus
1136 342 1337 379 Romanus
1359 342 1546 394 privatam
1573 342 1726 380 luxuri-

334 421 397 446 am
413 427 423 452 ;
456 408 655 461 publicam
674 407 1002 460 magnificentiam
1023 407 1152 460 diligit
1170 422 1178 443 :
1212 421 1289 445 non
1310 417 1412 445 amat
1440 407 1608 460 profusas
1629 422 1724 461 epu-

335 474 413 517 las,
442 473 565 512 sordes
584 482 623 511 et
643 471 969 510 inhumanitatem
990 472 1117 511 multo
1137 473 1291 510 minus:
1315 473 1516 525 distinguit
1537 474 1724 512 rationem

334 539 567 583 officiorum,
598 551 641 576 ac
662 547 883 590 temporum
896 556 909 583 ς
942 538 1244 577 vicissitudinem
1264 538 1417 584 laboris,
1439 552 1482 576 ac
1504 539 1723 591 voluptatis.

335 604 455 648 Nam,
487 604 592 656 quod
622 604 689 648 ais,
721 603 827 641 nulla
859 617 896 641 re
926 604 1030 642 allici
1061 603 1270 642 hominum
1297 614 1445 642 mentes
1477 613 1649 657 oportere
1679 605 1727 642 ad

334 670 599 722 magistratum
625 670 900 715 mandandum,
933 671 1001 709 nifi
1028 670 1216 723 dignitate
1232 688 1243 714 3
1276 669 1351 708 hoc
1378 680 1420 709 tu
1451 670 1542 723 ipse,
1574 671 1614 708 in
1646 684 1726 722 quo

333 737 482 775 summa
500 735 553 774 est
573 736 754 789 dignitas,
785 749 864 775 non
892 735 1026 775 servas.
1058 737 1140 775 Cur
1165 736 1271 774 enim
1299 750 1551 789 quemquam,
1583 746 1625 775 ut
1645 737 1725 774 stu-

335 802 421 841 deat
447 802 533 847 tibi,
565 813 608 841 ut
635 811 672 842 te
698 803 865 855 adjuvet,
896 803 1035 856 rogas?
1068 803 1196 855 Rogas
1225 812 1266 840 tu
1288 816 1363 847 me,
1395 812 1439 841 ut
1464 802 1564 841 mihi
1586 803 1723 856 praefis,

337 879 380 908 ut
411 870 660 908 committam
690 883 761 922 ego
795 883 860 908 me
894 870 980 908 tibi.
1014 870 1123 922 Qid
1158 869 1343 908 tandem?
1375 869 1470 907 istuc
1506 883 1569 908 me
1600 870 1723 922 rogari

336 945 485 989 oportet
511 936 576 974 abs
597 944 647 980 te,
678 949 725 974 an
747 944 783 973 te
804 936 931 988 potius
959 949 979 973 a
1003 948 1078 980 me,
1115 944 1158 974 ut
1184 949 1252 989 pro
1287 950 1371 974 mea
1406 935 1521 974 salute
1552 936 1724 974 laborem

334 1002 632 1054 periculumque
651 1001 828 1054 suscipias
848 1002 861 1038 ?
1339 1054 1343 1055 ⁷

391 1068 515 1120 Qid,
546 1068 651 1120 quod
682 1067 798 1106 habes
829 1067 1190 1106 nomenclatorem?
1221 1068 1262 1106 in
1292 1081 1337 1106 eo
1368 1068 1527 1120 quidem
1555 1067 1656 1106 fallis
1687 1077 1726 1106 et

335 1134 495 1187 decipis.
525 1134 648 1179 Nam,
679 1133 706 1172 s1
730 1134 890 1171 nomine
913 1133 1095 1186 appellari
1125 1134 1191 1171 abs
1217 1143 1254 1172 te
1280 1134 1381 1172 cives
1409 1144 1493 1172 tuos
1520 1133 1726 1172 honesturn

334 1200 401 1245 est,
433 1210 543 1252 turpe
569 1199 622 1238 est
645 1213 709 1238 eos
736 1200 902 1238 notiores
929 1199 999 1238 effe
1027 1199 1132 1238 servo
1151 1209 1232 1245 tuo,
1263 1213 1380 1252 quam
1403 1201 1502 1238 tibi:
1535 1201 1589 1238 fin
1609 1201 1726 1239 etiam

335 1267 453 1313 noris,
485 1276 615 1305 tamen
645 1279 712 1319 per
743 1267 977 1304 monitorem
1005 1266 1223 1319 appellandi
1251 1264 1370 1304 sunt?
1402 1280 1471 1304 cur
1499 1276 1584 1304 ante
1610 1267 1725 1320 petis,

333 1346 451 1386 quam
484 1332 759 1372 insusurravit?
799 1342 864 1372 aut
897 1333 1006 1386 quid,
1046 1346 1140 1371 cum
1173 1332 1403 1378 admoneris,
1444 1342 1586 1378 tamen,
1623 1334 1727 1386 quasi

333 1408 414 1438 tute
440 1400 558 1445 noris,
589 1400 642 1438 ita
668 1399 804 1439 salutas
825 1400 837 1437 ?
869 1399 979 1453 quid,
1009 1398 1255 1452 posteaquam
1281 1413 1320 1437 es
1341 1399 1567 1452 defigamus,
1599 1399 1727 1438 multo

332 1463 466 1504 salutas
486 1465 743 1519 negligentius
763 1466 776 1503 ?
808 1466 906 1505 Haec
927 1466 1072 1510 omnia,
1103 1465 1149 1502 ad
1170 1465 1359 1504 rationem
1382 1466 1546 1504 civitatis
1573 1466 1599 1504 fi
1629 1465 1725 1504 diri-

332 1543 411 1581 gas,
447 1533 545 1569 recta
577 1531 691 1570 sunt:
730 1531 783 1570 fin
817 1530 1049 1584 perpendere
1081 1530 1127 1568 ad
1159 1530 1368 1584 disciplinae
1400 1541 1586 1584 praecepta
1616 1532 1726 1577 velis,

334 1596 567 1648 reperiantur
587 1596 813 1649 praviffima.
840 1597 969 1648 Qare
989 1609 1058 1634 nec
1080 1595 1185 1648 plebi
1206 1596 1391 1635 Romanae
1411 1597 1596 1649 eripiendi
1616 1597 1724 1636 fruc-

333 1671 393 1700 tus
426 1661 484 1700 isti
511 1661 598 1701 sunt
623 1662 817 1708 ludorum,
848 1663 1118 1716 gladiatorum,
1149 1663 1444 1708 conviviorum;
1478 1677 1562 1716 quae
1594 1664 1725 1702 omnia

335 1729 495 1780 majores
530 1727 646 1766 nostri
679 1738 1024 1782 comparaverunt:
1065 1742 1135 1767 nec
1169 1729 1379 1767 candidatis
1412 1729 1479 1767 ista
1510 1730 1724 1783 benignitas

334 1794 535 1832 adimenda
566 1793 632 1839 est,
663 1807 747 1848 quae
778 1794 1046 1833 liberalitatem
1076 1795 1199 1848 magis
1227 1795 1426 1848 significat,
1457 1809 1575 1848 quam
1606 1795 1725 1848 largi-

336 1860 496 1898 tionem.

390 1926 604 1965 XXXVII.
637 1928 692 1964 At
726 1927 832 1965 enim
868 1935 904 1964 te
939 1927 986 1965 ad
1015 1927 1274 1966 accusandum
1306 1927 1520 1980 respublica
1548 1928 1723 1966 adduxit.

337 1991 476 2035 Credo,
509 1993 620 2037 Cato,
652 2001 689 2029 te
715 1993 784 2031 isto
811 1994 941 2032 animo
969 2002 1082 2046 atque
1110 2007 1153 2031 ea
1183 1994 1365 2046 opinione
1395 1993 1560 2032 veniffe:
1593 1994 1655 2032 sed
1682 2004 1726 2031 tu

337 2056 597 2109 imprudentia
624 2057 773 2096 laberis.
806 2059 906 2110 Ego,
937 2059 1041 2111 quod
1072 2057 1186 2105 facio,
1218 2059 1390 2110 Judices,
1421 2073 1512 2097 cum
1545 2059 1729 2097 amicitiae

337 2122 607 2174 dignitatisque
626 2125 674 2162 L.
698 2124 874 2162 Murena:
894 2125 1012 2177 gratia
1032 2123 1146 2170 facio,
1178 2134 1262 2163 tum
1283 2138 1346 2162 me
1367 2125 1485 2176 pacis,
1517 2125 1600 2169 otii,
1629 2137 1724 2162 con-

337 2187 488 2232 cordiae,
519 2187 716 2234 libertatis,
749 2189 890 2234 salutis,
911 2190 998 2228 vitae
1018 2190 1185 2242 denique
1204 2191 1383 2228 omnium
1406 2190 1591 2234 nostrum,
1617 2188 1724 2227 causa

338 2251 460 2290 facere
480 2251 619 2297 clamo,
648 2263 760 2305 atque
782 2254 960 2293 obtestor.
993 2255 1151 2300 Audite,
1173 2255 1299 2293 audite
1319 2255 1528 2299 consulem,
1551 2254 1720 2305 judices,

338 2316 436 2355 nihil
452 2317 578 2355 dicam
594 2319 841 2371 arrogantius,
859 2328 1010 2358 tantum
1027 2320 1168 2365 dicam,
1187 2330 1286 2359 totos
1307 2321 1386 2358 dies
1403 2330 1515 2370 atque
1533 2320 1658 2356 noctes
1676 2318 1724 2354 de

339 2383 531 2436 republica
551 2383 800 2436 cogitantem.
833 2384 927 2423 Non
956 2385 1073 2437 usque
1099 2400 1145 2425 eo
1172 2387 1221 2425 L.
1251 2386 1417 2424 Catilina
1440 2383 1719 2435 rempublicam
