2212 2835
369 151 441 201 116
860 152 1267 191 ORATIO

360 247 462 291 esset,
494 248 606 285 illum
639 247 706 284 fibi
739 246 928 298 collegam
955 246 1227 292 adscriberetis,
1259 247 1458 286 custodem
1484 263 1527 288 ac
1553 251 1748 291 vindicem

359 314 631 365 cupiditatum.

413 379 465 415 X.
498 379 592 422 Hic,
624 378 808 430 quoniam
830 377 940 418 video
960 391 1024 417 vos
1045 377 1216 417 hominis
1237 379 1439 432 dignitate,
1459 390 1498 419 et
1512 382 1748 420 contumelia

357 443 466 495 legis,
497 443 568 483 effe
587 454 805 483 commotos
820 462 832 488 5
864 445 1054 483 renovabo
1074 445 1186 490 illud,
1211 446 1316 498 quod
1335 447 1449 486 initio
1467 448 1562 493 dixi,
1584 463 1749 501 regnum

357 510 582 561 comparari,
614 509 831 548 libertatem
858 510 1017 548 vestram
1044 509 1114 548 hac
1141 511 1226 565 lege
1253 511 1428 551 funditus
1458 513 1556 552 tolli.
1588 515 1655 553 An
1680 529 1746 553 vos

356 575 465 612 aliter
484 575 771 619 existimabatis,
802 588 894 613 cum
914 576 961 613 ad
980 577 1112 614 onmia
1130 578 1245 616 vestra
1263 579 1375 630 pauci
1395 577 1574 618 homines
1592 581 1745 633 cupidi-

355 641 443 679 tatis
465 641 596 678 oculos
617 640 847 693 adjecissent,
868 655 945 679 non
965 655 1027 680 eos
1048 643 1089 680 in
1109 644 1244 696 primis
1265 644 1303 682 id
1324 647 1486 690 acturos,
1508 655 1551 684 ut
1569 660 1615 684 ex
1635 647 1747 686 omni

354 706 525 745 custodia
540 707 665 744 vestrae
680 707 880 754 libertatis,
901 721 949 746 ex
968 708 1077 746 omni
1092 709 1288 762 potestate,
1305 712 1514 756 curatione,
1532 713 1746 764 patrocinio

353 773 563 823 vestrorum
580 773 892 823 commodorum,
915 775 989 812 Cn.
1011 775 1220 827 Pompeius
1241 775 1515 828 depelleretur?
1538 778 1745 823 Viderunt,

354 848 393 876 et
423 839 567 883 vident,
598 839 624 876 fi
657 852 722 890 per
753 839 1055 892 imprudentiam
1087 840 1262 885 vestram,
1293 842 1569 894 negligentiam
1602 857 1746 890 meam,

353 905 478 958 Iegem
500 906 739 957 incognitam
759 907 993 958 acceperitis,
1024 905 1119 951 fore,
1151 907 1208 944 uti
1227 907 1366 959 postea,
1397 909 1562 960 cognitis
1584 910 1745 954 insidiis,

352 985 446 1009 cum
479 971 716 1009 decemviros
755 972 937 1015 crearitis,
983 980 1070 1009 tum
1104 973 1207 1009 vitiis
1247 973 1428 1011 omnibus
1464 983 1502 1012 et
1539 975 1745 1018 sceleribus

352 1036 446 1088 legis
468 1037 543 1074 Cn.
568 1036 749 1087 Pompeii
764 1035 979 1088 praefidium
1000 1037 1277 1089 opponendum
1297 1038 1455 1090 putetiS.
1487 1039 1541 1078 Et
1558 1038 1634 1078 hoc
1655 1054 1744 1093 par·-

351 1115 444 1139 vum
465 1102 866 1153 argumentumvvobis
886 1102 971 1147 erit,
1002 1115 1021 1139 a
1041 1103 1152 1141 certis
1173 1101 1399 1142 hominibus
1420 1104 1744 1152 dominationem,

351 1167 653 1220 potestatemque
686 1168 865 1205 omnium
904 1181 1031 1205 rerum
1045 1196 1058 1212 ,
1099 1170 1242 1219 quatri,
1277 1183 1370 1207 cum
1406 1170 1562 1209 videatis
1576 1201 1588 1217 ,
1625 1186 1742 1218 eum,

349 1247 468 1285 quem
503 1233 700 1271 custodem
737 1232 863 1271 vestrae
893 1233 1080 1272 libertatis
1113 1233 1196 1272 fore
1228 1234 1395 1281 videant,
1432 1245 1628 1290 expertem
1659 1238 1743 1278 fieti

350 1299 547 1352 dignitatis
561 1298 574 1335 ?

405 1365 637 1417 Cognoscite
657 1378 775 1409 nune,
807 1379 891 1417 quae
911 1365 1074 1417 potestas
1093 1366 1333 1412 decemviris,
1364 1378 1402 1406 et
1428 1377 1582 1421 quanta,
1613 1369 1738 1409 detur.

350 1431 528 1472 Primum
548 1431 631 1483 lege
652 1431 794 1469 curiata
819 1431 1056 1470 decemviros
1077 1442 1198 1471 ornat.
1231 1434 1320 1484 Jam
1339 1432 1414 1472 hoc
1436 1435 1670 1481 inauditum,
1701 1445 1740 1475 et

347 1496 458 1549 plane
480 1511 579 1535 novo
599 1510 720 1541 more,
753 1497 807 1535 uti
829 1498 972 1535 curiata
990 1498 1076 1550 lege
1102 1499 1342 1551 magistratus
1369 1500 1492 1546 detur,
1524 1502 1593 1553 qui
1619 1502 1739 1540 nullis

347 1564 516 1602 comitiis
538 1572 622 1600 ante
642 1563 686 1600 fit
706 1562 829 1600 datus.
853 1563 952 1602 Eam
971 1563 1098 1616 legem
1114 1565 1161 1602 ab
1177 1578 1222 1603 eo
1243 1566 1419 1611 Praetore,
1442 1567 1510 1619 qui
1526 1567 1570 1604 s1t
1586 1567 1736 1620 primus

346 1627 480 1674 fastus,
511 1628 600 1667 ferri
616 1629 742 1679 jubet.
774 1630 828 1666 At
848 1629 1046 1681 quomodo
1065 1629 1077 1666 ?
1109 1631 1166 1668 Ut
1186 1631 1213 1668 ii
1234 1631 1535 1671 decemviratum
1556 1632 1734 1679 habeant,

346 1708 441 1746 quos
473 1694 581 1747 plebs
612 1695 873 1747 designaverit.
908 1695 1068 1733 Oblitus
1099 1696 1165 1741 est,
1196 1697 1324 1735 nullos
1351 1710 1371 1734 a
1401 1698 1513 1749 plebe
1535 1699 1734 1750 defignari.

345 1761 397 1798 Et
428 1762 459 1799 is
490 1762 624 1798 orbem
658 1770 840 1798 terrarum
871 1759 1096 1812 constringit
1127 1762 1234 1799 novis
1263 1762 1542 1814 legibus,.qui‚
1573 1764 1667 1815 quid
1693 1765 1735 1803 in

344 1826 510 1864 secundo
530 1826 653 1878 capite
673 1826 858 1878 scriptum
879 1826 945 1871 est,
975 1839 1053 1863 non
1075 1827 1257 1865 meminit
1276 1828 1315 1865 in
1337 1828 1478 1866 tertio?
1510 1830 1641 1880 Atque
1666 1829 1732 1868 hic

344 1892 587 1944 perspicuum
608 1892 674 1935 est,
705 1892 798 1943 quid
813 1892 910 1943 juris
930 1905 950 1929 a
970 1893 1178 1944 majoribus
1199 1894 1434 1947 acceperitis,
1465 1895 1561 1947 quid
1587 1894 1633 1932 ab
1657 1894 1733 1934 hoc

344 1958 499 1995 tribuno
521 1957 642 2009 plebis
664 1957 771 1994 vobis
793 1957 1043 2009 relinquatur.

397 2023 469 2060 XI.
502 2023 668 2073 Majores
689 2022 735 2059 de
756 2022 911 2074 singulis
932 2022 1212 2075 magistratibus
1233 2024 1291 2062 bis
1311 2037 1377 2062 vos
1394 2024 1618 2063 sententiam
1636 2025 1732 2065 ferre

342 2089 556 2126 voluerunt.
590 2088 695 2125 Nam
715 2101 806 2126 cum
828 2089 1050 2127 Centuriata
1069 2088 1129 2126 lex
1149 2090 1366 2128 censoribus
1392 2089 1583 2128 ferebatur
1596 2121 1607 2136 ,
1638 2106 1731 2131 cum

342 2154 498 2192 Curiata
523 2153 666 2192 caeteris
693 2154 861 2205 patriciis
889 2154 1193 2207 magistratibus,
1227 2165 1310 2194 tum
1337 2156 1478 2194 iterum
1510 2157 1557 2194 de
1588 2158 1730 2197 eisdem

335 2220 603 2271 judicabatur,
635 2228 677 2256 ut
698 2219 786 2257 esset
807 2219 1108 2272 reprehendendi
1130 2222 1314 2273 potestas,
1346 2222 1371 2260 fi
1392 2223 1584 2275 populum
1611 2224 1729 2262 bene-

340 2286 420 2324 ficii
440 2285 495 2324 sui
516 2285 733 2338 poeniteret.
766 2286 905 2331 Nunc,
937 2287 1026 2339 quia
1045 2287 1170 2338 prima
1190 2287 1255 2325 illa
1275 2289 1435 2327 comitia
1453 2290 1603 2334 tenetis,
1634 2303 1727 2328 cen-

340 2352 476 2389 turiata
490 2381 501 2396 ,
533 2361 570 2390 et
590 2351 757 2397 tributa,
790 2353 934 2398 curiata
959 2361 1110 2391 tantum
1130 2353 1388 2406 auspiciorum
1411 2354 1517 2392 causa
1536 2355 1724 2393 remanse—

339 2426 443 2456 runt.
492 2418 572 2456 Hic
611 2427 740 2456 autem
774 2418 950 2457 tribunus
981 2418 1120 2472 plebis,
1140 2436 1147 2445 x
1166 2420 1255 2472 quia
1291 2420 1455 2467 videbat,
1503 2420 1726 2474 potestatem
