2212 2835
483 157 559 196 286
994 151 1396 190 ORATIO

481 254 674 291 bonorum
705 251 885 289 omnium
914 249 1035 288 causa.
1074 248 1190 288 Nihil
1222 249 1313 294 erit,
1346 248 1451 301 quod
1481 249 1667 287 admirere
1697 250 1874 303 posthac,

476 320 508 357 fi
539 320 579 356 in
612 332 653 355 ea
683 326 801 370 parte,
832 318 872 355 in
904 330 981 369 qua
1009 315 1081 355 hos
1110 316 1434 361 animadverteris,
1467 329 1530 354 me
1561 316 1721 355 videbis.
1753 318 1877 356 Nulla

480 385 533 422 est
558 384 663 422 enim
695 385 736 421 in
770 384 968 436 republica
995 383 1104 422 causa
1128 397 1214 421 mea
1243 383 1422 436 propria:
1455 393 1608 436 tempus
1637 383 1774 436 agendi
1800 382 1878 421 fuit

481 451 603 503 magis
625 449 724 488 mihi
745 450 960 503 proprium,
992 463 1110 502 quam
1137 450 1310 493 caeteris;
1343 449 1485 487 doloris
1512 463 1615 495 vero,
1647 458 1685 488 et
1710 449 1876 494 timoris,

481 526 517 555 et
540 517 714 570 periculi,
733 515 809 554 fuit
827 516 895 554 illa
913 515 1021 554 causa
1038 517 1277 555 communis.
1298 517 1438 568 Neque
1457 517 1561 554 enim
1583 517 1761 571 princeps
1783 525 1877 555 tunc

481 585 526 621 ad
547 583 707 621 salutem
727 582 798 621 effe
818 582 1037 635 potuiffem,
1068 583 1094 620 fi
1115 582 1187 620 effe
1214 582 1278 620 alii
1305 584 1467 621 comites
1495 582 1715 621 noluiffent.
1748 584 1879 636 Qare

481 650 624 688 necefi'e
651 650 726 695 est,
759 650 864 702 quod
892 649 992 688 mihi
1012 650 1160 688 consuli
1181 650 1419 702 praecipuum
1440 649 1516 688 fuit
1536 660 1669 702 praeter
1689 650 1780 688 alios
1795 678 1806 694 ,
1838 649 1878 687 id

477 718 558 769 jam
590 717 736 769 privato
766 730 856 754 cum
885 716 1030 754 caeteris
1058 715 1130 753 effe
1159 729 1384 754 commune.
1416 716 1559 768 Neque
1585 730 1658 768 ego
1684 714 1760 754 hoc
1787 729 1876 768 par-

483 783 620 821 tiendae
639 782 806 827 invidiae,
838 781 899 819 sed
919 781 1255 819 communicandae
1274 782 1412 825 laudis,
1441 782 1549 819 causa
1568 782 1729 834 loquor:
1752 782 1877 822 oneris

483 849 560 886 mei
580 845 727 901 partem
748 847 897 885 nemini
917 847 1125 899 imperti03
1156 846 1301 899 gloriae,
1333 846 1444 884 bonis
1465 846 1664 884 omnibus.

538 916 584 952 In
606 914 845 952 Autronium
867 913 1133 952 testimonium
1154 912 1297 957 dixisti,
1328 912 1457 965 inquit
1475 927 1484 951 ε
1518 913 1663 964 Syllam
1687 911 1877 951 defendis.

486 982 576 1019 Hoc
599 990 725 1019 totum
746 980 934 1033 ejusmodi
955 980 1021 1025 est,
1053 980 1225 1031 Judices,
1258 989 1315 1024 ut,
1341 979 1367 1017 s1
1394 993 1466 1032 ego
1493 979 1563 1018 fim
1590 979 1808 1017 inconstans
1837 991 1880 1017 ac

484 1048 603 1092 levis,
635 1060 705 1084 nec
740 1047 960 1085 testimonio
992 1046 1112 1084 fidem
1141 1045 1259 1084 tribui
1289 1046 1535 1091 convenerit,
1572 1059 1641 1083 nec
1671 1044 1880 1084 defenfioni

484 1113 765 1152 auctoritatem.
807 1114 872 1151 Sin
908 1113 960 1151 est
994 1112 1035 1150 in
1069 1126 1133 1150 me
1167 1113 1262 1150 ratio
1298 1112 1544 1164 reipublicae,
1579 1111 1715 1164 religio
1744 1111 1883 1165 privati

484 1181 618 1225 officii,
641 1181 812 1219 studium
833 1179 1038 1218 retinendae
1058 1179 1266 1217 voluntatis
1288 1179 1480 1217 bonorum
1498 1197 1510 1223 ;
1542 1177 1642 1216 nihil
1663 1180 1793 1217 minus
1815 1192 1881 1216 ac-

483 1247 632 1285 cusator
665 1247 780 1284 debet
813 1246 952 1291 dicere,
983 1260 1102 1298 quam
1132 1260 1153 1283 a
1184 1260 1248 1284 me
1279 1244 1433 1283 defendi
1465 1245 1624 1297 Syllam,
1662 1244 1883 1283 testimonio

485 1313 617 1351 laesum
638 1313 708 1351 effe
730 1314 984 1351 Autronium.
1016 1312 1161 1350 Videor
1180 1313 1285 1350 enim
1306 1326 1384 1349 non
1408 1311 1533 1350 solum
1553 1311 1724 1350 studium
1745 1311 1791 1348 ad
1812 1311 1882 1348 de-

485 1379 694 1418 fendendas
714 1380 855 1424 causas,
872 1393 1007 1418 verum
1027 1378 1221 1432 opinionis
1243 1378 1391 1430 aliquid
1408 1388 1446 1416 et
1461 1378 1709 1423 auctoritati&
1727 1377 1880 1415 afferre:

485 1460 562 1498 qua
581 1456 618 1484 ct
639 1446 830 1484 moderate
849 1459 920 1499 ego
942 1454 1038 1490 utar,
1069 1445 1241 1497 Judices,
1272 1454 1311 1483 et
1327 1445 1489 1483 omnino
1509 1458 1587 1483 non
1607 1454 1746 1490 uterer,
1769 1444 1796 1482 fi
1815 1443 1882 1482 ille

485 1526 548 1550 me
569 1527 645 1551 non
667 1512 860 1565 coegiffet.

540 1581 611 1618 IV.
646 1581 743 1617 Duae
763 1578 1044 1631 conjurationes
1065 1578 1131 1616 abs
1153 1587 1204 1623 te,
1223 1578 1437 1630 Torquate,
1459 1578 1772 1616 constituuntur:
1795 1589 1885 1623 una,

486 1660 586 1698 quae,
605 1646 754 1699 Lepido
774 1655 811 1684 et
833 1645 1013 1684 Volcatio
1028 1644 1267 1688 consulibus,
1286 1654 1390 1697 patre
1411 1655 1479 1684 tuo
1499 1645 1652 1683 consule
1673 1644 1882 1697 designato,

487 1712 583 1750 facta
601 1712 671 1751 effe
693 1713 862 1757 dicitur3
895 1712 1022 1756 altera,
1054 1725 1139 1763 quae
1171 1725 1235 1749 me
1265 1711 1434 1749 consule.
1468 1712 1623 1749 Harum
1653 1711 1693 1748 in
1723 1719 1885 1761 utraque

488 1780 632 1831 Syllam
669 1780 765 1817 dicis
801 1778 924 1817 fuiss'e.
966 1778 1088 1817 Patris
1123 1778 1206 1822 tui,
1237 1776 1431 1815 fortiffimi
1465 1778 1562 1822 viri,
1593 1786 1708 1830 atque
1742 1776 1884 1829 optimi

487 1846 667 1890 consulis,
699 1846 769 1883 scis
798 1859 861 1884 me
887 1845 1053 1883 confiliis
1082 1858 1159 1882 non
1187 1842 1423 1888 interfuifl'e5
1458 1843 1526 1882 scis
1554 1858 1632 1888 me,
1663 1857 1755 1881 cum
1782 1841 1885 1881 mihi

488 1911 663 1949 summus
692 1921 822 1949 tecum
850 1911 936 1949 usus
963 1910 1066 1956 esset,
1098 1920 1227 1948 tamen
1258 1910 1416 1948 illorum
1443 1919 1641 1963 expertem
1663 1918 1885 1962 temporum

487 1988 526 2016 et
546 1978 767 2017 sermonum
788 1977 926 2017 fuiffe:
958 1977 1085 2022 credo,
1117 1978 1221 2030 quod
1243 1977 1417 2015 nondum
1439 1977 1592 2030 penitus
1619 1977 1658 2014 in
1688 1976 1887 2029 republica

489 2044 670 2089 versabar,
702 2045 806 2096 quod
826 2044 1001 2082 nondum
1023 2044 1069 2082 ad
1088 2043 1326 2097 propositum
1348 2042 1447 2081 mihi
1469 2043 1587 2081 finem
1615 2042 1771 2081 honoris
1798 2056 1886 2096 per-

489 2124 684 2155 veneram,
716 2111 820 2163 quod
848 2124 932 2148 mea
959 2124 1021 2148 me
1047 2110 1212 2148 ambitio
1241 2118 1279 2148 et
1306 2109 1461 2148 forenfis
1491 2109 1597 2147 labor
1623 2110 1671 2147 ab
1691 2109 1801 2147 omni
1821 2109 1887 2147 illa
1932 2115 1934 2117 '

489 2177 723 2229 cogitatione
743 2174 994 2214 abstrahebat.

547 2243 648 2294 Qis
677 2257 768 2295 ergo
797 2243 977 2280 intererat
1003 2242 1132 2282 vestris
1159 2242 1355 2280 confiliis?
1389 2243 1538 2280 Omnes
1566 2240 1622 2286 hi,
1654 2255 1751 2294 quos
1781 2240 1885 2280 vides

491 2308 583 2346 huic
604 2309 736 2354 adeffe,
768 2318 806 2347 et
826 2309 865 2346 in
886 2309 1021 2362 primis
1044 2309 1376 2360 QHortenfius:
1409 2309 1491 2360 qui,
1523 2321 1614 2346 cum
1635 2316 1791 2361 propter
1810 2306 1885 2346 ho-

492 2389 626 2413 norem
647 2389 689 2414 ac
709 2376 954 2429 dignitatem,
986 2384 1100 2427 atque
1120 2375 1296 2413 animum
1317 2375 1508 2414 eximium
1529 2375 1567 2412 in
1590 2374 1885 2428 rempublicam,

493 2451 577 2479 tum
599 2452 755 2495 propter
775 2443 969 2482 summam
994 2440 1310 2488 familiaritatem,
1343 2442 1621 2495 summumque
1647 2453 1818 2479 amorem
1845 2439 1886 2476 in
