2212 2835
529 162 605 212 4053
1026 161 1427 198 oRATio

526 259 760 310 aliquando,
793 258 817 295 fi
845 258 1090 310 impunitum
1121 257 1247 296 fuisset
1265 287 1275 302 ,
1307 258 1352 295 ad
1379 257 1589 310 perniciem
1616 257 1796 296 civitatis.
1830 258 1922 296 Non

527 326 698 362 multum
722 323 822 362 mihi
843 325 926 362 sane
947 325 1029 378 post
1049 325 1094 362 ad
1114 325 1249 363 odium
1270 324 1440 362 acceffit:
1463 323 1563 362 nihil
1584 325 1689 362 enim
1710 334 1842 362 contra
1862 337 1925 362 me

526 391 619 429 fecit
640 392 729 429 odio
750 392 841 436 mei,
874 391 936 429 sed
955 392 1044 430 odio
1064 392 1284 436 severitatis,
1309 391 1400 429 odio
1421 391 1634 444 dignitatis,
1657 391 1746 429 odio
1766 390 1924 443 reipub-

527 457 635 496 licae:
669 471 745 496 non
778 471 840 495 me
873 458 995 510 magis
1027 458 1211 503 violavit,
1242 471 1358 510 quam
1392 457 1594 502 senatum,
1626 470 1745 509 quam
1776 457 1925 509 equites

527 525 741 569 Romanos,
773 538 891 577 quarn
925 538 1060 562 omnes
1096 525 1234 570 bonos,
1263 538 1382 576 quam
1419 525 1570 562 Italiam
1606 526 1787 562 cunctam
1805 538 1813 560 :
1848 536 1926 561 non

521 591 693 643 denique
715 592 755 629 in
776 605 838 629 me
859 590 1071 629 sceleratior
1090 590 1192 635 fuit,
1223 604 1340 643 quam
1362 592 1401 628 in
1424 590 1521 643 ipsos
1544 592 1647 628 Deos
1669 589 1923 628 immortales.

526 658 685 694 Etenim
708 657 794 694 illos
815 670 859 694 eo
879 656 1014 694 scelere
1035 657 1205 701 violavit,
1237 670 1316 708 quo
1337 669 1451 694 nemo
1468 664 1597 694 antea:
1620 657 1658 694 in
1680 670 1742 694 me
1762 655 1838 693 fuit
1858 669 1924 692 eo—

527 724 614 759 dem
638 722 781 765 animo,
799 735 878 773 quo
897 721 1012 759 etiam
1034 722 1113 772 ejus
1134 720 1332 759 familiaris
1356 721 1535 765 Catilina,
1554 721 1580 759 fi
1601 721 1758 766 vicisset,
1780 719 1920 759 fuisset.

529 791 662 839 Itaque
682 802 772 825 eum
794 800 997 839 nunquam
1017 801 1037 825 a
1058 800 1121 825 me
1140 786 1211 824 effe
1232 786 1489 824 accusandum
1513 788 1644 838 putavi
1662 817 1673 832 ,
1704 801 1781 825 non
1808 787 1894 840 plus
1913 815 1924 831 ,

529 868 645 906 quam
668 854 838 906 stipitem
856 853 989 898 illum,
1020 853 1090 906 qui
1111 866 1280 905 quorum
1305 851 1517 890 hominum
1543 851 1647 897 effet,
1679 852 1925 898 nesciremus,

528 921 595 958 nis1
623 921 656 958 se
686 921 874 973 Ligurem
901 919 981 972 ipse
1010 919 1081 958 effe
1108 919 1264 957 diceret.
1298 918 1407 970 Qid
1431 919 1537 956 enim
1563 917 1669 956 hunc
1697 918 1897 971 persequar
1914 948 1925 963 ,

527 987 715 1039 pecudem
748 1000 789 1024 ac
823 986 1018 1031 belluam,
1051 985 1194 1039 pabulo
1225 985 1479 1023 inimicorum
1512 997 1690 1023 meorum
1722 994 1760 1022 et
1789 984 1928 1037 glande

527 1063 753 1106 corruptum
773 1053 785 1089 ?
818 1053 900 1104 Qi
922 1052 946 1090 fi
968 1052 1076 1091 senfit
1089 1081 1100 1097 ,
1132 1066 1211 1105 quo
1231 1051 1304 1090 sese
1322 1051 1460 1089 scelere
1480 1050 1721 1096 devinxerit;
1754 1064 1832 1088 non
1852 1050 1925 1088 du-

528 1119 611 1158 bito
628 1149 638 1164 ,
670 1120 765 1171 quin
787 1119 831 1156 s1t
851 1119 1087 1157 miserrimus
1108 1134 1117 1157 ε
1144 1119 1204 1157 -fin
1224 1127 1353 1156 autem
1382 1118 1421 1155 id
1449 1131 1526 1155 non
1547 1118 1678 1162 videt;
1711 1116 1928 1171 periculum

527 1188 580 1225 est
598 1216 608 1231 ,
640 1201 687 1224 ne
707 1187 742 1224 se
763 1186 923 1239 stuporis
944 1186 1185 1224 excusatione
1205 1184 1397 1223 defendat.
1435 1185 1600 1223 Accedit
1620 1185 1734 1222 etiarn
1751 1213 1762 1229 ,
1794 1184 1899 1237 quod
1914 1212 1927 1228 ,

527 1254 792 1304 expthatione
812 1253 991 1290 omnium
1006 1282 1017 1297 ,
1049 1251 1253 1290 fortiffimo
1273 1260 1310 1289 et
1330 1251 1535 1289 clariffimo
1554 1252 1634 1289 viro
1648 1280 1659 1296 ‚
1692 1252 1744 1289 T.
1767 1250 1900 1289 Annio
1913 1279 1925 1294 ,

526 1319 664 1356 devota
696 1328 733 1356 et
765 1318 973 1356 constituta
999 1318 1065 1355 ista
1091 1317 1212 1356 hostia
1238 1317 1309 1355 effe
1337 1318 1514 1355 videtur:
1547 1318 1611 1355 cui
1638 1330 1701 1354 me
1728 1317 1926 1369 praeripere

529 1385 751 1438 desponsam
778 1385 861 1437 jam
890 1393 929 1422 et
958 1384 1182 1422 destinatam
1212 1383 1382 1427 laudern,
1413 1397 1505 1421 cum
1537 1383 1614 1435 ipse
1645 1383 1725 1434 ejus
1752 1395 1866 1436 opera
1891 1391 1928 1420 et

528 1452 757 1504 dignitatem
776 1459 816 1488 et
837 1450 995 1488 salutem
1017 1450 1288 1503 recuperarim,
1319 1449 1427 1487 valde
1448 1448 1501 1486 est
1519 1449 1717 1501 iniquum.

587 1518 657 1555 IV.
691 1518 864 1561 Etenim,
883 1525 925 1554 ut
941 1517 984 1554 P.
1001 1515 1067 1553 ille
1088 1516 1218 1569 Scipio
1238 1524 1348 1553 natus
1370 1514 1470 1553 mihi
1490 1515 1641 1553 videtur
1657 1516 1706 1553 ad
1727 1515 1929 1554 interitum

529 1584 774 1635 exitiumque
795 1582 1040 1635 Carthaginis
1058 1612 1069 1628 ,
1101 1583 1170 1635 qui
1190 1582 1299 1620 illam
1326 1594 1347 1619 a
1374 1581 1509 1619 multis
1537 1582 1834 1635 imperatoribus
1855 1582 1929 1620 ob-

530 1650 658 1688 sess'am
677 1679 686 1695 ,
719 1659 1010 1703 oppugnatam,
1041 1648 1335 1692 labefactatam,
1371 1661 1468 1701 pene
1504 1657 1655 1700 captam
1675 1677 1684 1692 ,
1722 1647 1930 1700 aliquando

530 1716 632 1768 quasl
666 1715 771 1754 fatali
804 1725 942 1753 eventu
973 1715 1072 1753 solus
1104 1714 1267 1759 evertit5
1299 1714 1350 1751 fic
1377 1715 1432 1752 T.
1454 1714 1607 1751 Annius
1633 1714 1679 1751 ad
1705 1713 1814 1751 illam
1844 1712 1928 1766 pes-

531 1791 610 1819 tem
632 1781 984 1834 comprimendam,
1015 1779 1334 1833 extinguendam,
1366 1777 1542 1816 funditus
1570 1778 1786 1823 delendam,
1817 1787 1928 1816 natus

527 1848 598 1885 effe
622 1849 793 1891 videtur,
824 1856 862 1884 et
888 1847 990 1898 quafi
1014 1846 1146 1884 divino
1172 1858 1330 1884 munere
1357 1845 1519 1882 donatus
1551 1844 1787 1897 reipublicae.
1819 1845 1929 1883 Solus

530 1913 598 1950 ille
617 1912 802 1965 cognovit
820 1940 830 1955 ,
862 1911 1194 1963 quemadmodum
1215 1919 1407 1952 armatum
1428 1911 1554 1948 civem
1572 1938 1583 1954 ,
1614 1910 1683 1962 qui
1703 1910 1895 1962 lapidibus
1912 1939 1924 1955 ,

529 1979 601 2030 ,qui
621 1976 719 2015 ferro
734 2006 743 2022 ‚
775 1977 867 2015 alios
888 1975 1038 2029 fugaret
1052 2006 1063 2022 ,
1094 1977 1187 2015 alios
1208 1976 1314 2014 dorni
1342 1976 1556 2013 contineret
1573 2004 1584 2020 ,
1616 1975 1684 2027 qui
1707 1975 1843 2013 urbem
1865 1984 1930 2013 to-

532 2055 626 2090 tam,
649 2046 716 2098 qui
737 2045 898 2089 curiam,
922 2046 990 2096 qui
1010 2043 1155 2090 forum,
1178 2044 1246 2096 qui
1268 2044 1412 2096 templa
1431 2043 1575 2087 omnia,
1601 2042 1702 2080 caede
1722 2042 1931 2080 incendiis-

532 2126 607 2165 que
628 2122 796 2157 terreret‚
822 2125 899 2150 non
923 2112 1039 2150 modo
1060 2113 1224 2155 vincere,
1247 2124 1380 2149 verum
1402 2111 1517 2148 etiam
1540 2110 1699 2155 vincire,
1721 2119 1928 2162 oporteret.
1950 2117 1953 2119 ’

533 2180 643 2218 HuIc
661 2193 731 2232 ego
761 2188 798 2216 et
826 2179 906 2223 tali,
937 2187 975 2217 et
1001 2179 1052 2216 ita
1079 2178 1125 2216 de
1152 2191 1215 2216 me
1241 2191 1282 2215 ac
1310 2177 1355 2214 de
1378 2177 1497 2229 patria
1521 2172 1665 2217 me'rito
1695 2177 1790 2220 viro,
1823 2190 1926 2214 nun-

533 2259 650 2298 quam
673 2259 756 2283 mea
777 2244 972 2283 voluntate
992 2244 1209 2296 praeripiam
1230 2256 1320 2281 eum
1342 2242 1546 2295 praesertim
1565 2235 1677 2280 *reum
1693 2271 1704 2287 ,
1735 2243 1844 2293 cujus
1866 2242 1931 2279 ille

532 2312 757 2350 inimicitias
790 2325 866 2349 non
898 2310 1023 2349 solum
1056 2310 1218 2363 suscepit
1248 2318 1404 2362 propter
1436 2307 1595 2346 salutem
1624 2322 1764 2353 meam,
1797 2321 1929 2346 verum

533 2380 650 2417 etiam
671 2378 869 2431 appetivit.
903 2377 975 2415 Sed
995 2376 1021 2414 fi
1037 2377 1154 2414 ctiam
1175 2389 1293 2420 nunc,
1325 2375 1552 2427 illaqueatus
1567 2376 1650 2427 jam
1670 2374 1851 2413 omnium
1871 2373 1928 2412 le-

530 2459 628 2498 gum
654 2444 834 2499 periculis
851 2473 863 2490 ,
894 2443 1062 2483 irretitus
1090 2443 1180 2482 odio
1208 2443 1401 2482 bonorum
1429 2441 1608 2481 omnium
1625 2470 1637 2487 ,
1668 2440 1929 2494 expediatione
