2212 2835
743 147 883 187 PRO
941 143 1160 184 DOMO
1220 142 1364 180 SUA.
1672 151 1750 190 405

359 248 606 303 depopulatio
626 246 873 300 praediorum,
904 256 982 281 non
1003 240 1127 294 praeda
1147 238 1366 282 consulum,
1398 250 1445 275 ex
1472 235 1567 274 meis
1589 233 1753 273 fortunis

361 315 617 354 crudeliffime
650 321 772 366 capta,
803 318 1029 364 permovet:
1061 307 1204 345 caduca
1237 304 1385 355 semper
1415 312 1452 340 et
1482 301 1642 340 mobilia
1672 299 1754 338 haec

362 382 432 420 effe
453 382 562 426 duxi,
592 393 670 418 non
691 378 842 417 virtutis
864 386 978 428 atque
998 373 1160 426 ingenii,
1197 371 1258 408 sed
1278 369 1441 407 fortunae
1461 378 1499 407 et
1518 378 1755 420 temporum,

364 461 553 486 munera:
585 458 752 498 quorum
779 456 851 495 ego
878 455 956 479 non
984 450 1064 478 tam
1090 436 1315 475 facultatem
1342 447 1515 486 unquam
1542 443 1578 472 et
1606 433 1757 485 copiam

365 512 619 566 expetendam
640 509 799 564 putavi,
830 520 948 560 quam
977 514 1016 542 et
1035 505 1076 541 in
1096 501 1241 540 utendo
1261 500 1446 538 rationem
1464 528 1475 544 ,
1507 509 1544 536 et
1565 500 1604 536 in
1626 512 1758 536 caren-

367 580 417 617 do
436 577 674 632 patientiam.
717 575 878 613 Etenim
905 573 951 610 ad
979 570 1152 609 nostrum
1173 567 1284 606 usum
1304 566 1589 619 propemodum
1606 566 1687 616 jam
1709 564 1760 601 est

366 644 523 682 definita
541 641 753 681 moderatio
773 639 827 678 rei
847 637 1045 677 familiaris
1062 655 1074 681 3
1106 634 1238 673 liberis
1258 642 1389 671 autem
1409 632 1542 670 nostris
1564 631 1648 668 satis
1677 644 1761 668 am—

367 710 479 764 plum
500 707 780 763 patrimonium
801 705 948 759 paterni
969 702 1153 746 nominis,
1185 714 1227 738 ac
1248 699 1382 738 nostrae
1403 699 1612 742 memoriae,
1644 697 1763 735 relin-

367 788 561 829 quemus:
593 774 712 812 domo
729 801 740 817 ‚
771 785 836 825 per
856 771 974 809 scelus
995 776 1122 821 erepta
1140 795 1151 812 ,
1183 779 1249 819 per
1276 764 1522 803 latrocinium
1549 772 1736 815 occupata
1753 791 1763 805 ,

370 856 439 896 per
459 841 652 894 religionis
673 840 755 877 vim
777 838 992 877 sceleratius
1013 836 1129 873 etiarn
1149 832 1331 872 aedificata
1345 860 1355 876 ‚
1386 844 1503 883 quam
1525 829 1646 867 eversa
1660 859 1670 874 ‚
1702 842 1767 865 ca-

373 922 452 947 rere
483 908 559 946 fine
590 906 760 944 maxima
790 903 1006 957 ignominia
1032 899 1266 954 reipublicae,
1297 911 1386 935 meo
1412 896 1594 934 dedecore
1623 909 1665 933 ac
1695 895 1766 932 do-

374 974 466 1018 lore,
490 986 567 1011 non
588 970 751 1025 poffum.
785 971 1045 1021 Qapropter,
1077 966 1102 1004 fi
1124 966 1211 1004 Diis
1233 962 1536 1007 immortalibus,
1562 962 1588 999 fi
1609 961 1767 1003 sentum,

375 1041 403 1079 fi
437 1039 582 1093 populo
617 1039 811 1081 Romano,
847 1035 873 1073 s1
908 1035 1053 1072 cunctae
1088 1030 1220 1075 Italiae,
1257 1030 1281 1067 fi
1316 1029 1537 1082 provinciis,
1574 1028 1597 1065 fi
1633 1027 1769 1065 exteris

375 1105 598 1146 nationibus
615 1133 626 1150 ,
657 1104 683 1142 fi
704 1100 982 1153 vobismetipfis
1000 1128 1011 1144 ‚
1042 1098 1110 1150 qui
1130 1098 1170 1135 in
1192 1109 1276 1134 mea
1294 1095 1412 1132 salute
1431 1094 1648 1147 principem
1670 1093 1771 1129 sem-

378 1187 444 1226 per
464 1173 596 1215 locum
613 1169 957 1219 auctoritatemque
973 1164 1159 1208 tenuistis,
1180 1171 1334 1215 gratum
1351 1161 1619 1212 etjucundum
1637 1173 1770 1196 meum

381 1239 550 1277 reditum
571 1236 787 1288 intelligitis
808 1233 879 1272 effe
893 1263 903 1278 ‚
935 1231 1060 1285 quaeso
1080 1230 1323 1281 obtestorque
1343 1241 1411 1265 vos
1424 1257 1434 1272 ‚
1468 1226 1672 1265 Pontifices
1689 1255 1699 1269 ,
1732 1235 1773 1262 ut

382 1319 460 1351 me,
481 1296 600 1357 quem
625 1303 860 1346 auctoritate,
892 1300 1031 1344 studio,
1054 1296 1248 1336 sententiis
1268 1294 1495 1338 restituistis,
1525 1306 1642 1337 nunc,
1674 1305 1772 1344 quo—

382 1372 488 1410 niam
508 1370 655 1408 senatus
676 1370 730 1408 ita
748 1367 859 1413 vult,
892 1365 1071 1405 manibus
1098 1375 1254 1416 quoque
1280 1360 1408 1400 vestris
1435 1359 1476 1398 in
1502 1358 1652 1398 sedibus
1677 1358 1773 1397 meis

381 1437 593 1476 collocetis.
