2212 2835
406 238 476 289 15ss
909 235 1309 274 ORATlo

400 335 586 373 concione
607 333 653 371 de
674 341 798 371 morte
819 333 1028 378 Saturnini,
1059 333 1336 372 condemnatus
1356 332 1433 371 est:
1465 340 1503 371 et
1523 332 1609 371 Sex.
1641 333 1787 378 Titius,

399 401 503 453 quod
519 400 655 438 habuit
671 400 883 452 imaginem
899 401 948 438 L.
971 400 1166 438 Saturnini
1187 399 1294 438 domi
1314 400 1400 444 suae‚
1423 399 1701 438 condemnatus
1721 399 1787 437 est.

401 468 621 505 statuerunt
646 468 792 519 equites
820 467 990 504 Romani
1016 466 1085 504 illo
1106 466 1271 519 judiciO,
1302 466 1528 519 improbum
1554 466 1681 504 civem
1704 465 1789 510 effe,

399 543 435 571 et
456 547 532 571 non
555 534 799 571 retinendum
821 534 860 570 in
881 533 1048 577 civitate,
1070 533 1137 585 qui
1158 531 1343 577 hominis,
1367 531 1546 570 hostilem
1567 533 1607 570 in
1627 532 1792 570 modum

400 600 578 645 seditiosi,
609 601 778 652 imagine
798 609 862 638 aut
881 609 1048 638 mortem
1067 600 1098 652 ej
1107 613 1147 637 us
1169 598 1395 644 honestaret,
1426 608 1491 637 aut
1511 599 1690 637 desideria
1713 598 1791 636 im-

400 666 613 718 peritorum
634 665 892 703 misericordia
912 674 1188 710 commoveret,
1220 674 1285 702 aut
1312 664 1417 702 suam
1445 663 1671 717 significaret
1700 664 1791 701 imi-

401 734 523 771 tandae
557 733 815 785 improbitatis
850 731 1104 769 voluntatem.
1143 732 1276 783 Itaque
1310 730 1411 769 mihi
1445 732 1592 769 mirum
1626 730 1790 775 videtur,

402 798 503 836 unde
538 797 638 835 hanc
672 807 728 842 tu,
767 797 950 842 Labiene,
986 797 1213 849 imaginem,
1249 810 1367 848 quam
1401 795 1530 841 habes,
1574 796 1762 835 inveneris
1781 810 1789 834 :

402 877 506 908 nam,
540 865 625 902 Sex.
657 864 768 901 Titio
795 864 990 907 damnato,
1021 862 1089 914 qui
1116 862 1224 900 istam
1250 860 1388 899 habere
1415 862 1584 906 auderet,
1615 863 1792 900 inventus

403 930 454 967 est
476 943 603 968 nemo.
637 930 755 981 Qod
775 939 817 967 tu
838 929 864 966 fi
885 928 1056 973 audiffes,
1087 937 1151 966 aut
1172 928 1197 965 fi
1217 940 1284 980 per
1303 936 1453 965 aetatern
1474 927 1567 965 scire
1587 927 1792 980 potuiffes;

402 1010 603 1048 nunquam
623 995 794 1048 profecto
814 995 924 1032 istam
944 994 1171 1046 imaginem,
1201 1008 1285 1046 quae
1305 993 1413 1032 dorni
1433 994 1552 1046 posita
1571 993 1714 1047 pestem
1735 1002 1793 1032 at-

403 1075 478 1114 que
505 1063 667 1100 exilium
695 1063 781 1100 Sex.
814 1061 925 1099 Titio
951 1060 1146 1106 attulisset,
1176 1061 1216 1098 in
1244 1059 1393 1104 Rostra,
1425 1068 1540 1113 atque
1566 1060 1608 1098 in
1633 1060 1791 1098 concio-

402 1142 507 1173 nem,
530 1128 733 1172 attuliss'es5
756 1140 826 1165 nec
843 1136 925 1164 tuas
947 1140 1119 1178 unquam
1141 1126 1304 1164 rationes
1324 1126 1371 1163 ad
1391 1139 1454 1164 eos
1476 1126 1649 1178 scopulos
1671 1139 1794 1179 appu-

403 1195 516 1239 lisses,
547 1195 592 1232 ad
613 1208 709 1246 quos
732 1196 816 1232 Sex.
849 1193 950 1231 Titii
970 1192 1151 1231 afflietam
1172 1206 1323 1237 navem,
1354 1201 1393 1230 et
1414 1193 1454 1230 in
1475 1193 1617 1244 quibus
1640 1194 1687 1231 C.
1712 1194 1794 1231 De-

404 1262 503 1299 ciani
525 1260 769 1313 naufragium
790 1259 1047 1304 fortunarum,
1068 1259 1229 1297 videres.
1253 1259 1324 1296 Sed
1339 1259 1379 1296 in
1396 1257 1456 1297 his
1478 1258 1591 1296 rebus
1612 1259 1796 1297 omnibus

405 1328 665 1381 imprudentia
685 1328 838 1366 laberis:
861 1326 1011 1364 causam
1026 1327 1131 1364 enim
1153 1325 1341 1378 suscepisti
1361 1326 1618 1378 antiquiorem
1641 1339 1794 1364 memo-

406 1396 459 1433 ria
480 1404 569 1439 tua;
602 1408 686 1447 quae
705 1394 813 1432 causa
833 1402 920 1431 ante
945 1402 1099 1431 mortua
1123 1392 1189 1437 est,
1221 1406 1338 1445 quam
1366 1401 1407 1430 tu
1435 1402 1544 1430 natus
1572 1392 1675 1430 effes.
1708 1393 1797 1445 Qa

407 1462 446 1499 in
473 1461 580 1499 causa
608 1470 691 1499 tute
718 1459 890 1513 profecto
914 1459 1056 1504 fuisses,
1087 1459 1114 1497 fi
1140 1472 1207 1512 per
1226 1468 1376 1498 aetatem
1396 1458 1466 1497 effe
1487 1458 1680 1512 potuisses,
1711 1472 1796 1496 eam

405 1526 555 1564 causam
576 1526 615 1564 in
630 1526 827 1578 judicium
848 1538 972 1563 vocaS.

460 1595 524 1630 An
556 1606 632 1630 non
663 1592 862 1644 intelligis,
894 1592 1068 1644 primurn
1099 1604 1195 1644 quos
1226 1590 1418 1637 homines,
1453 1600 1492 1630 et
1521 1591 1649 1644 quales
1682 1591 1795 1635 viros,

406 1668 579 1697 mortuos
601 1658 742 1699 summi
764 1657 910 1696 sceleris
930 1671 1092 1710 arguas;
1125 1658 1261 1696 deinde
1280 1668 1376 1710 quot
1396 1671 1443 1696 ex
1464 1658 1523 1702 iis,
1554 1658 1623 1710 qui
1647 1658 1795 1701 vivunt,

407 1726 541 1763 eodem
563 1725 726 1763 crimine
747 1725 785 1762 in
807 1724 1005 1762 summurn
1025 1724 1161 1776 capitis
1181 1724 1400 1776 periculum
1421 1723 1572 1761 arcessas
1590 1724 1603 1760 ?
1626 1724 1748 1767 Nam,
1770 1723 1797 1760 si

407 1793 454 1830 C.
490 1792 670 1829 Rabirius
703 1790 877 1828 fraudem
904 1789 1108 1842 capitalem
1137 1789 1300 1833 admisit,
1332 1789 1436 1840 quod
1461 1802 1565 1826 arma
1589 1797 1722 1826 contra
1748 1789 1795 1826 L.

407 1854 656 1894 Saturninum
680 1856 796 1900 tulit;
829 1854 921 1893 huic
949 1855 1109 1908 quidem
1138 1854 1267 1893 afferet
1293 1854 1463 1906 aliquam
1490 1854 1795 1907 deprecationem

406 1923 567 1975 periculi
589 1932 673 1960 aetas
695 1922 774 1966 illa,
806 1935 881 1974 qua
902 1931 987 1959 tum
1007 1920 1106 1959 fuit:
1140 1922 1305 1973 Qvero
1328 1921 1528 1965 Catulum,
1553 1930 1700 1973 patrem
1721 1919 1797 1958 hu-

400 1991 481 2042 jus,
512 1989 551 2026 in
572 2002 650 2041 quo
671 1989 818 2026 summa
838 1988 1032 2040 sapientia,
1063 1988 1206 2026 eximia
1227 1988 1360 2032 virtus,
1393 1987 1590 2039 singularis
1615 1986 1797 2025 humani-

408 2065 461 2094 tas
483 2055 583 2100 fuit,
618 2056 680 2093 M.
704 2057 903 2099 Scaurum,
935 2054 1001 2092 illa
1019 2055 1214 2106 gravitate,
1246 2054 1315 2092 illo
1335 2054 1505 2098 confilio,
1537 2054 1603 2091 illa
1628 2054 1796 2106 pruden-

408 2125 486 2166 tia;
519 2122 613 2159 duos
635 2121 806 2164 Mucios,
839 2122 887 2158 L.
911 2120 1099 2165 Crassum,
1132 2121 1194 2159 M.
1228 2121 1462 2164 Antonium,
1494 2120 1561 2172 qui
1585 2129 1670 2158 tum
1695 2130 1800 2158 extra

409 2189 544 2227 urbem
567 2202 657 2226 cum
680 2187 848 2240 praesidio
864 2186 960 2231 fuit;
984 2200 1151 2239 quorum
1168 2188 1206 2224 in
1228 2185 1299 2225 hac
1321 2187 1474 2224 civitate
1495 2187 1609 2239 longe
1630 2187 1800 2226 maxima

407 2255 563 2293 consilia
581 2263 694 2306 atque
715 2254 866 2306 ingenia
886 2252 1043 2292 fuerunt
1062 2268 1070 2291 :
1103 2261 1270 2297 caeter08‚
1293 2254 1372 2306 pari
1393 2253 1579 2305 dignitate
1606 2253 1797 2306 praeditos,

407 2320 578 2359 custodes
613 2318 959 2372 gubernatoresque
991 2318 1225 2371 reipublicae,
1262 2319 1594 2371 quemadmodum
1626 2326 1798 2357 mortuos

408 2386 690 2425 defendemus?
727 2385 833 2434 Quid
866 2385 912 2422 de
943 2384 1019 2422 illis
1051 2383 1317 2423 honestiffimis
1353 2386 1456 2429 viris,
1492 2394 1605 2437 atque
1638 2384 1798 2437 optimis

409 2453 571 2496 civibus,
602 2451 798 2504 equitibus
821 2450 1022 2495 Romanis,
1054 2451 1242 2496 dicemus,
1268 2452 1336 2503 qui
1357 2460 1441 2489 tum
1464 2464 1538 2489 una
1557 2464 1649 2488 cum
1670 2449 1800 2488 senatu

411 2518 568 2556 salutem
591 2517 808 2569 reipublicae
827 2515 1078 2556 defenderunt
1096 2517 1109 2554 ?
1132 2517 1240 2570 Qid
1261 2518 1308 2556 de
1329 2517 1492 2556 tribunis
1513 2516 1663 2560 mariis,
1682 2523 1798 2554 caete-
