2212 2835
473 173 550 213 394
968 153 1373 193 ORATIO

470 267 599 296 tamen
624 255 702 294 illis
730 253 843 293 tantis
871 253 1037 292 tenebris
1065 266 1142 292 non
1169 252 1221 291 est
1246 251 1356 291 ausus
1377 253 1490 291 suum
1511 264 1656 290 nomen
1676 251 1866 305 emptioni

469 324 527 361 illi
549 323 754 361 ascribere:
785 321 913 375 posuit
933 320 1080 359 scilicet
1101 321 1299 359 Statonem
1320 319 1450 365 illum,
1481 317 1685 358 hominem
1706 318 1769 357 sua
1788 318 1866 357 vir-

470 400 551 428 tute
571 398 764 442 egentem,
796 397 840 426 ut
860 388 910 433 is,
938 388 1009 440 qui
1028 387 1069 426 in
1090 387 1242 433 Marfis,
1273 387 1342 425 ubi
1363 396 1474 425 natus
1500 386 1566 432 est,
1598 388 1759 431 tectum,
1789 398 1868 438 quo

468 456 605 494 imbris
627 454 773 494 vitandi
792 454 900 492 causa
919 453 1152 499 succederet,
1174 453 1331 492 nullum
1351 451 1521 498 haberet,
1543 452 1640 491 aedes
1660 452 1702 490 in
1723 450 1870 490 Palatio

469 521 722 560 nobiliffimas
743 519 873 558 emiffe
894 519 930 558 se
950 519 1107 558 diceret.
1129 517 1357 557 Inferiorem
1378 519 1519 557 aedium
1540 527 1688 571 partem
1707 517 1869 570 afligna-

470 589 525 627 vit
546 602 623 626 non
645 587 717 625 suae
735 587 844 640 genti
864 586 1049 631 Fonteiae,
1071 585 1134 623 sed
1154 585 1315 629 Clodiae,
1336 599 1453 638 quarn
1474 585 1656 638 reliquit:
1689 598 1807 637 quern
1829 584 1871 621 in

470 667 680 693 numerum
701 667 748 692 ex
768 652 904 691 multis
926 651 1076 691 Clodiis
1097 664 1214 690 nemo
1234 665 1379 691 nomen
1399 651 1520 696 dedit,
1538 651 1607 690 nifi
1626 660 1693 690 aut
1710 650 1872 704 egestate

470 731 536 760 aut
557 721 694 759 scelere
714 719 901 772 perditUS.

524 786 655 826 XLV.
686 786 804 824 Hanc
837 797 919 829 vos,
958 783 1180 828 Pontifices,
1216 791 1298 821 tam
1332 783 1490 828 variam,
1525 792 1606 821 tam
1640 797 1794 829 novam,
1829 783 1872 821 in

470 853 581 893 omni
597 865 735 905 genere
753 851 1011 896 voluntatem,
1038 850 1340 904 impudentiam,
1362 849 1576 894 audaciam,
1597 850 1870 902 cupiditatem,

470 918 808 972 comprobabitis?
841 916 1038 962 Pontifex,
1069 917 1213 970 inquit,
1250 915 1374 955 affuit.
1414 916 1509 955 Non
1543 925 1581 954 te
1614 915 1748 969 pudet,
1780 929 1874 954 cum

470 986 573 1040 apud
606 984 811 1038 pontifices
843 997 899 1022 res
935 992 1080 1037 agatur,
1116 983 1347 1037 pontificem
1381 982 1522 1027 dicere,
1553 996 1631 1021 non
1661 982 1874 1035 collegium

471 1051 720 1106 pontificum,
742 1050 887 1089 affuiffe
902 1069 916 1096 3
947 1050 1157 1104 praesertim
1178 1063 1271 1088 cum
1293 1049 1472 1089 tribunus
1493 1049 1617 1102 plebis
1637 1049 1699 1087 vel
1719 1049 1872 1087 denun-

471 1121 564 1157 tiare
594 1118 782 1172 potueris,
812 1117 872 1155 vel
903 1118 1020 1156 etiam
1054 1117 1225 1170 cogere?
1254 1116 1374 1154 Esto:
1407 1116 1619 1169 collegium
1651 1130 1731 1154 non
1759 1114 1873 1154 adhi-

472 1186 602 1224 buisti.
635 1184 775 1233 Qid?
807 1184 853 1221 de
884 1183 1052 1236 collegio
1081 1183 1169 1236 quis
1198 1183 1355 1221 tandem
1385 1181 1528 1220 affuit?
1561 1182 1739 1221 Posuerat
1765 1183 1872 1221 enim

472 1252 739 1291 auctoritatem
759 1251 800 1288 in
822 1264 900 1288 uno
917 1279 928 1294 ,
960 1264 1046 1303 quae
1065 1250 1118 1288 est
1138 1251 1178 1288 in
1199 1249 1260 1288 his
1281 1249 1465 1288 omnibus
1485 1264 1494 1287 ε
1528 1250 1590 1287 sed
1611 1259 1740 1288 tamen
1761 1258 1874 1302 auget

471 1328 509 1357 et
536 1327 622 1357 aetas
649 1326 687 1355 et
715 1315 838 1354 honos
866 1317 1112 1369 dignitatem.
1146 1317 1258 1369 Opus
1284 1324 1361 1353 erat
1388 1316 1505 1353 etiam
1537 1315 1720 1354 scientia:
1753 1328 1874 1368 quarn

471 1385 537 1424 etsi
558 1397 691 1423 omnes
712 1382 908 1422 consecuti
927 1382 1028 1428 sunt,
1062 1391 1190 1420 tamen
1211 1391 1313 1420 certe
1331 1382 1531 1435 peritiores
1552 1383 1714 1421 vetustas
1735 1382 1843 1421 facit.

528 1452 629 1503 Qis
650 1464 740 1503 ergo
760 1448 870 1488 affuit
888 1450 902 1487 ?
934 1450 1067 1487 Frater
1084 1477 1096 1493 ,
1126 1449 1257 1501 inquit
1272 1477 1284 1493 ,
1316 1448 1445 1486 uxoris
1467 1462 1575 1487 meae.
1608 1450 1647 1487 Si
1667 1449 1872 1487 auetorita-

474 1526 553 1556 tem
584 1516 809 1568 quaerimus,
840 1514 905 1552 etfi
937 1513 977 1552 id
1008 1513 1060 1552 est
1091 1513 1226 1558 aetatis‚
1263 1521 1305 1551 ut
1335 1513 1512 1552 nondum
1543 1513 1767 1552 consecutus
1800 1513 1872 1559 fit;

474 1592 603 1621 tamen
625 1590 769 1634 quanta
788 1580 840 1618 est
860 1580 900 1618 in
921 1579 1156 1618 adolescente
1182 1579 1384 1617 auctoritas
1401 1608 1413 1625 ‚
1444 1592 1486 1617 ea
1502 1609 1514 1625 ,
1545 1589 1700 1634 propter
1727 1588 1875 1619 tantam

473 1649 790 1702 conjunctionem
812 1647 1007 1686 affinitatis
1024 1675 1036 1692 ,
1067 1647 1196 1684 minor
1215 1646 1268 1684 est
1288 1647 1470 1699 putanda.
1507 1647 1574 1685 Sin
1595 1656 1726 1685 autem
1748 1647 1872 1686 scien-

474 1717 525 1755 tia
545 1715 597 1754 est
617 1715 798 1768 quaefita3
829 1715 916 1767 quis
942 1721 1022 1752 erat
1047 1713 1177 1751 minus
1204 1712 1349 1765 peritus
1367 1742 1378 1757 ‚
1410 1726 1528 1765 quam
1555 1714 1586 1751 is
1604 1742 1615 1758 ,
1647 1714 1716 1765 qui
1741 1713 1873 1765 paucis

473 1783 549 1821 illis
581 1782 716 1820 diebus
745 1782 786 1820 in
817 1781 1031 1833 collegium
1061 1780 1241 1817 venerat?
1282 1779 1364 1829 Qi
1395 1779 1513 1817 etiam
1545 1780 1618 1817 tibi
1644 1788 1721 1817 erat
1747 1779 1871 1832 magis

473 1849 675 1888 obstrictus
696 1847 886 1886 beneficio
905 1847 1072 1891 recenti,
1104 1859 1197 1884 cum
1220 1845 1275 1890 se,
1306 1844 1463 1883 fratrem
1485 1847 1614 1884 uxoris
1636 1854 1734 1891 tuae,
1767 1845 1874 1885 fratri

475 1925 542 1954 tuo
562 1927 746 1968 germano
767 1913 977 1952 antelatum
998 1912 1165 1950 videbat.
1207 1912 1287 1950 Etfi
1308 1912 1348 1949 in
1369 1926 1415 1950 eo
1434 1912 1633 1965 providisti
1651 1942 1661 1958 ,
1692 1926 1740 1951 ne
1759 1912 1878 1951 frater

475 1990 513 2020 te
547 1979 720 2018 accusare
754 1978 887 2033 poffet.
925 1979 1041 2017 Hanc
1073 1987 1116 2017 tu
1150 1978 1269 2031 igitur
1303 1978 1586 2017 dedicationem
1616 1978 1796 2043 appellas,
1827 1979 1876 2017 ad

475 2061 593 2101 quam
620 2060 698 2084 non
725 2045 953 2099 collegium,
985 2058 1062 2084 non
1089 2044 1303 2083 honoribus
1331 2045 1470 2098 populi
1498 2046 1667 2084 Romani
1694 2054 1875 2084 ornatum

475 2113 719 2167 pontificem,
741 2126 818 2151 non
839 2112 1005 2165 denique
1025 2111 1304 2151 adolescentem
1324 2125 1580 2165 quemquam,
1604 2126 1697 2151 cum
1716 2111 1875 2151 haberes

475 2181 516 2218 in
536 2180 703 2233 collegio
722 2178 1048 2224 familiariffimos,
1072 2177 1253 2216 adhibere
1274 2178 1462 2231 potuisti?
1491 2178 1619 2218 Affuit
1640 2179 1686 2224 is,
1709 2179 1735 2218 fi
1757 2180 1876 2217 modo

476 2246 600 2291 affuit,
632 2259 751 2298 quem
771 2255 813 2283 tu
834 2245 1038 2298 impulisti,
1071 2245 1173 2283 soror
1193 2246 1354 2299 rogavit,
1385 2254 1508 2284 mater
1528 2247 1668 2299 coegit.

532 2315 673 2353 Videte
705 2314 855 2367 igitur,
890 2313 1127 2359 Pontifices,
1159 2314 1255 2366 quid
1288 2314 1457 2352 statuatis
1492 2315 1533 2352 in
1567 2327 1653 2352 mea
1687 2312 1795 2352 causa
1829 2312 1875 2351 de

475 2382 657 2420 omnium
687 2380 868 2420 fortunis.
900 2381 1106 2426 verbone,
1140 2380 1372 2426 Pontifices,
1404 2374 1573 2434 putatis,
1604 2381 1629 2419 fi
1660 2381 1691 2419 is
1726 2380 1876 2433 postem

478 2449 667 2493 tenuerit,
699 2457 737 2487 et
767 2447 916 2501 aliquid
947 2447 1112 2493 dixerit,
1144 2447 1309 2487 domum
1342 2447 1639 2501 uniuscujusque
1666 2445 1876 2486 consecrari
