2212 2835
710 116 849 159 PRO
907 114 956 154 L.
1016 107 1329 151 FLACCO.
1654 111 1729 152 279

342 243 410 271 nos
430 238 576 282 poenas,
607 223 634 262 fi
653 222 706 260 ita
726 220 866 274 placet,
897 214 1133 255 sufferamus.
1164 210 1251 249 Nos
1269 208 1348 260 jam
1372 205 1418 243 ab
1440 201 1634 241 indicibus
1660 213 1730 239 no-

343 297 540 337 minamur
557 307 566 331 :
599 291 640 329 in
661 301 728 327 nos
749 285 913 324 crimina
931 281 1132 334 finguntur
1150 291 1159 315 ε
1182 275 1294 314 nobis
1316 270 1484 326 pericula
1503 280 1733 320 comparan-

345 374 407 403 tur
425 378 434 400 :
467 373 551 413 quae
569 357 598 396 fi
618 369 684 409 per
703 354 796 392 alios
816 357 969 403 agerent
987 365 998 392 ;
1030 346 1057 384 fi
1084 343 1250 394 denique
1271 353 1337 392 per
1358 336 1491 390 populi
1512 347 1654 373 nomen
1675 333 1733 371 ci-

346 430 454 469 vium
485 423 757 478 imperitorum
784 413 1082 456 multitudinem
1109 405 1355 447 concitaffent
1370 422 1382 448 3
1414 402 1578 454 aequiore
1606 401 1737 438 animo

342 496 440 535 ferre
460 490 650 547 pofl‘emus
668 502 677 524 ε
710 483 808 523 illud
829 494 917 519 vero
935 477 1026 516 ferri
1046 489 1124 514 non
1144 471 1280 526 potest,
1311 469 1416 522 quod
1442 481 1509 520 per
1534 466 1737 509 senatores,

347 572 384 601 et
414 573 480 614 per
510 555 658 609 equites
690 553 904 591 Romanos,
935 544 1004 597 qui
1033 541 1114 581 haec
1146 538 1279 578 onmia
1309 549 1378 588 pro
1410 534 1527 573 salute
1557 532 1736 570 omnium

347 623 551 667 communi
577 618 749 661 consilio,
780 627 856 654 una
881 620 1012 651 mente
1037 619 1154 660 atque
1180 605 1333 647 virtute,
1365 600 1568 654 gesserunt,
1599 597 1739 636 harum

349 706 477 733 rerum
497 689 684 729 auctore&
713 683 843 725 duces,
875 677 1084 732 principes,
1109 671 1261 726 spoliari
1281 668 1464 707 omnibus
1485 665 1666 709 fortunis,
1697 676 1739 701 ac

349 760 395 799 de
425 757 580 796 civitate
608 749 775 805 expelli,
806 744 906 800 poffe
935 743 1181 782 arbitrantur.
1213 735 1373 777 Etenim
1404 733 1540 786 populi
1571 730 1742 770 Romani

349 823 585 880 perspiciunt
599 820 681 872 jam
702 823 875 854 mentem
895 819 933 848 et
954 808 1192 848 voluntatem
1210 818 1219 842 ε
1245 801 1428 840 omnibus
1449 799 1575 842 rebus,
1599 797 1741 849 quibus

352 891 487 946 potest,
518 885 684 941 populus
705 883 905 920 Romanus
927 873 1127 928 fignificat,
1151 870 1247 923 quid
1267 867 1401 907 sentiat
1421 881 1429 905 :
1462 864 1569 903 nulla
1587 863 1744 902 varietas

353 959 406 997 est
436 957 535 995 inter
564 950 744 991 homines
774 943 982 999 opinionis,
1011 939 1120 979 nulla
1148 934 1377 979 voluntatis,
1407 931 1513 971 nulla
1543 929 1743 969 sermonis.

356 1027 510 1077 Qare,
542 1019 568 1059 fi
599 1018 686 1071 quis
716 1014 811 1053 illuc
846 1024 910 1049 me
942 1015 1080 1052 vocat,
1114 1004 1253 1043 venio:
1291 1000 1483 1054 populum
1518 999 1746 1036 Romanum

355 1091 648 1143 disceptatorem
678 1095 757 1121 non
787 1077 905 1117 modo
934 1088 1014 1113 non
1043 1070 1200 1115 recus0,
1228 1068 1291 1107 sed
1320 1067 1436 1105 etiam
1467 1063 1643 1117 deposco.
1675 1063 1746 1100 Vis

356 1158 450 1197 abfit
462 1175 475 1202 ;
506 1154 653 1193 ferrum
673 1161 716 1186 ac
735 1145 878 1199 lapides
898 1146 1165 1181 removeantur
1180 1154 1192 1181 ;
1224 1147 1345 1188 operae
1365 1131 1543 1170 faceffant
1555 1149 1567 1176 3
1600 1128 1749 1168 servitia

357 1224 503 1264 fileant.
534 1219 669 1258 Nemo
688 1214 759 1252 erit
778 1220 859 1250 tam
879 1206 1054 1261 injustus,
1084 1203 1153 1257 qui
1173 1215 1236 1241 me
1255 1199 1431 1243 audierit,
1461 1197 1488 1235 fi
1508 1196 1626 1235 modo
1653 1195 1751 1233 liber

357 1299 397 1330 et
415 1289 527 1333 civis,
557 1284 654 1338 quin
674 1280 803 1336 potius
824 1277 870 1316 de
890 1273 1056 1330 praemiis
1077 1269 1195 1315 meis,
1220 1280 1338 1321 quam
1357 1265 1403 1304 de
1424 1277 1550 1318 poena,
1573 1262 1749 1314 cogitan-

358 1357 454 1397 dum
474 1361 599 1408 putet.

414 1419 611 1462 XXXIX.
643 1416 680 1454 O
702 1412 774 1453 Dii
792 1404 1058 1450 immortales!
1091 1402 1188 1456 quid
1212 1400 1288 1439 hoc
1313 1396 1522 1438 miserius?
1554 1394 1653 1439 Nos,
1685 1393 1754 1445 qui

361 1491 408 1529 P.
429 1485 600 1527 Lentulo
620 1482 765 1521 ferrum
785 1486 824 1516 et
847 1475 1046 1514 flammam
1073 1469 1120 1508 de
1147 1467 1326 1507 manibus
1353 1463 1596 1506 extorfimus,
1626 1461 1755 1513 impe-

363 1556 442 1594 ritae
469 1547 733 1591 multitudinis
755 1542 905 1597 judicio
930 1536 1164 1578 confidimus
1181 1552 1194 1578 3
1225 1531 1516 1570 lestiffimorum
1545 1527 1691 1565 civium
1717 1535 1756 1563 et

365 1617 688 1672 ampliffimorum
715 1608 914 1650 sententias
940 1600 1261 1658 pertimescimus·
1294 1597 1369 1635 M‘.
1393 1594 1601 1647 Aquilium
1634 1601 1755 1645 patres

367 1684 508 1729 nostri,
540 1681 675 1721 multis
711 1675 874 1716 avaritiae
907 1668 1138 1710 criminibus
1173 1661 1475 1713 testimoniisque
1506 1659 1755 1700 convictum,

367 1752 457 1806 quia
475 1763 568 1788 cum
586 1744 763 1800 fugitivis
784 1741 933 1779 fortiter
953 1735 1100 1775 bellum
1122 1731 1290 1786 gefferat,
1316 1728 1466 1781 judicio
1486 1726 1756 1764 liberaverunt.

369 1816 515 1857 Consul
535 1827 606 1867 ego
626 1823 749 1864 nuper
769 1805 923 1846 defendi
951 1804 999 1842 C.
1023 1799 1228 1840 Pisonem:
1261 1796 1343 1848 qui,
1374 1794 1465 1846 quia
1489 1790 1621 1830 consul
1647 1789 1758 1827 fortis

369 1881 618 1933 constansque
648 1877 785 1920 fuerat,
816 1868 1024 1911 incolumis
1055 1866 1108 1904 est
1138 1862 1358 1916 reipublicae
1390 1858 1642 1898 conservatus.
1676 1856 1758 1894 De·-

372 1950 477 1989 fendi
507 1949 602 1986 item
633 1942 764 1983 consul
788 1942 836 1979 L.
860 1938 1084 1978 Murenam,
1115 1929 1313 1969 consulem
1346 1926 1611 1979 defignatum:
1644 1935 1760 1960 nemo

372 2016 530 2054 illorum
554 2011 749 2064 judicum,
780 2002 990 2044 clariffimis
1018 1999 1106 2037 viris
1128 1994 1407 2037 accusantibus,
1438 1989 1672 2029 audiendum
1694 1987 1763 2025 fibi

375 2083 422 2119 de
442 2079 590 2117 ambitu
612 2074 774 2129 putavit,
805 2084 912 2114 cum,
943 2067 1091 2106 bellum
1111 2065 1192 2116 jam
1220 2069 1373 2114 gerente
1401 2057 1581 2100 Cafflina,
1612 2066 1760 2096 omnes,

376 2160 440 2186 me
470 2145 634 2186 menore,
665 2141 759 2179 duos
786 2135 958 2176 consules
986 2130 1168 2170 Kalendis
1196 2126 1366 2179 Januarii
1392 2124 1529 2162 scirent
1555 2120 1625 2158 esse
1645 2131 1762 2170 opor-

379 2223 470 2252 tere.
503 2211 690 2248 Innocens
711 2215 750 2244 et
769 2205 893 2243 bonus
914 2201 984 2245 vir,
1016 2208 1053 2236 et
1072 2195 1254 2235 omnibus
1276 2193 1386 2230 rebus
1410 2197 1578 2230 ornatus,
1610 2186 1667 2222 bis
1688 2183 1763 2221 hoc

380 2291 493 2321 anno,
525 2288 587 2312 me
607 2271 848 2313 defendente,
879 2266 1072 2305 absolutus
1093 2261 1144 2300 est
1172 2262 1222 2298 A.
1245 2257 1457 2296 Thermus.
1490 2254 1656 2302 Qanta,
1689 2249 1762 2285 rei—

381 2343 544 2398 publicae
564 2338 684 2382 causa,
714 2336 844 2374 laetitia
873 2332 1007 2386 populi
1029 2327 1211 2370 Romani,
1235 2332 1375 2376 quanta
1394 2317 1609 2372 gratulatio,
1632 2313 1764 2350 conse-

382 2420 470 2450 cuta
489 2407 541 2446 est
559 2407 570 2444 ?
596 2406 752 2456 Semper
773 2412 902 2454 graves
923 2408 959 2436 et
980 2397 1160 2449 sapientes
1176 2391 1325 2445 judices
1344 2389 1382 2426 in
1406 2385 1516 2422 rebus
1532 2379 1763 2434 judicandis,
