2212 2835
649 166 786 205 PRo
844 163 1030 203 LEGE
1087 163 1436 203 MANILIA.
1693 179 1741 219 23

347 280 432 319 quae
464 265 543 304 istis
573 274 705 319 pacata
735 263 806 302 effe
841 263 1043 302 videatur?
1090 264 1171 301 Ora
1199 263 1410 309 maritima,
1443 263 1631 315 Qirites,
1666 265 1742 303 Cn.

348 334 583 386 Pompeium
614 345 693 370 non
724 331 848 368 solum
870 339 1027 383 propter
1058 330 1112 368 rei
1132 330 1310 368 militaris
1329 330 1509 383 gloriam,
1537 331 1600 369 sed
1627 332 1743 369 etiam

346 411 503 454 propter
529 398 650 437 animi
669 397 968 442 continentiam,
996 396 1206 449 requisivit.
1239 397 1407 435 Videbat
1438 399 1545 436 enim
1576 399 1743 452 populus

347 467 548 505 Romanus
579 478 659 503 non
689 463 917 516 locupletari
949 462 1157 515 quotannis
1197 463 1365 515 pecunia
1395 464 1574 516 publica,
1612 474 1745 517 praeter

343 544 511 586 paucos;
533 544 658 584 neque
677 543 746 570 nos
767 530 984 583 quidquam
1003 528 1107 567 aliud
1126 527 1268 582 affequi
1284 529 1458 568 claffium
1479 532 1652 576 nomine,
1675 533 1743 569 nisi

345 608 402 644 ut,
424 598 666 637 detrimentis
685 597 934 650 accipiendis,
963 597 1108 649 majore
1126 596 1229 634 affici
1250 597 1492 649 turpitudine
1512 597 1743 636 videremur.

343 665 481 711 Nunc,
516 679 594 718 qua
611 664 822 718 cupiditate
853 662 1032 702 homines
1066 663 1107 701 in
1139 664 1369 717 provincias,
1398 665 1541 716 quibus
1570 665 1743 717 jacturis,

343 734 487 786 quibus
507 732 811 777 conditionibus,
833 730 1138 784 proficiscantur,
1160 731 1339 784 ignorant
1359 731 1539 770 videlicet
1570 732 1643 777 isti,
1675 733 1744 784 qui

344 802 391 839 ad
412 815 536 840 unum
557 799 762 839 deferenda
789 799 860 838 effe
880 799 1013 838 omnia
1033 812 1111 838 non
1131 799 1391 837 arbitrantur?
1423 799 1527 851 quasi
1555 813 1644 837 vero
1666 801 1743 838 Cn.

344 869 579 922 Pompeium
612 881 691 906 non
725 880 820 905 curn
854 867 929 905 suis
955 866 1180 911 virtutibus,
1216 875 1303 905 turn
1332 867 1450 904 etiam
1471 866 1603 904 alienis
1625 867 1745 911 vitiis,

344 949 533 988 magnum
554 934 626 973 effe
645 934 857 972 videamus.

392 1004 522 1053 Qare
542 1001 662 1039 nolite
682 1001 872 1044 dubitare,
890 1000 986 1052 quin
1006 999 1100 1038 huic
1120 1000 1190 1038 uni
1209 1001 1371 1038 credatis
1391 1000 1536 1045 omnia,
1558 1001 1627 1053 qui
1646 1001 1748 1038 inter

345 1081 462 1107 annos
484 1076 542 1106 tot
563 1079 662 1105 unus
683 1067 862 1104 inventus
883 1066 942 1110 fit,
964 1079 1082 1118 quem
1104 1066 1195 1104 socii
1223 1067 1263 1104 in
1285 1067 1397 1105 urbes
1419 1066 1499 1105 suas
1521 1080 1613 1105 cum
1634 1081 1743 1105 exer-

344 1136 426 1174 citu
445 1134 584 1173 veniffe
603 1132 805 1186 gaudeant.
839 1131 958 1180 Qod
977 1131 1004 1169 fi
1020 1133 1311 1170 auetoritatibus
1332 1132 1432 1170 hanc
1452 1133 1617 1178 causam,
1640 1134 1744 1185 Qi-

345 1203 448 1246 rites‚
470 1199 776 1239 confirmandam
797 1198 957 1251 putatis,
989 1197 1041 1236 est
1062 1198 1171 1236 vobis
1192 1199 1337 1244 auctor,
1361 1199 1418 1236 vir
1439 1199 1633 1237 bellorum
1652 1214 1742 1238 orn-

344 1269 471 1313 nium‚
495 1268 835 1318 maximarumque
856 1279 998 1311 rerum,
1031 1265 1294 1319 peridffimus,
1326 1267 1370 1304 P.
1396 1266 1600 1312 Servilius5
1634 1269 1744 1320 cujus

344 1345 458 1374 tantae
478 1348 535 1374 res
556 1334 668 1388 gestae
686 1342 785 1372 terra
806 1333 981 1385 marique
1000 1333 1228 1378 extiterunt,
1249 1341 1307 1378 ut,
1335 1346 1428 1371 cum
1457 1333 1502 1371 de
1522 1333 1626 1371 bello
1645 1334 1744 1371 deli-

343 1403 496 1447 beretis,
532 1402 665 1439 auctor
697 1399 805 1438 vobis
835 1399 986 1452 gravior
1015 1398 1088 1437 effe
1117 1412 1235 1437 nemo
1265 1399 1413 1438 debeat.
1446 1399 1513 1437 Est
1533 1399 1581 1438 C.
1607 1400 1743 1445 Curio,

343 1468 506 1508 summis
527 1467 657 1506 vestris
683 1465 896 1511 beneficiis,
929 1465 1186 1518 maximisque
1216 1466 1329 1504 rebus
1350 1465 1477 1519 gestis,
1506 1465 1660 1505 summo
1679 1467 1742 1504 in-

342 1536 458 1590 genio
476 1544 515 1573 et
534 1534 751 1588 prudentia,
783 1532 980 1586 praeditus.
1011 1532 1080 1571 Est
1099 1533 1175 1570 Cn.
1193 1533 1401 1578 Lentulus,
1433 1533 1473 1570 in
1494 1546 1573 1585 quo
1593 1547 1742 1578 omnes,

344 1617 414 1656 pro
433 1600 674 1654 ampliffimis
694 1600 824 1638 vestris
840 1598 1072 1644 honoribus,
1090 1599 1291 1638 summum
1309 1599 1528 1645 confilium,
1549 1599 1745 1639 summam

343 1669 585 1722 gravitatem,
606 1666 677 1704 effe
697 1665 943 1719 cognoscitis,
975 1665 1042 1703 Est
1070 1667 1118 1704 C.
1140 1664 1300 1711 Caffius,
1331 1666 1564 1718 integritate,
1584 1668 1743 1712 virtute,

343 1734 554 1774 constantia
573 1732 767 1785 singulari.
801 1733 931 1783 Qare
949 1731 1092 1777 videte,
1129 1740 1173 1770 ut
1192 1730 1335 1770 horum
1353 1733 1657 1778 auctoritatibus,
1690 1733 1742 1771 il-

343 1801 471 1840 lorum
493 1798 670 1843 orationi,
693 1797 761 1850 qui
780 1796 1019 1843 diffentiunt,
1041 1797 1265 1850 respondere
1284 1797 1386 1850 poffe
1405 1798 1618 1837 videamur.

396 1866 551 1905 XXIV.
583 1865 682 1915 Qae
701 1877 795 1902 cum
815 1864 866 1902 ita
885 1863 972 1909 fint,
995 1865 1043 1902 C.
1066 1863 1226 1909 Manili,
1248 1864 1424 1917 primum
1445 1864 1554 1902 istam
1576 1873 1682 1903 tuam
1704 1873 1746 1903 et

342 1932 484 1986 legem,
509 1940 547 1969 et
567 1930 821 1975 voluntatem,
850 1939 888 1968 et
914 1929 1158 1975 sententiam,
1180 1930 1311 1975 laudo,
1332 1929 1742 1983 vehementiffimeque

343 1999 585 2052 comprobo:
617 1998 754 2035 deinde
776 2006 812 2035 te
833 1996 978 2042 hortor,
1001 2005 1058 2042 ut,
1080 1999 1230 2035 auctore
1251 1996 1398 2049 populo
1426 1998 1621 2042 Romano,
1655 2011 1739 2035 ma-

342 2080 428 2105 neas
459 2067 500 2104 in
522 2065 719 2110 sententia,
750 2078 843 2102 neve
874 2064 1104 2116 cujusquam
1135 2064 1216 2102 vim
1237 2074 1302 2102 aut
1322 2064 1446 2102 minas
1478 2065 1736 2116 pertimescas.

342 2135 521 2173 Primum
542 2134 582 2172 in
604 2142 640 2171 te
661 2132 747 2170 satis
768 2132 838 2170 effe
858 2132 978 2170 animi
998 2131 1358 2184 perseverantiaeque
1378 2132 1562 2170 arbitror:
1586 2132 1736 2176 deinde,

342 2212 434 2237 cum
457 2208 604 2238 tantam
634 2198 930 2236 multitudinem
961 2211 1054 2235 cum
1086 2207 1192 2235 tanto
1222 2198 1347 2235 studio
1376 2197 1495 2235 adeffe
1523 2197 1734 2241 videamus,

342 2275 526 2318 quantam
558 2279 635 2304 non
657 2266 800 2303 iterum
833 2266 875 2302 in
904 2265 1039 2302 eodem
1071 2263 1233 2302 homine
1263 2263 1509 2316 praeficiendo
1540 2264 1734 2307 vidimus3

342 2331 437 2384 quid
468 2331 534 2375 est,
565 2331 670 2383 quod
701 2340 766 2369 aut
786 2331 832 2369 de
864 2344 916 2375 re,
946 2341 1012 2369 aut
1031 2331 1079 2369 de
1109 2330 1333 2383 perficiendi
1354 2329 1548 2374 facultate,
1579 2329 1736 2367 dubite-

282 2444 285 2447 .
343 2397 462 2436 mus?
494 2397 580 2449 Ego
610 2407 754 2441 autem,
776 2397 967 2450 quidquid
995 2398 1036 2435 in
1067 2411 1131 2435 me
1151 2396 1204 2435 est
1224 2396 1351 2440 studii,
1384 2395 1546 2439 confilii,
1578 2394 1734 2439 laboris,

341 2462 503 2516 ingenii,
543 2462 737 2514 quidquid
772 2460 847 2501 hoc
886 2463 1074 2501 beneficio
1111 2463 1247 2515 populi
1283 2461 1469 2505 Romani,
1511 2470 1624 2513 atque
1663 2459 1735 2499 hac
