<?xml version="1.0" encoding="UTF-8"?>
<!DOCTYPE html PUBLIC "-//W3C//DTD XHTML 1.0 Transitional//EN"
    "http://www.w3.org/TR/xhtml1/DTD/xhtml1-transitional.dtd">
<html xmlns="http://www.w3.org/1999/xhtml" xml:lang="en" lang="en">
 <head>
  <title>
</title>
<meta http-equiv="Content-Type" content="text/html;charset=utf-8" />
  <meta name='ocr-system' content='tesseract 3.04.00' />
  <meta name='ocr-capabilities' content='ocr_page ocr_carea ocr_par ocr_line ocrx_word'/>
</head>
<body>
  <div class='ocr_page' id='page_1' title='image "./operacumindicibu05ciceuoft_0369.png"; bbox 0 0 2212 2835; ppageno 0'>
   <div class='ocr_carea' id='block_1_1' title="bbox 699 205 1318 252">
    <p class='ocr_par' dir='ltr' id='par_1_1' title="bbox 699 205 1318 252">
     <span class='ocr_line' id='line_1_1' title="bbox 699 205 1318 252; baseline 0.002 -1"><span class='ocrx_word' id='word_1_1' title='bbox 699 205 840 251; x_wconf 79' lang='lat' dir='ltr'>PRO</span> <span class='ocrx_word' id='word_1_2' title='bbox 899 212 1115 251; x_wconf 82' lang='lat' dir='ltr'>DOMO</span> <span class='ocrx_word' id='word_1_3' title='bbox 1175 213 1318 252; x_wconf 79' lang='lat' dir='ltr'>SUA.</span> 
     </span>
    </p>
   </div>
   <div class='ocr_carea' id='block_1_2' title="bbox 313 228 1725 2605">
    <p class='ocr_par' dir='ltr' id='par_1_2' title="bbox 313 228 1713 1023">
     <span class='ocr_line' id='line_1_2' title="bbox 1629 228 1704 268; baseline 0.013 -1"><span class='ocrx_word' id='word_1_4' title='bbox 1629 228 1704 268; x_wconf 74' lang='lat'>353</span> 
     </span>
     <span class='ocr_line' id='line_1_3' title="bbox 315 308 1703 364; baseline 0.004 -20"><span class='ocrx_word' id='word_1_5' title='bbox 315 308 384 346; x_wconf 90' lang='lat' dir='ltr'>illo</span> <span class='ocrx_word' id='word_1_6' title='bbox 405 308 465 348; x_wconf 86' lang='lat' dir='ltr'>die</span> <span class='ocrx_word' id='word_1_7' title='bbox 485 323 563 348; x_wconf 90' lang='lat' dir='ltr'>non</span> <span class='ocrx_word' id='word_1_8' title='bbox 584 310 760 349; x_wconf 87' lang='lat' dir='ltr'>debuisti.</span> <span class='ocrx_word' id='word_1_9' title='bbox 793 313 879 364; x_wconf 86' lang='lat' dir='ltr'>Ego</span> <span class='ocrx_word' id='word_1_10' title='bbox 900 325 988 349; x_wconf 81' lang='lat' dir='ltr'>vero</span> <span class='ocrx_word' id='word_1_11' title='bbox 1010 324 1133 363; x_wconf 89' lang='lat' dir='ltr'>neque</span> <span class='ocrx_word' id='word_1_12' title='bbox 1155 312 1260 356; x_wconf 68' lang='lat' dir='ltr'>veni,</span> <span class='ocrx_word' id='word_1_13' title='bbox 1291 321 1329 349; x_wconf 89' lang='lat' dir='ltr'>et</span> <span class='ocrx_word' id='word_1_14' title='bbox 1350 312 1467 350; x_wconf 82' lang='lat' dir='ltr'>domo</span> <span class='ocrx_word' id='word_1_15' title='bbox 1489 325 1551 350; x_wconf 82' lang='lat' dir='ltr'>me</span> <span class='ocrx_word' id='word_1_16' title='bbox 1573 312 1676 350; x_wconf 83' lang='lat' dir='ltr'>tenui</span> <span class='ocrx_word' id='word_1_17' title='bbox 1693 341 1703 356; x_wconf 79' lang='lat'><em>,</em></span> 
     </span>
     <span class='ocr_line' id='line_1_4' title="bbox 313 376 1705 430; baseline 0.001 -18"><span class='ocrx_word' id='word_1_18' title='bbox 313 376 500 426; x_wconf 84' lang='lat' dir='ltr'>quamdiu</span> <span class='ocrx_word' id='word_1_19' title='bbox 523 376 792 415; x_wconf 88' lang='lat' dir='ltr'>turbulentum</span> <span class='ocrx_word' id='word_1_20' title='bbox 812 386 966 430; x_wconf 88' lang='lat' dir='ltr'>tempus</span> <span class='ocrx_word' id='word_1_21' title='bbox 985 376 1088 421; x_wconf 80' lang='lat' dir='ltr'>fuit;</span> <span class='ocrx_word' id='word_1_22' title='bbox 1121 390 1212 414; x_wconf 89' lang='lat' dir='ltr'>cum</span> <span class='ocrx_word' id='word_1_23' title='bbox 1240 376 1362 414; x_wconf 87' lang='lat' dir='ltr'>servos</span> <span class='ocrx_word' id='word_1_24' title='bbox 1389 386 1472 415; x_wconf 86' lang='lat' dir='ltr'>tuos</span> <span class='ocrx_word' id='word_1_25' title='bbox 1491 407 1502 423; x_wconf 91' lang='lat'>‚</span> <span class='ocrx_word' id='word_1_26' title='bbox 1534 377 1578 416; x_wconf 85' lang='lat' dir='ltr'>ad</span> <span class='ocrx_word' id='word_1_27' title='bbox 1605 378 1705 430; x_wconf 77' lang='lat' dir='ltr'>rapi«</span> 
     </span>
     <span class='ocr_line' id='line_1_5' title="bbox 315 441 1708 494; baseline 0.003 -17"><span class='ocrx_word' id='word_1_28' title='bbox 315 453 421 485; x_wconf 88' lang='lat' dir='ltr'>nam,</span> <span class='ocrx_word' id='word_1_29' title='bbox 439 442 484 479; x_wconf 88' lang='lat' dir='ltr'>ad</span> <span class='ocrx_word' id='word_1_30' title='bbox 507 442 696 480; x_wconf 89' lang='lat' dir='ltr'>bonorum</span> <span class='ocrx_word' id='word_1_31' title='bbox 718 443 876 487; x_wconf 83' lang='lat' dir='ltr'>caedem,</span> <span class='ocrx_word' id='word_1_32' title='bbox 897 450 1059 494; x_wconf 84' lang='lat' dir='ltr'>paratos,</span> <span class='ocrx_word' id='word_1_33' title='bbox 1083 455 1173 479; x_wconf 90' lang='lat' dir='ltr'>cum</span> <span class='ocrx_word' id='word_1_34' title='bbox 1196 441 1261 479; x_wconf 82' lang='lat' dir='ltr'>illa</span> <span class='ocrx_word' id='word_1_35' title='bbox 1282 451 1345 479; x_wconf 87' lang='lat' dir='ltr'>tua</span> <span class='ocrx_word' id='word_1_36' title='bbox 1365 443 1708 481; x_wconf 83' lang='lat' dir='ltr'>consceleratorum</span> 
     </span>
     <span class='ocr_line' id='line_1_6' title="bbox 316 507 1708 560; baseline 0.002 -17"><span class='ocrx_word' id='word_1_37' title='bbox 316 519 358 543; x_wconf 88' lang='lat' dir='ltr'>ac</span> <span class='ocrx_word' id='word_1_38' title='bbox 378 507 615 558; x_wconf 86' lang='lat' dir='ltr'>perditorum</span> <span class='ocrx_word' id='word_1_39' title='bbox 637 522 754 545; x_wconf 87' lang='lat' dir='ltr'>manu</span> <span class='ocrx_word' id='word_1_40' title='bbox 775 517 938 546; x_wconf 86' lang='lat' dir='ltr'>armatos</span> <span class='ocrx_word' id='word_1_41' title='bbox 958 508 1076 545; x_wconf 84' lang='lat' dir='ltr'>etiam</span> <span class='ocrx_word' id='word_1_42' title='bbox 1097 507 1138 545; x_wconf 89' lang='lat' dir='ltr'>in</span> <span class='ocrx_word' id='word_1_43' title='bbox 1159 507 1400 560; x_wconf 81' lang='lat' dir='ltr'>Capitolium</span> <span class='ocrx_word' id='word_1_44' title='bbox 1419 517 1549 547; x_wconf 85' lang='lat' dir='ltr'>tecum</span> <span class='ocrx_word' id='word_1_45' title='bbox 1571 509 1708 547; x_wconf 77' lang='lat' dir='ltr'>venisse</span> 
     </span>
     <span class='ocr_line' id='line_1_7' title="bbox 314 572 1708 622; baseline 0.001 -12"><span class='ocrx_word' id='word_1_46' title='bbox 314 572 522 611; x_wconf 83' lang='lat' dir='ltr'>constabat.</span> <span class='ocrx_word' id='word_1_47' title='bbox 556 574 675 622; x_wconf 84' lang='lat' dir='ltr'>Qod</span> <span class='ocrx_word' id='word_1_48' title='bbox 695 587 786 612; x_wconf 89' lang='lat' dir='ltr'>cum</span> <span class='ocrx_word' id='word_1_49' title='bbox 808 573 908 612; x_wconf 88' lang='lat' dir='ltr'>mihi</span> <span class='ocrx_word' id='word_1_50' title='bbox 929 573 1183 618; x_wconf 79' lang='lat' dir='ltr'>nuntiaretur,</span> <span class='ocrx_word' id='word_1_51' title='bbox 1214 572 1291 612; x_wconf 90' lang='lat' dir='ltr'>scio</span> <span class='ocrx_word' id='word_1_52' title='bbox 1312 587 1374 612; x_wconf 88' lang='lat' dir='ltr'>me</span> <span class='ocrx_word' id='word_1_53' title='bbox 1394 574 1503 613; x_wconf 90' lang='lat' dir='ltr'>domi</span> <span class='ocrx_word' id='word_1_54' title='bbox 1525 574 1708 618; x_wconf 70' lang='lat' dir='ltr'>mansiffe,</span> 
     </span>
     <span class='ocr_line' id='line_1_8' title="bbox 315 639 1711 694; baseline 0.002 -19"><span class='ocrx_word' id='word_1_55' title='bbox 315 648 354 675; x_wconf 88' lang='lat' dir='ltr'>et</span> <span class='ocrx_word' id='word_1_56' title='bbox 385 639 457 676; x_wconf 88' lang='lat' dir='ltr'>tibi</span> <span class='ocrx_word' id='word_1_57' title='bbox 488 649 526 677; x_wconf 88' lang='lat' dir='ltr'>et</span> <span class='ocrx_word' id='word_1_58' title='bbox 555 640 831 692; x_wconf 86' lang='lat' dir='ltr'>gladiatoribus</span> <span class='ocrx_word' id='word_1_59' title='bbox 865 640 940 678; x_wconf 86' lang='lat' dir='ltr'>tuis</span> <span class='ocrx_word' id='word_1_60' title='bbox 966 640 1212 678; x_wconf 85' lang='lat' dir='ltr'>instaurandae</span> <span class='ocrx_word' id='word_1_61' title='bbox 1238 640 1352 679; x_wconf 82' lang='lat' dir='ltr'>caedis</span> <span class='ocrx_word' id='word_1_62' title='bbox 1379 641 1605 694; x_wconf 86' lang='lat' dir='ltr'>potestatem</span> <span class='ocrx_word' id='word_1_63' title='bbox 1634 654 1711 678; x_wconf 80' lang='lat' dir='ltr'>non</span> 
     </span>
     <span class='ocr_line' id='line_1_9' title="bbox 314 701 1712 760; baseline 0.003 -19"><span class='ocrx_word' id='word_1_64' title='bbox 314 701 457 743; x_wconf 75' lang='lat' dir='ltr'>fecisse.</span> <span class='ocrx_word' id='word_1_65' title='bbox 490 705 621 745; x_wconf 89' lang='lat' dir='ltr'>Postea</span> <span class='ocrx_word' id='word_1_66' title='bbox 641 720 759 759; x_wconf 90' lang='lat' dir='ltr'>quam</span> <span class='ocrx_word' id='word_1_67' title='bbox 779 705 879 744; x_wconf 88' lang='lat' dir='ltr'>mihi</span> <span class='ocrx_word' id='word_1_68' title='bbox 902 707 1127 744; x_wconf 82' lang='lat' dir='ltr'>nuntiatum</span> <span class='ocrx_word' id='word_1_69' title='bbox 1156 706 1209 744; x_wconf 88' lang='lat' dir='ltr'>est</span> <span class='ocrx_word' id='word_1_70' title='bbox 1224 735 1236 752; x_wconf 94' lang='lat'><em>‚</em></span> <span class='ocrx_word' id='word_1_71' title='bbox 1266 707 1459 760; x_wconf 89' lang='lat' dir='ltr'>populum</span> <span class='ocrx_word' id='word_1_72' title='bbox 1485 708 1712 746; x_wconf 86' lang='lat' dir='ltr'>Romanum</span> 
     </span>
     <span class='ocr_line' id='line_1_10' title="bbox 315 769 1712 825; baseline 0.002 -17"><span class='ocrx_word' id='word_1_73' title='bbox 315 769 357 808; x_wconf 91' lang='lat' dir='ltr'>in</span> <span class='ocrx_word' id='word_1_74' title='bbox 388 771 629 824; x_wconf 88' lang='lat' dir='ltr'>Capitolium</span> <span class='ocrx_word' id='word_1_75' title='bbox 662 781 819 825; x_wconf 88' lang='lat' dir='ltr'>propter</span> <span class='ocrx_word' id='word_1_76' title='bbox 850 782 1002 810; x_wconf 88' lang='lat' dir='ltr'>metum</span> <span class='ocrx_word' id='word_1_77' title='bbox 1034 781 1149 824; x_wconf 88' lang='lat' dir='ltr'>atque</span> <span class='ocrx_word' id='word_1_78' title='bbox 1172 772 1346 825; x_wconf 89' lang='lat' dir='ltr'>inopiam</span> <span class='ocrx_word' id='word_1_79' title='bbox 1372 773 1426 811; x_wconf 91' lang='lat' dir='ltr'>rei</span> <span class='ocrx_word' id='word_1_80' title='bbox 1452 772 1712 812; x_wconf 66' lang='lat' dir='ltr'>frumentariae</span> 
     </span>
     <span class='ocr_line' id='line_1_11' title="bbox 317 837 1709 892; baseline 0.002 -18"><span class='ocrx_word' id='word_1_81' title='bbox 317 837 547 882; x_wconf 80' lang='lat' dir='ltr'>convenisse,</span> <span class='ocrx_word' id='word_1_82' title='bbox 566 838 757 878; x_wconf 89' lang='lat' dir='ltr'>ministros</span> <span class='ocrx_word' id='word_1_83' title='bbox 778 848 906 877; x_wconf 89' lang='lat' dir='ltr'>autem</span> <span class='ocrx_word' id='word_1_84' title='bbox 929 838 1114 877; x_wconf 87' lang='lat' dir='ltr'>scelerum</span> <span class='ocrx_word' id='word_1_85' title='bbox 1136 847 1293 877; x_wconf 88' lang='lat' dir='ltr'>tuorum</span> <span class='ocrx_word' id='word_1_86' title='bbox 1313 839 1547 892; x_wconf 87' lang='lat' dir='ltr'>perterritos,</span> <span class='ocrx_word' id='word_1_87' title='bbox 1569 839 1709 892; x_wconf 88' lang='lat' dir='ltr'>partim</span> 
     </span>
     <span class='ocr_line' id='line_1_12' title="bbox 318 902 1713 958; baseline 0.003 -18"><span class='ocrx_word' id='word_1_88' title='bbox 318 902 458 941; x_wconf 84' lang='lat' dir='ltr'>amiffis</span> <span class='ocrx_word' id='word_1_89' title='bbox 479 904 614 957; x_wconf 84' lang='lat' dir='ltr'>gladiis</span> <span class='ocrx_word' id='word_1_90' title='bbox 632 933 644 949; x_wconf 87' lang='lat'><strong>,</strong></span> <span class='ocrx_word' id='word_1_91' title='bbox 675 905 816 958; x_wconf 89' lang='lat' dir='ltr'>partim</span> <span class='ocrx_word' id='word_1_92' title='bbox 837 904 975 957; x_wconf 81' lang='lat' dir='ltr'>ereptis</span> <span class='ocrx_word' id='word_1_93' title='bbox 994 933 1004 948; x_wconf 94' lang='lat'>‚</span> <span class='ocrx_word' id='word_1_94' title='bbox 1036 903 1253 957; x_wconf 77' lang='lat' dir='ltr'>diffugiffe3</span> <span class='ocrx_word' id='word_1_95' title='bbox 1285 905 1372 943; x_wconf 84' lang='lat' dir='ltr'>veni</span> <span class='ocrx_word' id='word_1_96' title='bbox 1393 919 1471 944; x_wconf 90' lang='lat' dir='ltr'>non</span> <span class='ocrx_word' id='word_1_97' title='bbox 1491 905 1616 944; x_wconf 88' lang='lat' dir='ltr'>solum</span> <span class='ocrx_word' id='word_1_98' title='bbox 1637 905 1713 944; x_wconf 87' lang='lat' dir='ltr'>fine</span> 
     </span>
     <span class='ocr_line' id='line_1_13' title="bbox 320 968 1507 1023; baseline 0.003 -16"><span class='ocrx_word' id='word_1_99' title='bbox 320 968 410 1007; x_wconf 88' lang='lat' dir='ltr'>ullis</span> <span class='ocrx_word' id='word_1_100' title='bbox 429 971 552 1023; x_wconf 85' lang='lat' dir='ltr'>copiis</span> <span class='ocrx_word' id='word_1_101' title='bbox 573 984 614 1009; x_wconf 89' lang='lat' dir='ltr'>ac</span> <span class='ocrx_word' id='word_1_102' title='bbox 636 984 769 1016; x_wconf 84' lang='lat' dir='ltr'>manu,</span> <span class='ocrx_word' id='word_1_103' title='bbox 800 985 935 1009; x_wconf 89' lang='lat' dir='ltr'>verum</span> <span class='ocrx_word' id='word_1_104' title='bbox 955 971 1072 1009; x_wconf 81' lang='lat' dir='ltr'>etiam</span> <span class='ocrx_word' id='word_1_105' title='bbox 1093 984 1185 1009; x_wconf 93' lang='lat' dir='ltr'>cum</span> <span class='ocrx_word' id='word_1_106' title='bbox 1206 972 1338 1023; x_wconf 82' lang='lat' dir='ltr'>paucis</span> <span class='ocrx_word' id='word_1_107' title='bbox 1359 971 1507 1010; x_wconf 86' lang='lat' dir='ltr'>amicis.</span> 
     </span>
    </p>

    <p class='ocr_par' dir='ltr' id='par_1_3' title="bbox 317 1037 1720 1885">
     <span class='ocr_line' id='line_1_14' title="bbox 374 1037 1714 1091; baseline 0.002 -18"><span class='ocrx_word' id='word_1_108' title='bbox 374 1037 442 1074; x_wconf 91' lang='lat' dir='ltr'>An</span> <span class='ocrx_word' id='word_1_109' title='bbox 461 1050 547 1089; x_wconf 83' lang='lat' dir='ltr'>ego,</span> <span class='ocrx_word' id='word_1_110' title='bbox 568 1050 661 1075; x_wconf 91' lang='lat' dir='ltr'>cum</span> <span class='ocrx_word' id='word_1_111' title='bbox 682 1038 726 1076; x_wconf 91' lang='lat' dir='ltr'>P.</span> <span class='ocrx_word' id='word_1_112' title='bbox 745 1037 937 1076; x_wconf 90' lang='lat' dir='ltr'>Lentulus</span> <span class='ocrx_word' id='word_1_113' title='bbox 957 1037 1104 1082; x_wconf 87' lang='lat' dir='ltr'>consul,</span> <span class='ocrx_word' id='word_1_114' title='bbox 1125 1037 1274 1090; x_wconf 88' lang='lat' dir='ltr'>optime</span> <span class='ocrx_word' id='word_1_115' title='bbox 1292 1038 1338 1075; x_wconf 92' lang='lat' dir='ltr'>de</span> <span class='ocrx_word' id='word_1_116' title='bbox 1358 1051 1421 1076; x_wconf 90' lang='lat' dir='ltr'>me</span> <span class='ocrx_word' id='word_1_117' title='bbox 1441 1051 1483 1076; x_wconf 89' lang='lat' dir='ltr'>ac</span> <span class='ocrx_word' id='word_1_118' title='bbox 1504 1038 1550 1076; x_wconf 93' lang='lat' dir='ltr'>de</span> <span class='ocrx_word' id='word_1_119' title='bbox 1571 1037 1714 1091; x_wconf 90' lang='lat' dir='ltr'>repub-</span> 
     </span>
     <span class='ocr_line' id='line_1_15' title="bbox 320 1101 1715 1156; baseline 0.002 -17"><span class='ocrx_word' id='word_1_120' title='bbox 320 1101 396 1140; x_wconf 88' lang='lat' dir='ltr'>lica</span> <span class='ocrx_word' id='word_1_121' title='bbox 413 1104 589 1149; x_wconf 83' lang='lat' dir='ltr'>meritus‚</span> <span class='ocrx_word' id='word_1_122' title='bbox 618 1118 711 1143; x_wconf 88' lang='lat' dir='ltr'>cum</span> <span class='ocrx_word' id='word_1_123' title='bbox 732 1104 1011 1155; x_wconf 75' lang='lat' dir='ltr'>QMetellus‚</span> <span class='ocrx_word' id='word_1_124' title='bbox 1043 1105 1126 1156; x_wconf 90' lang='lat' dir='ltr'>qui,</span> <span class='ocrx_word' id='word_1_125' title='bbox 1158 1117 1251 1142; x_wconf 90' lang='lat' dir='ltr'>cum</span> <span class='ocrx_word' id='word_1_126' title='bbox 1276 1117 1385 1143; x_wconf 88' lang='lat' dir='ltr'>meus</span> <span class='ocrx_word' id='word_1_127' title='bbox 1406 1105 1590 1143; x_wconf 86' lang='lat' dir='ltr'>inimicus</span> <span class='ocrx_word' id='word_1_128' title='bbox 1610 1104 1715 1149; x_wconf 78' lang='lat' dir='ltr'>esset,</span> 
     </span>
     <span class='ocr_line' id='line_1_16' title="bbox 319 1167 1716 1224; baseline 0.001 -18"><span class='ocrx_word' id='word_1_129' title='bbox 319 1167 435 1208; x_wconf 87' lang='lat' dir='ltr'>frater</span> <span class='ocrx_word' id='word_1_130' title='bbox 456 1179 559 1216; x_wconf 90' lang='lat' dir='ltr'>tuus,</span> <span class='ocrx_word' id='word_1_131' title='bbox 584 1179 622 1208; x_wconf 92' lang='lat' dir='ltr'>et</span> <span class='ocrx_word' id='word_1_132' title='bbox 642 1170 856 1209; x_wconf 67' lang='lat' dir='ltr'>dissensioni</span> <span class='ocrx_word' id='word_1_133' title='bbox 878 1171 1010 1210; x_wconf 85' lang='lat' dir='ltr'>nostrae</span> <span class='ocrx_word' id='word_1_134' title='bbox 1030 1181 1067 1210; x_wconf 92' lang='lat' dir='ltr'>et</span> <span class='ocrx_word' id='word_1_135' title='bbox 1089 1171 1266 1224; x_wconf 85' lang='lat' dir='ltr'>precibus</span> <span class='ocrx_word' id='word_1_136' title='bbox 1287 1171 1361 1209; x_wconf 86' lang='lat' dir='ltr'>tuis</span> <span class='ocrx_word' id='word_1_137' title='bbox 1384 1171 1544 1209; x_wconf 80' lang='lat' dir='ltr'>salutem</span> <span class='ocrx_word' id='word_1_138' title='bbox 1565 1184 1606 1210; x_wconf 86' lang='lat' dir='ltr'>ac</span> <span class='ocrx_word' id='word_1_139' title='bbox 1627 1171 1716 1224; x_wconf 88' lang='lat' dir='ltr'>dig-</span> 
     </span>
     <span class='ocr_line' id='line_1_17' title="bbox 321 1235 1717 1290; baseline 0.002 -17"><span class='ocrx_word' id='word_1_140' title='bbox 321 1235 484 1274; x_wconf 90' lang='lat' dir='ltr'>nitatem</span> <span class='ocrx_word' id='word_1_141' title='bbox 519 1251 648 1275; x_wconf 90' lang='lat' dir='ltr'>meam</span> <span class='ocrx_word' id='word_1_142' title='bbox 681 1237 903 1290; x_wconf 85' lang='lat' dir='ltr'>praetuliffet</span> <span class='ocrx_word' id='word_1_143' title='bbox 921 1266 932 1283; x_wconf 95' lang='lat'><em>‚</em></span> <span class='ocrx_word' id='word_1_144' title='bbox 964 1251 1027 1276; x_wconf 89' lang='lat' dir='ltr'>me</span> <span class='ocrx_word' id='word_1_145' title='bbox 1060 1236 1283 1275; x_wconf 76' lang='lat' dir='ltr'>arcefl&#39;erent</span> <span class='ocrx_word' id='word_1_146' title='bbox 1316 1237 1356 1275; x_wconf 91' lang='lat' dir='ltr'>in</span> <span class='ocrx_word' id='word_1_147' title='bbox 1392 1237 1564 1276; x_wconf 89' lang='lat' dir='ltr'>senatum</span> <span class='ocrx_word' id='word_1_148' title='bbox 1581 1256 1592 1282; x_wconf 79' lang='lat'>3</span> <span class='ocrx_word' id='word_1_149' title='bbox 1625 1251 1717 1276; x_wconf 86' lang='lat' dir='ltr'>curn</span> 
     </span>
     <span class='ocr_line' id='line_1_18' title="bbox 319 1302 1717 1342; baseline 0.001 -2"><span class='ocrx_word' id='word_1_150' title='bbox 319 1310 426 1340; x_wconf 79' lang='lat' dir='ltr'>tanta</span> <span class='ocrx_word' id='word_1_151' title='bbox 453 1303 669 1341; x_wconf 91' lang='lat' dir='ltr'>multitudo</span> <span class='ocrx_word' id='word_1_152' title='bbox 694 1303 843 1341; x_wconf 89' lang='lat' dir='ltr'>civium</span> <span class='ocrx_word' id='word_1_153' title='bbox 868 1313 948 1341; x_wconf 89' lang='lat' dir='ltr'>tam</span> <span class='ocrx_word' id='word_1_154' title='bbox 973 1303 1120 1341; x_wconf 88' lang='lat' dir='ltr'>recenti</span> <span class='ocrx_word' id='word_1_155' title='bbox 1139 1303 1271 1341; x_wconf 84' lang='lat' dir='ltr'>officio</span> <span class='ocrx_word' id='word_1_156' title='bbox 1292 1302 1358 1341; x_wconf 91' lang='lat' dir='ltr'>suo</span> <span class='ocrx_word' id='word_1_157' title='bbox 1386 1317 1451 1342; x_wconf 88' lang='lat' dir='ltr'>me</span> <span class='ocrx_word' id='word_1_158' title='bbox 1476 1303 1522 1341; x_wconf 91' lang='lat' dir='ltr'>ad</span> <span class='ocrx_word' id='word_1_159' title='bbox 1550 1302 1717 1341; x_wconf 89' lang='lat' dir='ltr'>referen-</span> 
     </span>
     <span class='ocr_line' id='line_1_19' title="bbox 317 1367 1720 1422; baseline 0.002 -17"><span class='ocrx_word' id='word_1_160' title='bbox 317 1367 410 1406; x_wconf 90' lang='lat' dir='ltr'>dam</span> <span class='ocrx_word' id='word_1_161' title='bbox 430 1369 593 1421; x_wconf 89' lang='lat' dir='ltr'>gratiam</span> <span class='ocrx_word' id='word_1_162' title='bbox 614 1369 850 1408; x_wconf 89' lang='lat' dir='ltr'>nominatim</span> <span class='ocrx_word' id='word_1_163' title='bbox 870 1378 1070 1408; x_wconf 88' lang='lat' dir='ltr'>vocarent:</span> <span class='ocrx_word' id='word_1_164' title='bbox 1092 1383 1171 1407; x_wconf 90' lang='lat' dir='ltr'>non</span> <span class='ocrx_word' id='word_1_165' title='bbox 1192 1369 1377 1414; x_wconf 90' lang='lat' dir='ltr'>venirem,</span> <span class='ocrx_word' id='word_1_166' title='bbox 1399 1383 1491 1408; x_wconf 91' lang='lat' dir='ltr'>cum</span> <span class='ocrx_word' id='word_1_167' title='bbox 1512 1369 1720 1422; x_wconf 87' lang='lat' dir='ltr'>praesertim</span> 
     </span>
     <span class='ocr_line' id='line_1_20' title="bbox 323 1434 1716 1488; baseline 0.002 -17"><span class='ocrx_word' id='word_1_168' title='bbox 323 1442 361 1471; x_wconf 85' lang='lat' dir='ltr'>te</span> <span class='ocrx_word' id='word_1_169' title='bbox 384 1434 469 1486; x_wconf 89' lang='lat' dir='ltr'>jam</span> <span class='ocrx_word' id='word_1_170' title='bbox 500 1435 610 1474; x_wconf 91' lang='lat' dir='ltr'>illinc</span> <span class='ocrx_word' id='word_1_171' title='bbox 637 1449 730 1474; x_wconf 91' lang='lat' dir='ltr'>cum</span> <span class='ocrx_word' id='word_1_172' title='bbox 756 1444 822 1474; x_wconf 91' lang='lat' dir='ltr'>tua</span> <span class='ocrx_word' id='word_1_173' title='bbox 847 1434 1105 1488; x_wconf 88' lang='lat' dir='ltr'>fugitivorum</span> <span class='ocrx_word' id='word_1_174' title='bbox 1132 1448 1252 1472; x_wconf 86' lang='lat' dir='ltr'>manu</span> <span class='ocrx_word' id='word_1_175' title='bbox 1277 1434 1473 1473; x_wconf 85' lang='lat' dir='ltr'>disceffiffe</span> <span class='ocrx_word' id='word_1_176' title='bbox 1499 1436 1716 1474; x_wconf 88' lang='lat' dir='ltr'>constaret?</span> 
     </span>
     <span class='ocr_line' id='line_1_21' title="bbox 325 1499 1720 1555; baseline 0.003 -19"><span class='ocrx_word' id='word_1_177' title='bbox 325 1499 406 1537; x_wconf 88' lang='lat' dir='ltr'>Hic</span> <span class='ocrx_word' id='word_1_178' title='bbox 427 1508 470 1537; x_wconf 88' lang='lat' dir='ltr'>tu</span> <span class='ocrx_word' id='word_1_179' title='bbox 491 1514 553 1538; x_wconf 90' lang='lat' dir='ltr'>me</span> <span class='ocrx_word' id='word_1_180' title='bbox 572 1501 689 1539; x_wconf 89' lang='lat' dir='ltr'>etiam</span> <span class='ocrx_word' id='word_1_181' title='bbox 707 1530 718 1545; x_wconf 94' lang='lat'>‚</span> <span class='ocrx_word' id='word_1_182' title='bbox 749 1500 946 1538; x_wconf 88' lang='lat' dir='ltr'>custodem</span> <span class='ocrx_word' id='word_1_183' title='bbox 967 1499 1285 1552; x_wconf 88' lang='lat' dir='ltr'>defensoremque</span> <span class='ocrx_word' id='word_1_184' title='bbox 1306 1500 1491 1553; x_wconf 81' lang='lat' dir='ltr'>Capitolii</span> <span class='ocrx_word' id='word_1_185' title='bbox 1507 1530 1519 1546; x_wconf 92' lang='lat'>,</span> <span class='ocrx_word' id='word_1_186' title='bbox 1551 1502 1720 1555; x_wconf 88' lang='lat' dir='ltr'>templo·</span> 
     </span>
     <span class='ocr_line' id='line_1_22' title="bbox 326 1565 1719 1619; baseline 0.002 -17"><span class='ocrx_word' id='word_1_187' title='bbox 326 1578 492 1617; x_wconf 90' lang='lat' dir='ltr'>rumque</span> <span class='ocrx_word' id='word_1_188' title='bbox 512 1567 708 1611; x_wconf 88' lang='lat' dir='ltr'>omnium,</span> <span class='ocrx_word' id='word_1_189' title='bbox 730 1565 879 1604; x_wconf 90' lang='lat' dir='ltr'>hostem</span> <span class='ocrx_word' id='word_1_190' title='bbox 901 1565 1170 1619; x_wconf 84' lang='lat' dir='ltr'>Capitolinum</span> <span class='ocrx_word' id='word_1_191' title='bbox 1190 1566 1379 1618; x_wconf 85' lang='lat' dir='ltr'>appellare</span> <span class='ocrx_word' id='word_1_192' title='bbox 1397 1567 1504 1605; x_wconf 85' lang='lat' dir='ltr'>ausus</span> <span class='ocrx_word' id='word_1_193' title='bbox 1526 1580 1578 1612; x_wconf 86' lang='lat' dir='ltr'>es,</span> <span class='ocrx_word' id='word_1_194' title='bbox 1600 1568 1719 1619; x_wconf 78' lang='lat' dir='ltr'>quod,</span> 
     </span>
     <span class='ocr_line' id='line_1_23' title="bbox 322 1631 1718 1685; baseline 0.001 -16"><span class='ocrx_word' id='word_1_195' title='bbox 322 1644 415 1670; x_wconf 90' lang='lat' dir='ltr'>cum</span> <span class='ocrx_word' id='word_1_196' title='bbox 436 1632 476 1669; x_wconf 87' lang='lat' dir='ltr'>in</span> <span class='ocrx_word' id='word_1_197' title='bbox 497 1633 693 1685; x_wconf 88' lang='lat' dir='ltr'>Capitolio</span> <span class='ocrx_word' id='word_1_198' title='bbox 713 1632 885 1670; x_wconf 88' lang='lat' dir='ltr'>senatum</span> <span class='ocrx_word' id='word_1_199' title='bbox 906 1633 983 1670; x_wconf 91' lang='lat' dir='ltr'>duo</span> <span class='ocrx_word' id='word_1_200' title='bbox 1003 1632 1176 1670; x_wconf 86' lang='lat' dir='ltr'>consules</span> <span class='ocrx_word' id='word_1_201' title='bbox 1199 1631 1385 1670; x_wconf 88' lang='lat' dir='ltr'>haberent</span> <span class='ocrx_word' id='word_1_202' title='bbox 1402 1662 1412 1677; x_wconf 88' lang='lat'>,</span> <span class='ocrx_word' id='word_1_203' title='bbox 1443 1646 1489 1671; x_wconf 91' lang='lat' dir='ltr'>eo</span> <span class='ocrx_word' id='word_1_204' title='bbox 1515 1634 1685 1671; x_wconf 78' lang='lat' dir='ltr'>venirem</span> <span class='ocrx_word' id='word_1_205' title='bbox 1705 1634 1718 1670; x_wconf 91' lang='lat'>?</span> 
     </span>
     <span class='ocr_line' id='line_1_24' title="bbox 327 1698 1720 1752; baseline 0 -16"><span class='ocrx_word' id='word_1_206' title='bbox 327 1698 525 1736; x_wconf 90' lang='lat' dir='ltr'>Utrumne</span> <span class='ocrx_word' id='word_1_207' title='bbox 545 1699 597 1736; x_wconf 91' lang='lat' dir='ltr'>est</span> <span class='ocrx_word' id='word_1_208' title='bbox 618 1707 772 1751; x_wconf 88' lang='lat' dir='ltr'>tempus</span> <span class='ocrx_word' id='word_1_209' title='bbox 792 1699 964 1750; x_wconf 88' lang='lat' dir='ltr'>aliquod,</span> <span class='ocrx_word' id='word_1_210' title='bbox 997 1712 1075 1751; x_wconf 93' lang='lat' dir='ltr'>quo</span> <span class='ocrx_word' id='word_1_211' title='bbox 1095 1699 1136 1736; x_wconf 90' lang='lat' dir='ltr'>in</span> <span class='ocrx_word' id='word_1_212' title='bbox 1158 1698 1330 1737; x_wconf 88' lang='lat' dir='ltr'>senatum</span> <span class='ocrx_word' id='word_1_213' title='bbox 1352 1698 1489 1737; x_wconf 85' lang='lat' dir='ltr'>veniffe</span> <span class='ocrx_word' id='word_1_214' title='bbox 1511 1707 1622 1752; x_wconf 89' lang='lat' dir='ltr'>turpe</span> <span class='ocrx_word' id='word_1_215' title='bbox 1643 1698 1720 1737; x_wconf 83' lang='lat' dir='ltr'>fit?</span> 
     </span>
     <span class='ocr_line' id='line_1_25' title="bbox 325 1764 1719 1818; baseline 0.001 -16"><span class='ocrx_word' id='word_1_216' title='bbox 325 1777 373 1802; x_wconf 90' lang='lat' dir='ltr'>an</span> <span class='ocrx_word' id='word_1_217' title='bbox 393 1777 450 1802; x_wconf 89' lang='lat' dir='ltr'>res</span> <span class='ocrx_word' id='word_1_218' title='bbox 470 1764 537 1803; x_wconf 90' lang='lat' dir='ltr'>illa</span> <span class='ocrx_word' id='word_1_219' title='bbox 555 1764 641 1803; x_wconf 88' lang='lat' dir='ltr'>talis</span> <span class='ocrx_word' id='word_1_220' title='bbox 661 1773 764 1810; x_wconf 90' lang='lat' dir='ltr'>erat,</span> <span class='ocrx_word' id='word_1_221' title='bbox 795 1765 842 1802; x_wconf 90' lang='lat' dir='ltr'>de</span> <span class='ocrx_word' id='word_1_222' title='bbox 862 1778 938 1817; x_wconf 90' lang='lat' dir='ltr'>qua</span> <span class='ocrx_word' id='word_1_223' title='bbox 957 1764 1140 1818; x_wconf 89' lang='lat' dir='ltr'>agebatur</span> <span class='ocrx_word' id='word_1_224' title='bbox 1153 1793 1164 1810; x_wconf 92' lang='lat'><strong>,</strong></span> <span class='ocrx_word' id='word_1_225' title='bbox 1196 1773 1240 1803; x_wconf 91' lang='lat' dir='ltr'>ut</span> <span class='ocrx_word' id='word_1_226' title='bbox 1259 1778 1341 1803; x_wconf 90' lang='lat' dir='ltr'>rem</span> <span class='ocrx_word' id='word_1_227' title='bbox 1360 1764 1480 1818; x_wconf 87' lang='lat' dir='ltr'>ipsam</span> <span class='ocrx_word' id='word_1_228' title='bbox 1501 1765 1719 1818; x_wconf 88' lang='lat' dir='ltr'>repudiare,</span> 
     </span>
     <span class='ocr_line' id='line_1_26' title="bbox 326 1831 1306 1885; baseline 0.001 -16"><span class='ocrx_word' id='word_1_229' title='bbox 326 1839 364 1869; x_wconf 91' lang='lat' dir='ltr'>et</span> <span class='ocrx_word' id='word_1_230' title='bbox 384 1844 463 1877; x_wconf 91' lang='lat' dir='ltr'>eos,</span> <span class='ocrx_word' id='word_1_231' title='bbox 495 1832 563 1884; x_wconf 90' lang='lat' dir='ltr'>qui</span> <span class='ocrx_word' id='word_1_232' title='bbox 583 1831 760 1885; x_wconf 87' lang='lat' dir='ltr'>agebant,</span> <span class='ocrx_word' id='word_1_233' title='bbox 791 1831 1061 1878; x_wconf 89' lang='lat' dir='ltr'>condemnare,</span> <span class='ocrx_word' id='word_1_234' title='bbox 1093 1831 1272 1870; x_wconf 89' lang='lat' dir='ltr'>deberem</span> <span class='ocrx_word' id='word_1_235' title='bbox 1293 1832 1306 1869; x_wconf 88' lang='lat'>?</span> 
     </span>
    </p>

    <p class='ocr_par' dir='ltr' id='par_1_4' title="bbox 328 1897 1725 2547">
     <span class='ocr_line' id='line_1_27' title="bbox 382 1897 1722 1951; baseline 0.001 -16"><span class='ocrx_word' id='word_1_236' title='bbox 382 1898 455 1935; x_wconf 92' lang='lat' dir='ltr'>IV.</span> <span class='ocrx_word' id='word_1_237' title='bbox 487 1898 668 1936; x_wconf 90' lang='lat' dir='ltr'>Primum</span> <span class='ocrx_word' id='word_1_238' title='bbox 689 1898 776 1936; x_wconf 91' lang='lat' dir='ltr'>dico</span> <span class='ocrx_word' id='word_1_239' title='bbox 796 1898 974 1937; x_wconf 88' lang='lat' dir='ltr'>senatoris</span> <span class='ocrx_word' id='word_1_240' title='bbox 995 1897 1066 1936; x_wconf 81' lang='lat' dir='ltr'>esse</span> <span class='ocrx_word' id='word_1_241' title='bbox 1087 1898 1194 1943; x_wconf 88' lang='lat' dir='ltr'>boni,</span> <span class='ocrx_word' id='word_1_242' title='bbox 1216 1897 1364 1951; x_wconf 90' lang='lat' dir='ltr'>semper</span> <span class='ocrx_word' id='word_1_243' title='bbox 1390 1898 1430 1936; x_wconf 91' lang='lat' dir='ltr'>in</span> <span class='ocrx_word' id='word_1_244' title='bbox 1458 1898 1629 1936; x_wconf 86' lang='lat' dir='ltr'>senatum</span> <span class='ocrx_word' id='word_1_245' title='bbox 1655 1911 1722 1936; x_wconf 90' lang='lat' dir='ltr'>ve-</span> 
     </span>
     <span class='ocr_line' id='line_1_28' title="bbox 328 1963 1722 2019; baseline 0.001 -17"><span class='ocrx_word' id='word_1_246' title='bbox 328 1963 436 2002; x_wconf 87' lang='lat' dir='ltr'>nire:</span> <span class='ocrx_word' id='word_1_247' title='bbox 469 1977 540 2002; x_wconf 90' lang='lat' dir='ltr'>nec</span> <span class='ocrx_word' id='word_1_248' title='bbox 560 1977 652 2003; x_wconf 89' lang='lat' dir='ltr'>cum</span> <span class='ocrx_word' id='word_1_249' title='bbox 670 1964 731 2003; x_wconf 91' lang='lat' dir='ltr'>his</span> <span class='ocrx_word' id='word_1_250' title='bbox 752 1966 886 2011; x_wconf 91' lang='lat' dir='ltr'>sentio,</span> <span class='ocrx_word' id='word_1_251' title='bbox 919 1966 986 2019; x_wconf 89' lang='lat' dir='ltr'>qui</span> <span class='ocrx_word' id='word_1_252' title='bbox 1007 1965 1177 2004; x_wconf 90' lang='lat' dir='ltr'>statuunt</span> <span class='ocrx_word' id='word_1_253' title='bbox 1197 1966 1326 2004; x_wconf 86' lang='lat' dir='ltr'>minus</span> <span class='ocrx_word' id='word_1_254' title='bbox 1349 1966 1460 2004; x_wconf 88' lang='lat' dir='ltr'>bonis</span> <span class='ocrx_word' id='word_1_255' title='bbox 1482 1964 1722 2018; x_wconf 87' lang='lat' dir='ltr'>temporibus</span> 
     </span>
     <span class='ocr_line' id='line_1_29' title="bbox 328 2029 1721 2085; baseline 0.001 -18"><span class='ocrx_word' id='word_1_256' title='bbox 328 2030 371 2068; x_wconf 87' lang='lat' dir='ltr'>in</span> <span class='ocrx_word' id='word_1_257' title='bbox 390 2029 564 2070; x_wconf 88' lang='lat' dir='ltr'>senatum</span> <span class='ocrx_word' id='word_1_258' title='bbox 584 2031 654 2085; x_wconf 92' lang='lat' dir='ltr'>ips1</span> <span class='ocrx_word' id='word_1_259' title='bbox 675 2045 752 2070; x_wconf 91' lang='lat' dir='ltr'>non</span> <span class='ocrx_word' id='word_1_260' title='bbox 773 2033 900 2070; x_wconf 88' lang='lat' dir='ltr'>venire</span> <span class='ocrx_word' id='word_1_261' title='bbox 916 2051 927 2078; x_wconf 67' lang='grc' dir='ltr'><strong><em>ς</em></strong></span> <span class='ocrx_word' id='word_1_262' title='bbox 961 2046 1038 2070; x_wconf 89' lang='lat' dir='ltr'>non</span> <span class='ocrx_word' id='word_1_263' title='bbox 1058 2033 1332 2085; x_wconf 87' lang='lat' dir='ltr'>intelligentes,</span> <span class='ocrx_word' id='word_1_264' title='bbox 1353 2031 1452 2070; x_wconf 87' lang='lat' dir='ltr'>hanc</span> <span class='ocrx_word' id='word_1_265' title='bbox 1473 2031 1579 2070; x_wconf 89' lang='lat' dir='ltr'>suam</span> <span class='ocrx_word' id='word_1_266' title='bbox 1600 2031 1721 2069; x_wconf 88' lang='lat' dir='ltr'>nimi-</span> 
     </span>
     <span class='ocr_line' id='line_1_30' title="bbox 329 2095 1725 2150; baseline 0 -17"><span class='ocrx_word' id='word_1_267' title='bbox 329 2109 393 2134; x_wconf 88' lang='lat' dir='ltr'>am</span> <span class='ocrx_word' id='word_1_268' title='bbox 419 2096 734 2148; x_wconf 85' lang='lat' dir='ltr'>perseverantiam</span> <span class='ocrx_word' id='word_1_269' title='bbox 763 2097 1009 2136; x_wconf 90' lang='lat' dir='ltr'>vehementer</span> <span class='ocrx_word' id='word_1_270' title='bbox 1039 2099 1099 2143; x_wconf 86' lang='lat' dir='ltr'>iis,</span> <span class='ocrx_word' id='word_1_271' title='bbox 1131 2112 1299 2150; x_wconf 88' lang='lat' dir='ltr'>quorum</span> <span class='ocrx_word' id='word_1_272' title='bbox 1327 2098 1503 2136; x_wconf 83' lang='lat' dir='ltr'>animum</span> <span class='ocrx_word' id='word_1_273' title='bbox 1532 2095 1725 2135; x_wconf 81' lang='lat' dir='ltr'>offendere</span> 
     </span>
     <span class='ocr_line' id='line_1_31' title="bbox 330 2162 1721 2216; baseline -0.001 -17"><span class='ocrx_word' id='word_1_274' title='bbox 330 2162 549 2208; x_wconf 85' lang='lat' dir='ltr'>voluerunt,</span> <span class='ocrx_word' id='word_1_275' title='bbox 571 2173 716 2216; x_wconf 89' lang='lat' dir='ltr'>gratam</span> <span class='ocrx_word' id='word_1_276' title='bbox 736 2174 774 2202; x_wconf 91' lang='lat' dir='ltr'>et</span> <span class='ocrx_word' id='word_1_277' title='bbox 788 2165 1004 2216; x_wconf 87' lang='lat' dir='ltr'>jucundam</span> <span class='ocrx_word' id='word_1_278' title='bbox 1024 2164 1146 2203; x_wconf 88' lang='lat' dir='ltr'>fuiffe.</span> <span class='ocrx_word' id='word_1_279' title='bbox 1166 2166 1221 2202; x_wconf 91' lang='lat' dir='ltr'>At</span> <span class='ocrx_word' id='word_1_280' title='bbox 1241 2165 1346 2201; x_wconf 83' lang='lat' dir='ltr'>enim</span> <span class='ocrx_word' id='word_1_281' title='bbox 1367 2163 1547 2201; x_wconf 88' lang='lat' dir='ltr'>nonnulli</span> <span class='ocrx_word' id='word_1_282' title='bbox 1568 2170 1721 2214; x_wconf 87' lang='lat' dir='ltr'>propter</span> 
     </span>
     <span class='ocr_line' id='line_1_32' title="bbox 331 2226 1720 2281; baseline -0.002 -15"><span class='ocrx_word' id='word_1_283' title='bbox 331 2229 512 2266; x_wconf 79' lang='lat' dir='ltr'>timorem</span> <span class='ocrx_word' id='word_1_284' title='bbox 528 2257 538 2274; x_wconf 93' lang='lat'>‚</span> <span class='ocrx_word' id='word_1_285' title='bbox 571 2230 674 2281; x_wconf 88' lang='lat' dir='ltr'>quod</span> <span class='ocrx_word' id='word_1_286' title='bbox 694 2230 730 2268; x_wconf 91' lang='lat' dir='ltr'>se</span> <span class='ocrx_word' id='word_1_287' title='bbox 750 2231 790 2268; x_wconf 92' lang='lat' dir='ltr'>in</span> <span class='ocrx_word' id='word_1_288' title='bbox 812 2231 939 2269; x_wconf 88' lang='lat' dir='ltr'>senatu</span> <span class='ocrx_word' id='word_1_289' title='bbox 961 2240 1046 2269; x_wconf 93' lang='lat' dir='ltr'>tuto</span> <span class='ocrx_word' id='word_1_290' title='bbox 1066 2244 1143 2268; x_wconf 91' lang='lat' dir='ltr'>non</span> <span class='ocrx_word' id='word_1_291' title='bbox 1161 2230 1231 2268; x_wconf 85' lang='lat' dir='ltr'>effe</span> <span class='ocrx_word' id='word_1_292' title='bbox 1251 2229 1551 2272; x_wconf 83' lang='lat' dir='ltr'>arbitrabantur,</span> <span class='ocrx_word' id='word_1_293' title='bbox 1582 2226 1720 2264; x_wconf 84' lang='lat' dir='ltr'>disces-</span> 
     </span>
     <span class='ocr_line' id='line_1_33' title="bbox 333 2292 1719 2350; baseline -0.002 -19"><span class='ocrx_word' id='word_1_294' title='bbox 333 2294 472 2332; x_wconf 86' lang='lat' dir='ltr'>serunt.</span> <span class='ocrx_word' id='word_1_295' title='bbox 504 2294 599 2332; x_wconf 93' lang='lat' dir='ltr'>Non</span> <span class='ocrx_word' id='word_1_296' title='bbox 613 2294 881 2350; x_wconf 37' lang='lat' dir='ltr'>‚reprehend03</span> <span class='ocrx_word' id='word_1_297' title='bbox 913 2310 984 2334; x_wconf 91' lang='lat' dir='ltr'>nec</span> <span class='ocrx_word' id='word_1_298' title='bbox 1005 2310 1146 2349; x_wconf 82' lang='lat' dir='ltr'>quaero,</span> <span class='ocrx_word' id='word_1_299' title='bbox 1168 2295 1334 2333; x_wconf 85' lang='lat' dir='ltr'>fueritne</span> <span class='ocrx_word' id='word_1_300' title='bbox 1354 2294 1497 2345; x_wconf 74' lang='lat' dir='ltr'>aliquid</span> <span class='ocrx_word' id='word_1_301' title='bbox 1519 2292 1719 2344; x_wconf 80' lang='lat' dir='ltr'>pertimes-</span> 
     </span>
     <span class='ocr_line' id='line_1_34' title="bbox 332 2359 1719 2414; baseline -0.003 -16"><span class='ocrx_word' id='word_1_302' title='bbox 332 2361 498 2398; x_wconf 85' lang='lat' dir='ltr'>cendum</span> <span class='ocrx_word' id='word_1_303' title='bbox 518 2375 526 2398; x_wconf 92' lang='lat'>:</span> <span class='ocrx_word' id='word_1_304' title='bbox 559 2370 654 2413; x_wconf 93' lang='lat' dir='ltr'>puto</span> <span class='ocrx_word' id='word_1_305' title='bbox 672 2390 682 2405; x_wconf 95' lang='lat'>,</span> <span class='ocrx_word' id='word_1_306' title='bbox 714 2361 779 2398; x_wconf 91' lang='lat' dir='ltr'>suo</span> <span class='ocrx_word' id='word_1_307' title='bbox 809 2375 1004 2414; x_wconf 89' lang='lat' dir='ltr'>quemque</span> <span class='ocrx_word' id='word_1_308' title='bbox 1036 2363 1219 2400; x_wconf 84' lang='lat' dir='ltr'>arbitratu</span> <span class='ocrx_word' id='word_1_309' title='bbox 1251 2362 1386 2398; x_wconf 78' lang='lat' dir='ltr'>timere</span> <span class='ocrx_word' id='word_1_310' title='bbox 1417 2367 1604 2411; x_wconf 81' lang='lat' dir='ltr'>oportere.</span> <span class='ocrx_word' id='word_1_311' title='bbox 1638 2359 1719 2395; x_wconf 86' lang='lat' dir='ltr'>Cur</span> 
     </span>
     <span class='ocr_line' id='line_1_35' title="bbox 333 2424 1718 2480; baseline -0.003 -16"><span class='ocrx_word' id='word_1_312' title='bbox 333 2441 404 2480; x_wconf 85' lang='lat' dir='ltr'>ego</span> <span class='ocrx_word' id='word_1_313' title='bbox 424 2440 501 2465; x_wconf 90' lang='lat' dir='ltr'>non</span> <span class='ocrx_word' id='word_1_314' title='bbox 522 2427 737 2472; x_wconf 86' lang='lat' dir='ltr'>timuerim,</span> <span class='ocrx_word' id='word_1_315' title='bbox 759 2428 894 2479; x_wconf 85' lang='lat' dir='ltr'>quaeris</span> <span class='ocrx_word' id='word_1_316' title='bbox 914 2429 926 2465; x_wconf 89' lang='lat'>?</span> <span class='ocrx_word' id='word_1_317' title='bbox 949 2429 1039 2480; x_wconf 88' lang='lat' dir='ltr'>quia</span> <span class='ocrx_word' id='word_1_318' title='bbox 1058 2438 1095 2465; x_wconf 92' lang='lat' dir='ltr'>te</span> <span class='ocrx_word' id='word_1_319' title='bbox 1115 2427 1222 2465; x_wconf 87' lang='lat' dir='ltr'>illinc</span> <span class='ocrx_word' id='word_1_320' title='bbox 1246 2425 1371 2463; x_wconf 72' lang='lat' dir='ltr'>abiiss&#39;e</span> <span class='ocrx_word' id='word_1_321' title='bbox 1392 2424 1597 2462; x_wconf 76' lang='lat' dir='ltr'>constabat.</span> <span class='ocrx_word' id='word_1_322' title='bbox 1623 2424 1718 2468; x_wconf 84' lang='lat' dir='ltr'>Cur,</span> 
     </span>
     <span class='ocr_line' id='line_1_36' title="bbox 334 2490 1717 2547; baseline -0.003 -15"><span class='ocrx_word' id='word_1_323' title='bbox 334 2507 425 2532; x_wconf 89' lang='lat' dir='ltr'>cum</span> <span class='ocrx_word' id='word_1_324' title='bbox 445 2493 517 2533; x_wconf 91' lang='lat' dir='ltr'>viri</span> <span class='ocrx_word' id='word_1_325' title='bbox 538 2494 630 2533; x_wconf 90' lang='lat' dir='ltr'>boni</span> <span class='ocrx_word' id='word_1_326' title='bbox 650 2493 829 2533; x_wconf 81' lang='lat' dir='ltr'>nonnulli</span> <span class='ocrx_word' id='word_1_327' title='bbox 848 2494 1033 2547; x_wconf 87' lang='lat' dir='ltr'>putarint,</span> <span class='ocrx_word' id='word_1_328' title='bbox 1052 2502 1136 2532; x_wconf 90' lang='lat' dir='ltr'>tuto</span> <span class='ocrx_word' id='word_1_329' title='bbox 1151 2492 1186 2531; x_wconf 88' lang='lat' dir='ltr'>se</span> <span class='ocrx_word' id='word_1_330' title='bbox 1207 2493 1243 2531; x_wconf 81' lang='lat' dir='ltr'>in</span> <span class='ocrx_word' id='word_1_331' title='bbox 1267 2492 1394 2529; x_wconf 74' lang='lat' dir='ltr'>senatu</span> <span class='ocrx_word' id='word_1_332' title='bbox 1415 2490 1484 2529; x_wconf 79' lang='lat' dir='ltr'>effe</span> <span class='ocrx_word' id='word_1_333' title='bbox 1505 2504 1579 2530; x_wconf 85' lang='lat' dir='ltr'>non</span> <span class='ocrx_word' id='word_1_334' title='bbox 1601 2490 1717 2543; x_wconf 74' lang='lat' dir='ltr'>poffe,</span> 
     </span>
    </p>

    <p class='ocr_par' dir='ltr' id='par_1_5' title="bbox 1277 2558 1415 2605">
     <span class='ocr_line' id='line_1_37' title="bbox 1277 2558 1415 2605; baseline 0 -11"><span class='ocrx_word' id='word_1_335' title='bbox 1277 2558 1308 2594; x_wconf 79' lang='grc' dir='ltr'>Υ</span> <span class='ocrx_word' id='word_1_336' title='bbox 1339 2570 1363 2605; x_wconf 81' lang='lat' dir='ltr'>y</span> <span class='ocrx_word' id='word_1_337' title='bbox 1397 2569 1415 2594; x_wconf 75' lang='lat'>2</span> 
     </span>
    </p>
   </div>
  </div>
 </body>
</html>
