2212 2835
839 133 979 172 PRO
1038 133 1083 172 P.
1143 132 1392 172 SYLLA.
1746 150 1818 190 311

429 234 574 280 studio,
605 234 773 281 virtute,
803 235 1050 281 auctoritate,
1081 235 1302 274 incubuerit
1333 235 1380 274 ad
1411 233 1695 286 rempublicam
1725 252 1823 278 con-

430 301 662 340 servandam.

483 369 616 407 XXX.
649 367 719 406 Sed
739 368 867 420 quid?
898 381 997 420 ego,
1028 367 1098 420 qui
1119 368 1329 406 Catilinam
1352 383 1428 409 non
1455 371 1633 417 laudavi,
1664 373 1731 425 qui
1759 387 1823 411 reo

430 435 607 474 Catilinae
626 433 759 472 consul
780 447 856 472 non
877 433 998 479 adfui,
1016 434 1084 486 qui
1103 433 1369 472 testimonium
1390 436 1435 474 de
1456 438 1720 489 conjuratione
1740 441 1822 479 dixi

427 501 467 538 in
489 499 595 544 alios,
626 499 768 537 adeone
788 499 898 537 vobis
919 499 1063 536 alienus
1085 511 1105 536 a
1124 498 1293 544 sanitate,
1324 500 1417 539 adeo
1438 501 1582 540 oblitus
1604 504 1822 545 constantia:

426 579 546 610 meae,
577 565 669 603 adeo
697 565 908 603 immemor
933 578 1061 602 rerum
1090 578 1111 602 a
1135 578 1199 603 me
1223 565 1440 617 gestarum,
1471 567 1541 605 effe
1567 568 1720 615 videor,
1753 582 1820 616 ut,

426 645 518 670 cum
540 631 672 669 consul
693 630 842 669 bellum
862 631 1038 684 gesserim
1063 645 1156 669 cum
1183 633 1391 684 conjuratis
1407 663 1417 679 ,
1450 648 1555 673 nunc
1584 649 1717 675 eorum
1747 638 1821 676 du-

426 711 513 736 cem
534 697 751 736 conservare
771 698 954 751 cupiam;
987 707 1025 736 et
1052 698 1092 736 in
1120 698 1297 737 animum
1325 700 1506 739 inducam
1526 731 1537 746 ,
1569 704 1678 755 cujus
1700 717 1822 757 nuper

422 762 568 802 ferrum
591 764 813 808 retuderim,
843 763 1120 816 flammamque
1140 764 1393 810 restinxerim,
1415 766 1585 818 ejusdem
1606 783 1709 808 nunc
1729 784 1821 808 cau-

425 829 503 868 sam
531 830 730 881 vitamque
757 828 990 867 defendere?
1023 829 1061 867 Si
1088 830 1237 868 medius
1265 829 1379 869 fidius
1397 860 1408 876 ,
1440 833 1597 883 Judices
1616 863 1627 879 ,
1659 849 1736 873 non
1758 850 1821 874 me

424 895 503 948 ipsa
524 895 760 948 respublica,
791 895 887 934 meis
908 895 1102 934 laboribus
1123 905 1160 934 et
1180 897 1360 950 periculis
1381 898 1599 938 conservata
1614 930 1625 946 ,
1657 901 1703 940 ad
1730 916 1819 955 gra-

424 964 584 1002 vitatem
615 964 736 1002 animi
767 972 805 1002 et
836 964 1086 1003 constantiam
1118 965 1183 1004 sua
1213 965 1399 1018 dignitate
1433 977 1625 1007 revocaret
1641 988 1652 1014 ;
1689 979 1820 1009 tamen

420 1029 500 1069 hoc
521 1039 653 1069 natura
673 1030 725 1068 est
744 1030 916 1075 insitum,
948 1040 1005 1076 ut,
1037 1044 1154 1084 quem
1177 1031 1367 1078 timueris,
1392 1034 1554 1086 quicum
1577 1035 1622 1073 de
1643 1037 1717 1074 vita
1737 1035 1818 1075 for-

423 1097 603 1150 tunisque
634 1096 900 1142 contenderis,
931 1098 1040 1149 cujus
1072 1110 1119 1136 ex
1149 1097 1293 1136 insidiis
1326 1099 1507 1145 evaseris,
1539 1100 1644 1140 hunc
1672 1102 1820 1156 semper

422 1164 560 1202 oderis.
593 1163 678 1209 Sed,
710 1177 802 1202 cum
823 1173 955 1216 agatur
974 1163 1099 1202 honos
1119 1177 1228 1202 meus
1249 1165 1518 1218 ampliffimus,
1549 1168 1670 1220 gloria
1689 1184 1819 1209 rerum

419 1230 610 1283 gestarum
629 1230 826 1283 singularis
844 1249 855 1276 3
887 1244 979 1269 cum
997 1260 1008 1276 ,
1040 1230 1190 1283 quoties
1219 1231 1424 1284 quisquam
1449 1232 1502 1271 est
1528 1234 1566 1272 in
1588 1234 1662 1273 hoc
1683 1236 1819 1275 scelere

420 1297 634 1342 convictus,
657 1297 770 1335 toties
792 1306 994 1335 renovetur
1014 1297 1201 1336 memoria
1220 1311 1287 1350 per
1307 1311 1371 1336 me
1390 1299 1555 1338 inventae
1575 1301 1703 1341 salutis
1720 1318 1728 1341 :
1747 1317 1818 1356 ego

422 1363 492 1402 sim
513 1372 594 1402 tam
614 1364 772 1402 demens
787 1393 799 1409 ,
829 1377 901 1416 ego
921 1364 1169 1403 committam
1189 1394 1200 1409 ,
1233 1373 1276 1402 ut
1295 1378 1337 1402 ea
1353 1394 1365 1410 ,
1397 1379 1482 1418 quae
1502 1380 1572 1419 pro
1591 1368 1708 1406 salute
1727 1383 1816 1407 om-

421 1429 535 1468 nium
554 1429 658 1482 geffi,
690 1429 776 1468 casu
798 1430 920 1482 magis
941 1439 979 1467 et
998 1428 1183 1467 felicitate
1203 1443 1224 1467 a
1245 1443 1322 1475 me,
1354 1444 1471 1483 quam
1499 1433 1641 1472 virtute
1663 1443 1701 1472 et
1721 1449 1816 1474 con-

421 1495 518 1540 filio,
549 1495 650 1547 gesta
669 1495 740 1534 effe
761 1496 960 1534 videantur
979 1495 991 1532 ?

477 1562 586 1613 Qid
606 1575 696 1614 ergo
716 1563 728 1599 ?
761 1561 836 1600 hoc
857 1562 929 1600 tibi
950 1561 1082 1607 sumis,
1114 1561 1215 1599 dicet
1236 1560 1385 1600 fortasse
1406 1564 1610 1618 quispiam,
1643 1577 1699 1613 ut,
1726 1569 1817 1620 quia

419 1634 463 1664 tu
484 1624 711 1672 defenderis,
732 1627 918 1665 innocens
934 1627 1154 1679 judicetur?
1177 1627 1263 1679 Ego
1283 1641 1386 1673 vero,
1408 1630 1576 1680 Judices,
1598 1645 1675 1670 non
1697 1634 1816 1671 modo

420 1692 520 1731 nihil
556 1692 656 1731 mihi
690 1692 848 1738 affirmo,
880 1695 921 1732 in
955 1707 1034 1746 quo
1063 1693 1255 1746 quispiam
1285 1706 1499 1748 repugnet3
1531 1697 1592 1735 sed
1626 1700 1757 1744 etiam,
1790 1700 1815 1739 fi

419 1760 515 1812 quid
545 1760 592 1798 ab
623 1760 807 1798 omnibus
834 1761 1072 1806 conceditur,
1103 1760 1143 1798 id
1170 1761 1286 1800 reddo
1314 1775 1354 1799 ac
1382 1765 1551 1802 remitto.
1584 1765 1678 1803 Non
1706 1766 1745 1803 in
1773 1780 1815 1804 ea

420 1826 619 1880 republica
650 1826 787 1873 versor,
819 1841 896 1866 non
928 1828 973 1866 iis
1006 1828 1248 1880 temporibus
1281 1839 1397 1881 caput
1425 1844 1557 1868 meum
1588 1832 1714 1870 obtuli
1745 1847 1814 1885 pro

421 1893 543 1946 patria
562 1893 742 1945 periculis
763 1894 946 1932 omnibus
964 1923 976 1939 ‚
1008 1908 1084 1932 non
1106 1903 1170 1932 aut
1190 1895 1242 1932 ita
1264 1894 1349 1933 sunt
1367 1897 1526 1935 extincti
1543 1926 1554 1942 ,
1586 1912 1682 1949 quos
1710 1899 1782 1936 vici
1802 1928 1812 1942 ‚

421 1968 486 1996 aut
505 1958 557 1996 ita
576 1959 700 2011 grati,
733 1973 829 2011 quos
859 1960 1025 2005 servavi,
1057 1969 1099 1998 ut
1126 1973 1197 2013 ego
1224 1959 1324 1998 mihi
1353 1961 1438 2014 plus
1466 1973 1643 2016 appetere
1670 1978 1811 2010 coner,

420 2039 538 2078 quam
557 2035 748 2078 quantum
769 2041 903 2065 omnes
924 2028 1075 2066 inimici
1096 2027 1296 2080 invidique
1314 2030 1519 2081 patiantur.

477 2093 603 2129 Grave
636 2091 707 2130 effe
741 2093 950 2138 videretur,
982 2107 1093 2138 eum,
1125 2094 1192 2145 qui
1222 2095 1454 2147 investigarit
1483 2097 1808 2148 conjurationem,

421 2158 487 2210 qui
509 2157 730 2209 patefecerit
745 2187 755 2203 ,
788 2159 855 2210 qui
876 2160 1122 2212 oppresserit,
1154 2161 1218 2197 cui
1240 2160 1385 2198 senatus
1407 2162 1657 2214 fingularibus
1686 2164 1809 2200 verbis

419 2223 555 2275 gratias
577 2224 696 2275 egerit
713 2252 724 2268 ,
755 2226 820 2262 cui
840 2226 907 2262 uni
929 2234 1057 2278 togato
1079 2225 1397 2278 supplicationem
1420 2214 1626 2265 decreverit
1643 2257 1652 2272 ‚
1685 2228 1809 2265 dicere

420 2291 459 2327 in
475 2289 624 2341 judicio
644 2304 650 2327 :
684 2290 778 2328 Non
800 2290 1059 2336 defenderem,
1092 2292 1116 2330 s1
1138 2293 1375 2344 conjurasset.
1407 2294 1499 2331 Non
1521 2295 1607 2330 dico
1630 2293 1680 2336 id,
1704 2296 1807 2345 quod

419 2369 530 2408 grave
551 2355 602 2393 est
622 2370 630 2393 :
663 2356 750 2393 dico
771 2356 882 2401 illud,
914 2358 1018 2409 quod
1044 2359 1082 2395 in
1103 2357 1163 2395 his
1185 2359 1301 2396 causis
1323 2359 1595 2410 conjurationis
1617 2372 1692 2395 non
1715 2374 1805 2397 auc-

420 2423 563 2460 toritati
597 2422 779 2460 assumam
798 2451 809 2468 ,
851 2422 910 2461 sed
944 2425 1083 2476 pudori
1123 2439 1209 2463 meo
1229 2441 1236 2463 :
1280 2426 1365 2477 Ego
1382 2454 1392 2469 ‚
1430 2424 1495 2462 illc
1533 2426 1806 2477 conjurationis
