2212 2835
475 129 550 169 350
919 109 1450 148 ORATIOIL

473 216 680 255 inimicum
715 211 814 251 mihi
846 210 955 249 fuisse
988 224 1065 249 non
1097 209 1213 256 dico5
1246 209 1399 248 tacuisse
1417 239 1428 254 ‚
1459 222 1552 247 cum
1583 210 1770 250 diceretur
1797 211 1867 251 esse

472 283 672 325 inimicus,
701 280 791 317 scio.

528 349 626 386 Duae
648 356 770 399 partes
791 344 861 383 effe
883 345 922 382 in
951 343 1149 397 republica
1175 357 1268 382 cum
1297 352 1549 396 putarentur;
1582 343 1699 381 altera
1718 356 1782 381 me
1801 344 1868 382 de-

472 414 625 468 poscere
646 421 801 465 propter
821 410 1045 448 inimicitias
1058 438 1069 454 ‚
1101 410 1218 448 altera
1239 409 1376 447 timide
1396 408 1599 447 defendere
1618 418 1773 463 propter
1793 409 1870 448 sus-

473 481 671 534 picionem
692 478 805 517 caedis
823 506 834 522 ,
865 477 1085 530 putabatur.
1118 477 1202 528 Qi
1228 485 1358 514 autem
1383 490 1447 514 me
1467 475 1666 529 deposcere
1687 476 1872 515 videban-

474 556 552 592 tur,
583 546 623 584 in
644 544 719 583 hoc
739 552 926 582 auxerunt
947 543 1207 581 dimicationis
1228 552 1394 587 metum,
1427 543 1534 594 quod
1557 555 1760 595 nunquam
1781 542 1871 581 infi-

474 613 606 651 tiando
626 611 881 664 suspicionem
902 609 1112 647 hominum
1129 622 1342 661 curamque
1362 610 1602 647 minuerunt.
1621 609 1765 660 Qare,
1782 622 1876 648 cum

475 679 646 718 viderem
674 675 844 715 senatum
866 676 1029 714 ducibus
1050 676 1229 714 orbatum
1248 705 1259 720 ‚
1290 688 1354 713 me
1380 689 1400 713 a
1427 675 1710 728 magistratibus
1732 675 1875 728 partim

476 754 762 800 oppugnatum,
780 743 923 795 partim
943 741 1159 794 proditum,
1176 742 1320 793 partim
1340 742 1591 786 dere1i<5tum;
1610 742 1731 780 servos
1753 742 1874 780 fimu-

477 812 618 849 latione
649 809 906 861 collegiorum
938 806 1173 846 nominatim
1199 805 1272 844 effe
1299 806 1549 859 conscriptos,
1581 808 1711 859 copias
1740 821 1876 846 omnes

479 876 656 915 Catilinae
676 888 774 928 pene
792 874 927 912 iisdem
949 873 1116 912 ducibus
1136 872 1183 910 ad
1203 872 1308 926 spem
1329 872 1441 911 caedis
1463 881 1501 910 et
1520 872 1791 911 incendiorum
1806 873 1878 911 effe

477 951 666 981 revocatas
683 960 695 987 ;
727 941 876 994 equites
897 942 1097 979 Romanos
1118 939 1423 993 proscriptionis,
1445 939 1661 992 municipia
1679 938 1877 985 vastitatis,

478 1024 614 1048 omnes
645 1010 758 1048 caedis
777 1039 788 1055 ,
820 1017 929 1047 metu
956 1008 1028 1046 effe
1054 1016 1283 1061 permotos:
1312 1007 1450 1060 potui,
1484 1008 1613 1045 Patres
1640 1006 1877 1060 conscripti,

478 1077 615 1115 multis
641 1076 860 1115 auctoribus
888 1074 1102 1113 fortiffimis
1129 1075 1219 1113 viris
1236 1102 1247 1119 ‚
1279 1087 1342 1112 me
1369 1073 1407 1112 vi
1433 1073 1625 1126 armisque
1648 1073 1851 1112 defendere
1866 1092 1878 1119 3

478 1157 550 1182 nec
574 1143 675 1182 mihi
702 1143 780 1196 ipse
806 1143 872 1180 ille
901 1142 1053 1180 animus
1083 1142 1187 1179 idem
1216 1155 1323 1180 meus
1341 1171 1353 1186 ,
1383 1141 1493 1179 vobis
1521 1155 1599 1180 non
1625 1141 1849 1194 incognitus
1866 1169 1878 1186 ,

479 1209 617 1249 defuit.
651 1210 723 1248 Sed
754 1209 931 1247 videbam
950 1237 960 1253 ‚
992 1208 1018 1246 fi
1050 1207 1221 1246 viciffem
1247 1207 1472 1261 praesentem
1499 1207 1783 1252 adversarium,
1814 1207 1880 1245 ni-

480 1277 608 1314 mium
631 1275 774 1314 multos
796 1274 897 1313 mihi
917 1275 1010 1313 alios
1030 1274 1102 1312 effe
1122 1274 1329 1313 vincendos
1346 1293 1357 1319 ;
1391 1274 1417 1312 fi
1438 1274 1560 1312 victus
1580 1274 1709 1319 effem,
1741 1272 1878 1311 multis

480 1343 593 1380 bonis
613 1351 651 1379 et
672 1355 740 1394 pro
761 1354 824 1379 me
841 1369 852 1385 ,
883 1349 920 1378 et
940 1353 1099 1377 mecum
1114 1368 1125 1384 ,
1156 1340 1272 1377 etiam
1295 1339 1377 1391 post
1399 1352 1461 1376 me
1476 1367 1486 1382 ‚
1518 1339 1587 1377 effe
1607 1339 1849 1392 pereundum
1863 1356 1876 1383 ;

479 1408 754 1460 tribunitiique
775 1406 966 1458 sanguinis
988 1406 1131 1443 ultores
1151 1405 1222 1443 effe
1243 1405 1457 1458 praesentes,
1476 1418 1570 1443 meae
1587 1406 1724 1444 mortis
1744 1417 1877 1458 poenas

475 1475 626 1527 judicio
646 1483 684 1512 et
704 1473 914 1526 posteritati
934 1472 1121 1510 reservari.

537 1542 650 1579 XIV.
682 1539 808 1578 Nolui
825 1568 836 1584 ‚
867 1552 959 1577 cum
984 1537 1118 1577 consul
1139 1550 1395 1576 communem
1415 1536 1574 1576 salutem
1595 1538 1673 1576 fine
1691 1537 1792 1576 ferro
1810 1538 1881 1576 de-

480 1606 682 1645 fendiffem
701 1635 711 1650 ,
753 1618 882 1643 meam
917 1604 1086 1657 privatus
1120 1603 1238 1642 armis
1273 1602 1478 1642 defendere
1497 1618 1506 1642 ε
1548 1603 1745 1657 bonosque
1778 1603 1880 1642 viros

481 1672 613 1726 lugere
633 1672 752 1711 malui
774 1684 877 1710 meas
898 1670 1071 1709 fortunas
1089 1699 1101 1715 ‚
1132 1683 1251 1722 quam
1271 1669 1347 1708 suis
1368 1670 1576 1723 desperare.
1607 1672 1668 1708 Ac
1685 1699 1697 1716 ,
1729 1670 1754 1708 fi
1781 1670 1881 1708 solus

481 1739 596 1777 effem
617 1737 854 1783 interfectus,
887 1736 989 1775 mihi
1007 1745 1140 1789 turpe3
1163 1736 1190 1773 fi
1211 1749 1303 1774 cum
1324 1736 1475 1780 multiS‚
1502 1736 1726 1788 reipub11cae
1750 1735 1882 1774 funes-

482 1815 584 1849 tum,
605 1804 687 1842 fore
708 1804 922 1841 videbatur.
955 1802 1075 1853 Qod
1096 1801 1121 1839 fi
1143 1800 1243 1839 mihi
1262 1810 1443 1840 aeternam
1464 1801 1535 1839 effe
1554 1815 1766 1840 aerumnam
1788 1815 1880 1854 pro-

482 1865 644 1923 pofitam
665 1870 876 1914 arbitrarer,
909 1876 1034 1906 morte
1054 1881 1118 1905 me
1137 1867 1216 1920 ipse
1236 1868 1378 1920 potius,
1411 1881 1528 1919 quam
1556 1867 1789 1920 sempiterno
1808 1868 1880 1905 do-

483 1938 562 1975 lore
579 1966 590 1982 ‚
622 1935 841 1974 multaffem
861 1950 869 1973 ε
902 1934 964 1973 sed
979 1965 991 1980 ,
1022 1948 1115 1973 cum
1137 1934 1306 1972 viderem
1325 1963 1335 1980 ,
1367 1948 1430 1972 me
1451 1948 1528 1973 non
1555 1935 1702 1972 diutius
1720 1963 1731 1979 ,
1762 1947 1881 1987 quam

484 2003 606 2056 ipsam
627 2001 924 2055 rempublicam,
941 2015 987 2040 ex
1008 2000 1080 2039 hac
1101 2002 1196 2039 urbe
1215 2000 1464 2046 abfuturum;
1484 2014 1609 2054 neque
1628 2015 1714 2054 ego,
1732 2001 1797 2039 illa
1813 2014 1883 2039 ex·-

485 2070 704 2114 terminata,
722 2068 822 2107 mihi
841 2068 1119 2107 remanendum
1135 2068 1302 2121 amplius
1320 2069 1464 2121 putavi,
1482 2077 1519 2106 et
1536 2068 1615 2112 illa,
1633 2069 1746 2106 fimul
1768 2077 1884 2121 atque

486 2145 660 2175 revocata
678 2135 744 2181 est,
767 2149 829 2173 me
848 2135 978 2173 secum
998 2136 1138 2189 pariter
1158 2136 1377 2188 reportavit.
1402 2135 1566 2173 Mecum
1585 2134 1703 2187 leges,
1722 2147 1880 2173 mecum

487 2202 725 2255 quaestiones‚
757 2215 914 2240 mecum
930 2203 1017 2254 jura
1037 2201 1344 2254 magistratuum,
1367 2214 1524 2239 mecum
1546 2201 1694 2239 senatus
1716 2201 1884 2239 auctori-

490 2280 557 2313 tas,
589 2282 747 2306 mecum
783 2268 949 2313 libertas,
984 2281 1142 2306 mecum
1177 2268 1294 2305 etiam
1328 2265 1489 2320 frugum
1523 2268 1690 2312 ubertas,
1726 2280 1884 2305 mecum

489 2336 665 2373 Deorum
686 2344 725 2373 et
744 2333 955 2373 hominum
976 2333 1188 2372 sanctitates
1207 2346 1343 2372 omnes
1364 2342 1402 2371 et
1422 2334 1640 2386 religiones,
1661 2332 1881 2372 abfuerunt.

491 2401 590 2452 Qae
609 2400 636 2439 fi
656 2400 805 2455 semper
823 2399 988 2440 abeffent
1004 2418 1017 2446 ς
1049 2401 1171 2454 magis
1192 2399 1327 2440 vestras
1347 2398 1520 2438 fortunas
1547 2399 1736 2453 lugerem,
1768 2410 1885 2452 quam
