2212 2835
381 169 430 208 14
858 154 1264 195 ORATIO

429 254 509 292 Hic
530 254 726 296 miramur,
745 250 849 288 hunc
866 249 1069 288 hominem
1090 259 1241 289 tantum
1261 250 1446 289 excellere
1465 250 1624 296 caeteris,
1646 253 1755 303 cujus

373 321 540 373 legiones
572 320 621 358 fic
655 319 694 356 in
716 318 843 355 Asiam
864 326 1130 370 pervenerunt,
1166 327 1209 355 ut
1241 331 1318 356 non
1344 317 1462 356 modo
1494 331 1629 356 manus
1661 318 1758 356 tanti

372 387 575 430 exercitus,
611 385 672 422 sed
701 397 749 422 ne
783 383 985 436 vestigium
1017 384 1189 436 quidem,
1226 384 1409 436 cuiquam
1436 393 1570 437 pacato
1591 383 1757 422 nocuisse

372 451 548 489 dicatur?
582 451 669 502 jam
695 463 794 494 vero,
824 449 1154 501 quemadmodum
1175 450 1317 488 milites
1344 448 1563 495 hibernent,
1585 449 1758 502 quotidie

374 518 562 555 sermones
594 529 635 553 ac
656 515 774 553 literae
794 513 1036 567 perferuntur
1054 529 1062 552 :
1095 529 1172 553 non
1192 515 1324 560 modo,
1355 524 1398 553 ut
1424 515 1625 568 sumptum
1644 513 1758 552 faciat

374 584 413 621 in
436 583 617 627 militem,
639 581 787 619 nemini
807 581 861 618 vis
883 567 1050 625 affertur,
1073 580 1134 618 sed
1149 595 1196 618 ne
1211 581 1384 634 cupienti
1399 581 1558 633 quidem
1574 581 1758 632 cuiquam

374 649 626 702 permittitur.
674 646 831 686 Hiemis
861 647 982 692 enim,
1016 660 1094 685 non
1124 647 1299 692 avaritiae,
1334 646 1555 700 perfugium
1595 647 1757 698 majores

375 715 490 753 nostri
510 716 551 752 in
566 714 756 752 sociorum
777 722 891 766 atque
911 713 1126 752 amicorum
1146 714 1255 751 tediis
1275 713 1346 751 effe
1367 713 1583 752 voluerunt.

402 782 514 819 XIV.
533 783 617 833 Age
637 792 739 824 vero,
761 780 904 817 caeteris
923 780 962 817 in
983 780 1094 818 rebus
1111 780 1216 832 quali
1237 779 1282 817 fit
1302 780 1566 833 temperantia,
1585 779 1758 818 confide-

376 857 466 885 rate.
490 847 603 884 Unde
623 846 730 884 illam
752 854 897 884 tantam
916 845 1150 884 celeritatem
1170 854 1208 883 et
1229 854 1308 883 tam
1322 845 1589 884 incredibilem
1604 845 1759 884 cursum

376 914 579 951 inventum
598 912 769 965 putatis?
791 925 869 950 non
889 912 994 950 enim
1014 912 1130 950 illum
1149 911 1292 950 eximia
1310 912 1366 950 vis
1387 912 1597 964 remigum,
1618 921 1684 949 aut
1701 924 1759 949 ars

375 980 544 1017 inaudita
563 978 737 1030 quaedam
753 978 1006 1030 gubernandi,
1021 987 1087 1014 aut
1107 977 1210 1014 venti
1230 977 1349 1029 aliqui
1369 978 1473 1021 novi,
1491 987 1572 1015 tam
1590 977 1763 1015 celeriter

375 1046 416 1082 in
437 1045 593 1082 ultimas
615 1052 727 1081 terras
748 1043 1002 1095 pertulerunt.
1035 1042 1105 1080 Sed
1126 1041 1185 1079 hae
1205 1055 1275 1086 reS‚
1304 1056 1387 1094 quae
1407 1051 1560 1081 caeteros
1581 1043 1761 1081 remorari

376 1111 509 1155 solent,
531 1124 608 1147 non
629 1108 865 1146 retardarunt
883 1123 892 1145 :
925 1121 1002 1145 non
1023 1108 1175 1145 avaritia
1203 1107 1249 1145 ab
1271 1107 1446 1145 instituto
1466 1108 1576 1146 cursu
1596 1108 1643 1146 ad
1662 1122 1760 1161 prae—

376 1177 465 1214 dam
485 1176 653 1227 aliquam
673 1174 884 1219 devocavit,
899 1188 974 1212 non
996 1173 1118 1211 libido
1134 1173 1179 1211 ad
1197 1173 1448 1226 voluptatem,
1467 1188 1545 1212 non
1562 1176 1761 1213 amoenitas

377 1244 422 1280 ad
443 1242 749 1285 delectationem,
766 1254 843 1278 non
862 1241 1040 1279 nobilitas
1062 1240 1165 1278 urbis
1186 1240 1233 1278 ad
1254 1241 1532 1292 cognitionem,
1554 1255 1631 1279 non
1651 1241 1762 1280 deni-

378 1323 453 1361 que
473 1308 579 1345 labor
600 1307 676 1359 ipse
696 1307 742 1345 ad
762 1307 932 1358 quietem
949 1321 957 1345 :
981 1306 1173 1359 postremo
1193 1306 1295 1359 figna
1315 1315 1352 1344 et
1374 1307 1534 1352 tabulas,
1555 1316 1765 1360 caeteraque

377 1383 599 1414 ornamenta
621 1375 846 1412 Graecorum
866 1373 1113 1426 oppidorum,
1135 1387 1220 1426 quae
1240 1374 1364 1412 caeteri
1384 1374 1552 1412 tollenda
1571 1373 1642 1412 effe
1661 1375 1763 1413 arbi-

379 1450 537 1485 trantur,
559 1453 600 1477 ea
620 1439 688 1477 fibi
708 1439 772 1477 ille
793 1453 839 1477 ne
858 1439 1010 1477 visenda
1027 1439 1188 1491 quidem
1208 1439 1452 1478 existimavit.
1475 1441 1610 1493 Itaque
1630 1454 1764 1479 omnes

379 1507 539 1559 quidem
559 1519 660 1543 nunc
681 1506 720 1542 in
741 1504 801 1542 his
821 1504 916 1542 locis
938 1506 1014 1543 Cn.
1033 1504 1282 1557 Pompeium,
1314 1505 1409 1543 ficut
1428 1506 1599 1558 aliquem
1619 1521 1698 1545 non
1717 1521 1765 1545 ex

380 1573 450 1611 hac
468 1573 560 1611 urbe
581 1571 749 1616 miffum,
774 1570 832 1608 sed
852 1571 898 1608 de
918 1571 1011 1609 caelo
1032 1570 1243 1624 delapsum,
1272 1571 1471 1610 intuentur
1489 1587 1498 1610 :
1528 1586 1632 1610 nunc
1652 1573 1764 1611 deni-

379 1653 454 1692 que
485 1638 678 1690 incipiunt
708 1637 872 1682 credere,
902 1636 1010 1675 fuiffe
1040 1636 1218 1675 homines
1241 1638 1439 1676 Romanos
1470 1637 1541 1676 hac
1568 1640 1765 1690 quondam

380 1705 630 1749 abstinentia5
663 1704 767 1756 quod
795 1705 878 1755 jam
912 1703 1132 1741 nationibus
1164 1704 1301 1740 exteris
1329 1692 1569 1748 incredibile,
1601 1718 1643 1742 ac
1673 1704 1766 1744 falso

382 1772 577 1810 memoriae
597 1771 808 1823 proditum,
824 1769 1035 1808 videbatur.
1056 1768 1178 1807 Nunc
1199 1769 1351 1822 imperii
1368 1770 1482 1808 nostri
1495 1770 1672 1822 splendor
1688 1772 1766 1809 illis

381 1836 560 1890 gentibus
591 1835 718 1873 lucet:
751 1848 853 1872 nunc
887 1835 1125 1888 intelligunt,
1160 1848 1237 1873 non
1258 1835 1335 1873 fine
1365 1834 1471 1873 causa
1493 1837 1652 1888 majores
1684 1836 1766 1875 suos

383 1914 483 1946 tum,
506 1915 597 1939 cum
618 1900 689 1938 hac
709 1901 960 1953 temperantia
980 1901 1220 1953 magistratus
1247 1900 1497 1947 habebamus,
1530 1902 1664 1940 servire
1693 1917 1766 1956 po-

383 1970 476 2022 pulo
498 1969 689 2011 Romano,
709 1981 827 2019 quam
847 1968 1032 2020 imperare
1049 1968 1147 2012 aliis,
1169 1967 1353 2007 maluiffe.

429 2036 517 2085 Jam
539 2047 625 2071 vero
642 2034 693 2070 ita
710 2033 840 2071 faciles
860 2034 983 2071 aditus
1005 2034 1050 2071 ad
1066 2047 1157 2072 eum
1177 2034 1429 2086 privatorum,
1451 2034 1504 2072 ita
1522 2034 1650 2073 liberae
1671 2048 1767 2087 que-

383 2100 556 2138 rimoniae
583 2100 628 2137 de
650 2099 812 2137 aliorum
833 2099 997 2152 injuriis,
1025 2099 1095 2137 effe
1113 2100 1321 2145 dicuntur;
1353 2109 1396 2138 ut
1417 2100 1463 2145 is,
1495 2101 1563 2154 qui
1584 2101 1769 2153 dignitate

385 2165 623 2218 principibus
659 2165 828 2209 excellit,
865 2163 1049 2203 facilitate
1081 2179 1148 2218 par
1181 2164 1326 2203 infimis
1358 2164 1429 2203 effe
1463 2166 1647 2205 videatur.
1679 2167 1767 2217 Jam

384 2242 574 2285 quantum
594 2231 765 2277 consilio,
797 2240 987 2283 quantum
1009 2232 1162 2270 dicendi
1177 2232 1359 2285 gravitate
1378 2240 1416 2269 et
1430 2234 1552 2285 copia,
1574 2233 1707 2277 valeat,
1728 2233 1764 2271 in

383 2312 462 2350 quo
482 2297 562 2350 ipso
592 2297 686 2335 inest
705 2297 879 2349 quaedam
900 2298 1065 2351 dignitas
1086 2298 1341 2351 imperatoria,
1363 2311 1443 2343 vos,
1475 2298 1663 2353 Qirites,
1693 2297 1769 2336 hoc

387 2365 465 2415 ipso
485 2364 523 2401 in
545 2363 631 2401 loco
651 2363 745 2416 saepe
761 2363 965 2416 cognostis.
985 2364 1123 2403 Fidem
1139 2377 1226 2403 vero
1241 2365 1321 2416 ejus
1337 2364 1437 2402 inter
1449 2364 1569 2404 socios
1585 2372 1769 2417 quantam

385 2428 591 2467 existimari
611 2429 768 2482 putatis,
799 2443 918 2483 quam
946 2428 1069 2469 hostes
1097 2429 1276 2470 omnium
1305 2431 1483 2483 gentium
1503 2429 1770 2469 sanffiffimam
