2212 2835
473 177 552 216 334
913 156 1426 196 ORATIOI.

467 260 583 296 etiam
607 255 887 300 testimonium,
918 255 967 292 L.
992 252 1142 298 Gellii;
1175 252 1258 304 qui,
1290 252 1380 304 quia
1400 251 1505 289 suam
1531 250 1681 289 claffem
1702 257 1866 288 attenta-

468 334 548 362 tam
571 336 713 375 magno
733 335 825 360 cum
847 321 912 359 suo
933 319 1106 374 periculo
1125 333 1222 372 pene
1243 318 1366 364 sensit,
1396 319 1494 356 dixit
1515 318 1555 355 in
1577 317 1764 355 concione
1785 315 1868 354 ves-

469 400 538 433 tra,
571 390 613 428 Si
629 404 688 442 ego
707 389 835 441 cmfid,
867 403 945 427 cum
960 387 1042 440 fui,
1072 401 1140 425 mn
1156 385 1315 440 sussbm,
1346 385 1597 438 rempublicam
1614 382 1791 437 funditus
1810 382 1868 420 in-

468 454 794 508 teritummfugffi’.

526 523 647 578 V1H2
685 523 747 560 En
781 534 877 573 ego,
913 528 972 558 tot
1007 518 1261 564 testimoniis,
1303 518 1503 570 Qiritesr,
1540 516 1612 556 hac
1648 515 1871 554 auctoritate

469 590 616 627 senatus
631 618 641 633 ‚
674 597 778 626 tanta
797 587 1038 625 consenslone
1059 586 1179 624 Italiae
1194 615 1204 630 ,
1237 594 1343 623 tanto
1370 584 1494 622 studio
1521 584 1714 622 bonorum
1738 581 1870 620 omni-

471 670 553 700 um,
585 664 721 708 agente
743 655 786 692 P.
812 653 1006 697 Lentulo,
1038 652 1366 690 consentientibus
1399 652 1543 690 caeteris
1571 649 1871 703 magistratibus,

470 723 696 775 deprecante
717 722 792 759 Cn.
817 719 1019 772 Pompeio,
1050 719 1236 756 omnibus
1267 717 1496 756 hominibus
1517 716 1750 760 faventibus,
1783 715 1872 754 Diis

472 789 637 840 denique
658 785 947 825 immortalibus
967 783 1129 837 frugum
1146 784 1333 827 ubertate,
1365 784 1490 835 copia,
1513 783 1673 828 vilitate,
1702 782 1873 820 reditum

473 868 606 892 meum
627 851 990 906 comprobantibus,
1021 849 1136 895 mihi,
1168 849 1279 894 meis,
1310 848 1534 901 reipublicae
1554 848 1764 892 restitutus,
1786 857 1872 886 tan-

473 931 559 960 tum
581 921 704 966 vobis,
736 929 927 973 quantum
954 917 1079 957 facere
1104 917 1270 971 poffum,
1302 916 1490 970 Qirites‚
1520 915 1762 969 pollicebor:
1793 914 1875 967 pri-

473 1003 601 1034 mum,
619 1002 694 1042 qua
714 986 933 1026 sanetiffimi
952 985 1133 1025 homines
1154 986 1294 1038 pietate
1314 998 1401 1037 erga
1417 985 1522 1022 Deos
1543 982 1782 1022 immortales
1804 980 1878 1019 effe

475 1056 608 1100 solent,
626 1055 759 1093 eadem
780 1068 844 1092 me
864 1067 951 1107 erga
966 1053 1159 1107 populum
1176 1053 1403 1090 Romanurn
1420 1052 1569 1103 semper
1588 1049 1684 1095 fore,
1706 1062 1876 1088 numen-

473 1137 551 1176 que
572 1123 738 1161 vestrum
760 1135 866 1173 aeque
888 1120 989 1159 mihi
1009 1133 1122 1173 grave
1142 1130 1179 1157 et
1201 1119 1388 1163 sanctum,
1410 1132 1452 1156 ac
1475 1119 1650 1157 Deorum
1671 1118 1877 1155 immorta-

474 1191 589 1234 lium,
619 1190 658 1227 in
680 1191 790 1227 omni
811 1189 888 1225 vita
905 1186 1108 1225 futurum:
1141 1186 1294 1230 deinde,
1326 1185 1512 1237 quoniam
1534 1197 1598 1222 me
1619 1185 1659 1222 in
1680 1184 1878 1222 civitatem

475 1257 690 1309 respublica
709 1255 786 1308 ipsa
806 1254 972 1298 reduxit,
1005 1253 1116 1291 nullo
1137 1266 1200 1291 me
1222 1252 1309 1290 loco
1330 1252 1551 1303 reipublicae
1570 1249 1812 1288 defuturum.

532 1322 652 1374 Qod
682 1321 709 1359 fi
739 1321 825 1373 quis
849 1319 1066 1364 existimat,
1097 1332 1161 1357 me
1187 1328 1253 1355 aut
1283 1318 1480 1355 voluntate
1510 1315 1580 1354 effe
1611 1324 1783 1359 mutata,
1813 1324 1881 1353 aut

478 1389 676 1427 debilitata
695 1388 862 1431 virtute,
894 1395 960 1423 aut
990 1386 1122 1423 animo
1152 1383 1297 1428 fracto5
1330 1381 1579 1421 vehementer
1609 1391 1721 1421 errat.
1753 1380 1878 1426 Mihi,

478 1455 584 1507 quod
604 1453 733 1508 potuit
753 1454 824 1498 vis,
844 1461 883 1490 et
903 1451 1057 1503 injuria,
1078 1459 1117 1488 et
1137 1450 1408 1488 sceleratorum
1428 1448 1641 1488 hominum
1661 1447 1784 1493 furor,
1812 1447 1880 1486 de·-

480 1521 629 1560 trahere
644 1550 654 1566 ,
685 1520 841 1573 eripuit,
873 1518 1044 1563 abstulit,
1074 1516 1290 1571 disfipavit:
1323 1515 1429 1569 quod
1448 1516 1530 1555 viro
1549 1515 1642 1555 forti
1662 1515 1783 1554 adimi
1803 1527 1884 1553 non

480 1589 624 1642 potest,
656 1588 696 1626 id
716 1596 870 1632 manet,
900 1594 939 1624 et
957 1584 1216 1639 permanebit.
1247 1583 1342 1622 Vidi
1368 1597 1439 1637 ego
1467 1582 1719 1623 fortiffimum
1738 1582 1883 1627 virum,

481 1655 723 1708 municipem
745 1668 878 1693 meum
892 1682 903 1699 ,
937 1654 985 1692 C.
1007 1652 1182 1691 Marium
1198 1681 1209 1697 ,
1240 1651 1427 1704 quoniam
1456 1651 1569 1689 nobis
1583 1680 1594 1696 ,
1625 1650 1730 1703 quasi
1755 1649 1885 1702 aliqua

480 1722 587 1761 fatali
608 1721 837 1766 neceffitate,
869 1734 948 1759 non
966 1719 1094 1758 solum
1110 1732 1202 1757 cum
1223 1717 1300 1763 his,
1328 1718 1396 1770 qui
1416 1716 1498 1756 haec
1519 1717 1644 1756 delere
1663 1716 1881 1761 voluiffent,

481 1789 545 1827 sed
575 1790 693 1827 etiam
718 1802 812 1826 cum
839 1786 1008 1831 fortuna,
1040 1784 1347 1838 belligerandum
1374 1783 1474 1828 fuit;
1506 1796 1598 1821 eum
1629 1791 1759 1820 tamen
1786 1782 1882 1827 vidi,

482 1869 576 1894 cum
597 1854 686 1893 effet
705 1853 856 1891 summa
876 1852 1083 1896 senectute,
1102 1864 1180 1889 non
1196 1849 1315 1889 modo
1333 1863 1411 1888 non
1430 1848 1596 1887 infracto
1615 1849 1747 1887 animo
1764 1862 1884 1902 prop-

484 1931 542 1959 ter
562 1919 873 1973 magnitudinem
893 1917 1121 1957 calamitatis
1135 1946 1147 1963 ,
1178 1916 1241 1955 sed
1266 1915 1498 1955 confirmato
1512 1945 1522 1960 ,
1554 1924 1668 1968 atque
1688 1923 1883 1955 renovato.

484 1987 616 2039 Qem
637 1994 792 2039 egomet
812 1985 937 2023 dicere
957 1984 1100 2029 audivi,
1130 1993 1219 2022 tum
1244 1983 1280 2021 se
1299 1981 1409 2021 fuiffe
1435 1982 1634 2027 miserum,
1666 1995 1758 2020 cum
1777 1995 1886 2020 care-

481 2064 537 2092 ret
557 2054 690 2106 patria,
722 2064 842 2104 quam
872 2051 1070 2089 obfidione
1095 2048 1348 2093 liberaviffet3
1381 2062 1474 2086 cum
1501 2048 1564 2086 sua
1589 2048 1691 2086 bona
1710 2047 1887 2101 poffideri

486 2120 534 2158 ab
555 2119 740 2164 inimicis,
771 2131 814 2156 ac
835 2118 965 2171 diripi,
996 2116 1168 2161 audiret3
1205 2130 1298 2154 cum
1325 2115 1602 2153 adolescentem
1629 2113 1756 2152 filium
1779 2115 1887 2152 vide-

486 2195 544 2225 ret
574 2185 744 2238 ejusdem
784 2184 930 2223 socium
963 2183 1218 2228 calamitati33
1260 2196 1378 2227 cum,
1414 2182 1455 2220 in
1491 2181 1697 2234 paludibus
1729 2181 1887 2220 demer-

486 2254 563 2298 sus,
594 2252 781 2291 concursu
813 2265 855 2290 ac
889 2251 1147 2289 misericordia
1174 2249 1508 2289 Minturnensium
1539 2262 1679 2302 corpus
1706 2262 1748 2287 ac
1769 2249 1891 2287 vitam

488 2322 596 2360 suam
627 2319 895 2364 conservassem
928 2332 1034 2364 cum,
1065 2332 1178 2372 parva
1212 2317 1386 2356 navicula
1416 2318 1593 2369 trajectus
1626 2317 1666 2354 in
1696 2315 1887 2361 Africam,

490 2388 632 2440 quibus
665 2400 779 2439 regna
806 2386 884 2439 ipse
913 2385 1089 2430 dederat,
1121 2385 1167 2422 ad
1201 2398 1263 2422 eos
1296 2385 1406 2438 inops
1437 2384 1677 2437 supplexque
1708 2382 1885 2422 venisset:

491 2463 710 2507 recuperata
730 2467 818 2493 vero
845 2452 909 2491 sua
935 2452 1148 2506 dignitate,
1178 2451 1215 2490 se
1243 2464 1323 2490 non
1344 2450 1666 2496 commissurum,
1696 2459 1765 2496 ut,
1791 2460 1886 2488 cum
