2212 2835
498 168 584 205 DE
645 163 1123 204 HARUSPICUM
1182 162 1578 201 RESPONSIS.
1658 175 1735 213 4¹9

341 266 496 311 fecerit,
530 268 601 304 tibi
623 265 896 304 tantummodo
918 264 961 302 fit
982 262 1303 308 demoliendum5
1338 272 1422 301 tum
1446 262 1609 307 videbo,
1641 275 1737 301 num

342 332 441 370 mihi
463 332 605 370 necefl'e
631 333 675 370 fit
700 332 746 370 de
767 331 848 369 aliis
869 331 985 369 etiam
1007 329 1153 381 aliquid
1175 329 1312 367 dicere.
1346 330 1488 367 Putant
1510 329 1615 367 enim
1637 342 1736 366 non—

343 399 442 437 nulli
462 399 507 437 ad
528 413 589 437 me
618 399 819 451 pertinere,
851 396 1189 435 armamentarium
1220 395 1391 433 Telluris
1412 396 1569 448 aperire.
1601 396 1740 448 Nuper

343 466 383 503 id
403 465 559 518 patuiffe
579 465 714 502 dicunt
731 493 741 507 ,
773 473 810 500 et
835 476 907 514 ego
934 462 1137 500 recordor:
1170 474 1276 498 nunc
1302 460 1569 498 sanetiffimam
1589 471 1738 513 partem

343 544 386 569 af:
413 531 537 568 sedem
565 530 745 568 maximae
772 528 969 580 religionis
996 526 1144 578 privato
1164 526 1300 563 dicunt
1325 526 1513 563 vestibulo
1533 527 1737 564 contineri.

344 598 477 635 Multa
511 610 574 634 me
608 604 791 633 movent:
825 593 931 646 quod
965 593 1060 631 aedes
1095 592 1266 630 Telluris
1297 591 1350 630 est
1379 593 1587 630 curationis
1616 606 1738 637 meae;

343 663 446 715 quod
467 663 512 706 is,
535 662 603 713 qui
622 661 722 698 illud
742 660 1083 698 armamentarium
1103 658 1266 703 sustulit,
1292 671 1420 696 meam
1441 658 1620 703 domum,
1641 672 1741 711 pon-

343 728 497 766 tificum
526 727 678 779 judicio
708 726 924 770 liberatam,
956 725 1168 762 secundum
1198 723 1356 762 fratrem
1388 724 1500 762 suum
1526 724 1743 776 judicatam

344 793 416 832 effe
436 794 615 831 dicebat:
649 801 781 830 movet
806 805 869 829 me
889 792 1006 829 etiam
1033 791 1074 828 in
1102 789 1173 828 hac
1202 790 1357 828 caritate
1383 804 1544 829 annonae
1562 819 1572 835 ,
1603 789 1744 828 sterili-

346 869 422 898 tate
453 871 656 911 agrorum,
688 857 817 910 inopia
848 856 1030 909 frugum,
1062 856 1198 908 religio
1231 856 1418 902 Telluris,
1451 865 1488 894 et
1523 869 1567 894 eo
1603 856 1741 908 magis,

347 925 452 979 quod
486 925 622 963 eodem
651 923 798 962 ostento
828 923 982 961 Telluri
1015 922 1220 975 postulatio
1253 922 1382 961 deberi
1416 922 1572 961 dicitur.
1605 923 1745 960 Vetera

349 991 498 1031 fortasse
519 991 745 1044 loquimur:
778 1003 998 1043 quanquam
1018 988 1109 1034 hoc,
1131 989 1157 1027 fi
1180 990 1310 1028 minus
1331 989 1436 1028 civili
1450 990 1537 1042 jure
1557 989 1746 1043 perscrip-

349 1067 438 1097 tum
455 1058 520 1104 est,
552 1058 636 1111 lege
656 1066 785 1095 tamen
807 1067 971 1100 naturae,
1002 1056 1206 1094 communi
1222 1057 1309 1108 jure
1327 1056 1525 1109 gentium,
1558 1055 1747 1094 sancitum

348 1125 415 1171 est,
447 1133 491 1163 ut
509 1123 609 1163 nihil
631 1123 809 1162 mortales
830 1136 851 1160 a
870 1122 958 1161 Diis
979 1122 1268 1160 immortalibus
1291 1123 1359 1160 usu
1379 1135 1510 1175 capere
1530 1121 1684 1175 poffint.

406 1191 499 1229 XV.
532 1191 796 1228 Veruntamen
827 1189 984 1241 antiqua
1012 1188 1277 1241 negligimus:
1310 1189 1476 1227 etiamne
1505 1201 1547 1226 ea
1573 1188 1747 1240 neglige-

353 1269 457 1301 mus,
479 1270 565 1309 quae
585 1255 685 1293 fiunt
705 1269 797 1293 cum
819 1255 1017 1299 maxime;
1041 1268 1126 1306 quae
1147 1254 1322 1292 videmus
1344 1254 1356 1291 ?
1388 1255 1436 1292 L.
1461 1253 1640 1306 Pisonem
1662 1253 1750 1305 quis

352 1322 473 1362 nescit
490 1353 500 1368 ,
532 1322 593 1361 his
613 1322 701 1375 ipfis
723 1322 964 1375 temporibus
983 1350 994 1366 ,
1027 1321 1247 1359 maximum
1267 1329 1305 1358 et
1324 1320 1597 1359 sanetiffimum
1617 1320 1752 1358 Dianae

354 1389 536 1429 sacellum
559 1390 600 1428 in
623 1388 816 1427 Coeliculo
836 1386 1018 1426 sustulisse
1037 1387 1050 1424 ?
1081 1386 1235 1425 Adsunt
1255 1386 1374 1425 vicini
1394 1387 1474 1438 ejus
1500 1387 1601 1424 loci:
1634 1386 1754 1424 multi

355 1456 443 1495 sunt
462 1457 577 1494 etiarn
599 1456 638 1494 in
660 1454 735 1493 hoc
757 1455 904 1498 ordine,
925 1454 993 1504 qui
1010 1452 1190 1490 sacrificia
1208 1452 1369 1505 gentilia
1387 1452 1456 1491 illo
1474 1453 1554 1505 ipso
1575 1453 1616 1491 in
1636 1452 1754 1490 sacel-

356 1522 396 1560 lo
413 1550 424 1566 ,
455 1522 594 1559 statuto
614 1522 700 1558 loco
717 1549 728 1565 ,
759 1518 1007 1556 anniversaria
1027 1516 1248 1555 faetitarint.
1282 1518 1334 1555 Et
1355 1518 1623 1570 conquirimus
1641 1547 1651 1563 ,
1684 1518 1755 1556 Dii

357 1587 596 1625 immortales
618 1599 701 1638 quae
722 1585 805 1622 loca
826 1584 1047 1627 deriderent,
1067 1583 1162 1634 quid
1183 1582 1411 1635 significent,
1430 1583 1476 1621 de
1492 1597 1570 1636 quo
1589 1583 1755 1636 loquan-

359 1663 422 1692 tur
443 1654 454 1691 ?
485 1655 523 1692 A
545 1655 631 1691 Sex.
655 1654 812 1690 Serrano
833 1649 1056 1688 sanctiffima
1076 1649 1208 1686 sacella
1228 1648 1390 1693 suffossa,
1422 1648 1586 1694 incensa,
1618 1650 1754 1687 inaedi-

359 1719 483 1765 ficata,
515 1717 698 1773 oppreffa,
729 1717 880 1756 summa
913 1716 1080 1768 denique
1114 1715 1354 1768 turpitudine
1381 1715 1453 1754 effe
1482 1715 1637 1761 foedata,
1669 1715 1755 1754 nes-

359 1787 485 1825 cimus
501 1786 514 1823 ?

416 1855 483 1891 Tu
505 1865 631 1891 meam
651 1851 815 1889 domum
836 1849 1051 1902 religiosam
1071 1847 1197 1887 facere
1217 1848 1374 1902 potuisti
1392 1849 1406 1886 ?
1438 1849 1574 1900 Ecqua
1593 1856 1723 1886 mente
1742 1848 1756 1886 ?

363 1933 481 1972 quam
512 1918 699 1957 amiseras.
733 1919 822 1969 Qa
852 1918 1002 1955 manu?
1034 1930 1110 1969 qua
1136 1916 1378 1955 disturbaras.
1411 1916 1499 1968 Qa
1528 1916 1651 1954 voce?
1683 1929 1760 1968 qua

364 1984 518 2023 incendi
532 1984 700 2037 jufferas.
734 1984 824 2035 Qa
842 1983 926 2036 lege
945 1983 958 2019 ?
990 1996 1108 2035 quam
1130 1995 1178 2020 ne
1197 1982 1239 2020 in
1259 1982 1325 2020 illa
1344 1982 1506 2035 quidem
1526 1982 1760 2035 impunitate

365 2062 430 2091 tua
449 2051 656 2104 scripseras.
689 2052 781 2102 Qo
801 2050 992 2102 pulvinari
1011 2049 1024 2086 ?
1055 2049 1159 2102 quod
1179 2049 1378 2102 stupratas.
1411 2050 1504 2101 Qo
1524 2049 1725 2088 simulacro
1745 2048 1758 2085 ἓ

365 2116 471 2170 quod
490 2125 667 2168 ereptum
687 2129 734 2153 ex
754 2116 965 2154 meretricis
986 2115 1160 2168 sepulcro
1180 2115 1220 2152 in
1240 2115 1479 2167 imperatoris
1500 2123 1760 2152 monumento

366 2183 585 2222 collocatas.
616 2181 724 2232 Qid
743 2180 859 2219 habet
879 2194 964 2219 mea
982 2181 1121 2218 domus
1142 2180 1322 2232 religiofi,
1344 2180 1412 2218 nis1
1433 2180 1538 2232 quod
1558 2179 1700 2231 impuri
1722 2188 1761 2217 et

368 2249 536 2301 sacrilegi
558 2248 742 2301 parietem
764 2248 919 2300 tangit?
952 2249 1086 2300 Itaque
1104 2276 1114 2292 ,
1147 2260 1194 2284 ne
1220 2247 1306 2299 quis
1334 2260 1512 2285 meorum
1532 2245 1758 2297 imprudens

369 2314 613 2366 introspicere
633 2313 745 2366 poffit
766 2322 872 2351 tuam
892 2313 1055 2351 domum
1072 2342 1083 2358 ‚
1114 2325 1157 2350 ac
1187 2321 1221 2350 te
1248 2312 1344 2350 sacra
1372 2312 1437 2349 illa
1463 2320 1527 2348 tua
1554 2309 1760 2349 facientem

370 2381 509 2424 videre,
532 2380 665 2418 tollam
685 2380 797 2417 altius
819 2381 988 2424 testum,
1021 2393 1097 2417 non
1120 2389 1162 2416 ut
1183 2392 1255 2431 ego
1276 2387 1311 2415 te
1332 2377 1550 2429 despiciam,
1569 2377 1628 2415 sed
1651 2390 1697 2415 ne
1718 2386 1760 2416 tu

370 2447 524 2499 aspicias
547 2446 682 2485 urbem
702 2459 799 2489 eam,
831 2459 948 2497 quam
969 2445 1094 2483 delere
1114 2444 1280 2483 voluisti.

1261 2510 1458 2561 Gggz
