2212 2835
332 102 382 141 60
824 104 1222 144 ORATIO

333 212 417 241 tum
438 212 659 242 caeterorum
691 215 843 253 quoque
863 203 1093 245 officiorum,
1124 210 1161 239 et
1187 200 1461 245 amicitiarum,
1493 201 1587 240 ratio
1612 214 1707 240 con-

331 267 469 306 servata
488 268 556 305 effe
574 268 755 304 videatur.
793 267 897 304 Nam
920 265 1019 303 mihi
1039 280 1129 304 cum
1149 266 1237 304 viris
1257 264 1437 310 fortibus,
1454 266 1523 318 qui
1540 266 1708 304 censores

330 335 505 385 proxime
525 332 694 376 fuerunt,
716 332 903 369 ambobus
924 332 976 370 est
995 332 1192 378 amicitia3
1228 345 1321 370 cum
1341 331 1459 370 altero
1479 345 1579 376 vero,
1601 331 1710 369 sicuti

330 409 367 436 et
388 399 559 450 plerique
580 398 744 436 vestrum
770 398 908 442 sciunt,
940 411 1100 451 magnus
1128 398 1229 443 usus,
1265 407 1303 436 et
1334 398 1483 436 summa
1514 397 1710 449 utriusque

328 465 466 501 officiis
487 463 691 502 constituta
710 463 940 501 neceffitudo
969 464 1032 502 est.
1067 465 1209 515 Qare,
1231 464 1421 516 quidquid
1450 463 1496 501 de
1517 463 1707 515 subscrip-

329 531 498 568 tionibus
519 543 653 567 eorum
674 528 772 567 mihi
793 530 1000 567 dicendum
1021 530 1106 574 erit,
1122 543 1167 567 eo
1187 530 1314 568 dicam
1331 530 1474 575 animo,
1489 539 1532 567 ut
1550 541 1710 567 ornnem

327 598 540 635 orationem
567 610 693 633 meam
714 609 791 633 non
812 595 858 633 de
878 595 1034 634 illorum
1054 595 1168 641 faet0,
1196 596 1257 634 sed
1288 597 1334 634 de
1364 597 1507 634 ratione
1526 595 1706 640 censoria,

323 661 495 700 habitam
515 661 721 699 existimari
742 660 858 698 velim
877 676 885 698 ε
905 674 925 698 a
938 662 1106 699 Lentulo
1121 670 1263 706 autem,
1281 661 1459 699 familiari
1479 674 1581 706 meo,
1599 662 1667 713 qui
1687 673 1708 698 a

326 742 390 766 me
421 741 489 781 pro
509 727 649 765 eximia
678 726 740 763 sua
765 727 918 771 virtute,
950 726 1183 779 summisque
1213 726 1439 772 honoribus,
1464 741 1560 779 quos
1595 741 1615 764 a
1635 740 1706 779 po-

326 795 419 846 pulo
439 795 618 831 Romano
638 791 794 844 adeptus
816 792 883 837 est,
912 790 1068 829 honoris
1089 792 1197 830 causa
1216 793 1451 838 nominatur,
1484 792 1596 830 facile
1615 791 1705 837 hoc,

325 861 494 911 Judices,
518 857 743 911 impetrabo,
765 866 820 903 ut,
849 872 965 910 quam
987 857 1061 910 ipse
1082 857 1260 897 adhibere
1280 858 1475 897 consuevit
1496 859 1536 896 in
1556 858 1705 896 amico-

325 939 412 963 rum
434 925 613 976 periculis
631 923 746 960 fidem
768 932 805 960 et
826 924 1082 975 diligentiam,
1106 934 1189 961 tum
1212 925 1291 962 vim
1312 924 1445 969 animi,
1467 924 1702 961 libertatem-

324 1004 399 1043 que
430 990 596 1033 dicendi‚
627 990 666 1025 in
700 987 771 1025 hac
803 987 902 1025 mihi
923 989 1119 1032 concedat,
1156 998 1199 1026 ut
1230 997 1382 1026 tantum
1410 987 1510 1026 mihi
1540 988 1703 1034 sumam,

322 1064 511 1109 quantum
532 1055 606 1092 fine
621 1052 736 1105 hujus
752 1053 923 1105 periculo
943 1054 1130 1106 praeterire
1145 1067 1222 1092 non
1243 1054 1407 1106 poffum.
1431 1055 1467 1092 A
1481 1067 1544 1092 me
1560 1063 1703 1099 tamen,

324 1130 366 1159 ut
383 1133 537 1172 aequum
558 1118 623 1163 est,
655 1118 787 1155 omnia
815 1127 924 1155 caute
946 1118 1257 1170 pedetentimque
1284 1118 1475 1163 dicentur,
1506 1128 1549 1156 ut
1580 1132 1706 1171 neque

322 1186 414 1224 fides
445 1184 560 1237 hujus
595 1182 821 1221 defenfionis
852 1183 993 1228 relicta,
1029 1197 1153 1236 neque
1183 1184 1410 1237 cujusquam
1445 1193 1510 1222 aut
1538 1184 1705 1238 dignitas

322 1252 417 1296 laesa,
448 1259 512 1288 aut
536 1249 705 1286 amicitia
723 1248 873 1294 violata,
909 1248 980 1286 effe
1010 1249 1193 1288 videatur.
1226 1250 1349 1288 Video
1379 1250 1509 1303 igitur,
1531 1250 1702 1301 Judices,

323 1314 621 1355 animadvertiffe
656 1314 824 1352 censores
845 1315 884 1352 in
904 1315 1054 1366 judices
1076 1316 1260 1367 quosdam
1294 1316 1396 1354 illius
1417 1316 1565 1354 consilii
1584 1317 1702 1367 Juni-

322 1383 396 1428 ani,
418 1395 510 1420 cum
530 1381 638 1418 istam
659 1379 778 1432 ipsam
799 1379 949 1418 causam
969 1381 1257 1419 subscriberent.
1289 1383 1370 1420 Hic
1402 1383 1574 1435 primum
1605 1382 1703 1420 illud

320 1460 529 1486 commune
548 1458 773 1498 proponam,
791 1459 989 1498 nunquam
1006 1447 1393 1486 animadverfionibus
1410 1448 1586 1486 censoriis
1602 1446 1702 1485 hanc

319 1514 515 1551 civitatem
535 1512 587 1550 ita
607 1519 842 1557 contentam,
865 1521 907 1550 ut
928 1512 1037 1550 rebus
1052 1512 1248 1566 judicatis,
1276 1512 1398 1552 fuiffe.
1431 1513 1572 1565 Neque
1593 1513 1632 1550 in
1663 1526 1702 1551 re

320 1588 409 1617 nota
427 1578 648 1617 consumam
669 1587 820 1630 tempus
841 1577 1028 1631 exemplis
1047 1593 1055 1616 z
1087 1592 1229 1631 ponam
1250 1579 1348 1616 illud
1369 1593 1490 1617 unum
1514 1593 1523 1616 ε
1547 1579 1594 1617 C.
1617 1579 1700 1617 Ge-

319 1655 412 1688 tam,
444 1657 536 1681 cum
557 1657 577 1680 a
597 1643 644 1681 L.
667 1643 832 1681 Metello
863 1652 900 1681 et
921 1644 996 1682 Cn.
1020 1644 1212 1689 Domitio,
1240 1644 1471 1689 censoribus,
1504 1658 1549 1682 ex
1571 1643 1701 1681 senatu

318 1712 457 1762 ejectus
478 1709 577 1754 esset,
595 1709 788 1747 censorem
809 1709 934 1761 ipsum
954 1709 1079 1761 postea
1098 1709 1168 1747 effe
1187 1709 1356 1753 fa&um;
1380 1719 1430 1754 et,
1448 1711 1557 1761 cujus
1575 1722 1700 1747 mores

318 1791 337 1813 a
355 1775 571 1813 censoribus
593 1784 697 1812 erant
719 1773 944 1825 reprehensi,
974 1772 1080 1811 hunc
1100 1774 1225 1826 postea
1244 1784 1282 1812 et
1301 1775 1435 1827 populi
1457 1775 1640 1819 Romani,
1663 1785 1701 1812 et

318 1855 465 1885 eorum,
488 1841 554 1892 qui
575 1840 613 1877 in
635 1840 761 1892 ipsum
781 1840 1135 1885 animadverterant,
1157 1841 1329 1878 moribus
1350 1839 1548 1892 praefuiffe.
1581 1840 1700 1892 Qod

316 1909 343 1947 fi
362 1907 459 1946 illud
473 1906 669 1958 judicium
690 1915 911 1958 putaretur3
945 1916 986 1944 ut
1006 1907 1144 1951 caeteri,
1167 1907 1270 1959 turpi
1285 1907 1434 1958 judicio
1455 1907 1636 1951 damnati,
1658 1908 1699 1945 in

317 1982 544 2027 perpetuum
565 1971 673 2009 omni
703 1970 846 2009 honore
877 1985 919 2009 ac
939 1972 1125 2024 dignitate
1154 1973 1361 2024 privantur,
1395 1973 1443 2010 s1c
1472 1972 1698 2010 hominibus

316 2039 531 2092 ignominia
563 2038 700 2076 notatis
732 2051 856 2089 neque
889 2038 933 2075 ad
964 2037 1150 2076 honorem
1171 2039 1308 2084 aditus,
1342 2053 1466 2091 neque
1492 2040 1529 2076 in
1550 2040 1698 2077 curiam

318 2105 474 2148 reditus,
499 2103 601 2140 effet.
634 2103 768 2147 Nunc,
791 2104 816 2140 fi
838 2116 954 2154 quern
977 2104 1051 2141 Cn.
1076 2104 1246 2148 Lentuli,
1269 2114 1333 2141 aut
1354 2105 1400 2141 L.
1426 2104 1561 2148 Gellii,
1578 2105 1696 2142 liber-

318 2181 378 2207 tus
394 2168 487 2206 furti
508 2168 786 2212 condemnarit,
806 2168 851 2212 is,
872 2168 1053 2206 omnibus
1074 2170 1306 2206 ornamentis
1327 2169 1479 2213 amiffis,
1497 2183 1698 2221 nunquam

318 2236 436 2273 ullam
466 2232 670 2271 honestatis
692 2232 762 2270 suae
794 2242 939 2285 partem
970 2233 1231 2285 recuperabit:
1264 2247 1361 2286 quos
1392 2244 1520 2271 autem
1550 2235 1625 2286 ipse
1646 2235 1694 2272 L⁶

318 2301 484 2344 Gellius,
517 2308 555 2336 et
575 2300 649 2336 Cn.
672 2299 877 2343 Lentulus,
908 2299 985 2338 duo
1006 2299 1187 2345 censores,
1217 2300 1411 2338 clarissimi
1442 2301 1525 2345 viri,
1549 2301 1694 2353 sapien-

318 2365 524 2416 tillimique
564 2363 756 2410 homines,
801 2363 894 2403 furti
929 2373 966 2402 et
1000 2374 1196 2418 captarum
1234 2367 1483 2419 pecuniarum
1523 2367 1694 2411 nomine,
