<?xml version="1.0" encoding="UTF-8"?>
<!DOCTYPE html PUBLIC "-//W3C//DTD XHTML 1.0 Transitional//EN"
    "http://www.w3.org/TR/xhtml1/DTD/xhtml1-transitional.dtd">
<html xmlns="http://www.w3.org/1999/xhtml" xml:lang="en" lang="en">
 <head>
  <title>
</title>
<meta http-equiv="Content-Type" content="text/html;charset=utf-8" />
  <meta name='ocr-system' content='tesseract 3.04.00' />
  <meta name='ocr-capabilities' content='ocr_page ocr_carea ocr_par ocr_line ocrx_word'/>
</head>
<body>
  <div class='ocr_page' id='page_1' title='image "./operacumindicibu05ciceuoft_0333.png"; bbox 0 0 2212 2835; ppageno 0'>
   <div class='ocr_carea' id='block_1_1' title="bbox 616 195 1722 250">
    <p class='ocr_par' dir='ltr' id='par_1_1' title="bbox 616 195 1722 250">
     <span class='ocr_line' id='line_1_1' title="bbox 616 195 1722 250; baseline 0 -15"><span class='ocrx_word' id='word_1_1' title='bbox 616 195 758 235; x_wconf 92' lang='lat' dir='ltr'>PRO</span> <span class='ocrx_word' id='word_1_2' title='bbox 817 195 1114 234; x_wconf 91' lang='lat' dir='ltr'>ARCHIA</span> <span class='ocrx_word' id='word_1_3' title='bbox 1171 195 1430 235; x_wconf 86' lang='lat' dir='ltr'><strong>POETA.</strong></span> <span class='ocrx_word' id='word_1_4' title='bbox 1644 210 1722 250; x_wconf 86' lang='lat'>3¹9</span> 
     </span>
    </p>
   </div>
   <div class='ocr_carea' id='block_1_2' title="bbox 321 292 1728 1802">
    <p class='ocr_par' dir='ltr' id='par_1_2' title="bbox 321 292 1728 941">
     <span class='ocr_line' id='line_1_2' title="bbox 330 292 1726 349; baseline 0.001 -17"><span class='ocrx_word' id='word_1_5' title='bbox 330 293 566 339; x_wconf 87' lang='lat' dir='ltr'>censoribus,</span> <span class='ocrx_word' id='word_1_6' title='bbox 596 292 703 332; x_wconf 91' lang='lat' dir='ltr'>hunc</span> <span class='ocrx_word' id='word_1_7' title='bbox 735 307 827 332; x_wconf 90' lang='lat' dir='ltr'>cum</span> <span class='ocrx_word' id='word_1_8' title='bbox 855 294 1060 332; x_wconf 83' lang='lat' dir='ltr'>clariffimo</span> <span class='ocrx_word' id='word_1_9' title='bbox 1092 294 1321 347; x_wconf 82' lang='lat' dir='ltr'>imperatore</span> <span class='ocrx_word' id='word_1_10' title='bbox 1351 296 1400 333; x_wconf 93' lang='lat' dir='ltr'>L.</span> <span class='ocrx_word' id='word_1_11' title='bbox 1424 295 1594 334; x_wconf 91' lang='lat' dir='ltr'>Lucullo</span> <span class='ocrx_word' id='word_1_12' title='bbox 1624 296 1726 349; x_wconf 90' lang='lat' dir='ltr'>apud</span> 
     </span>
     <span class='ocr_line' id='line_1_3' title="bbox 329 359 1724 413; baseline 0.001 -14"><span class='ocrx_word' id='word_1_13' title='bbox 329 361 545 399; x_wconf 83' lang='lat' dir='ltr'>exercitum</span> <span class='ocrx_word' id='word_1_14' title='bbox 574 359 710 405; x_wconf 86' lang='lat' dir='ltr'>fuiffe;</span> <span class='ocrx_word' id='word_1_15' title='bbox 744 359 1015 413; x_wconf 77' lang='lat' dir='ltr'>superioribus,</span> <span class='ocrx_word' id='word_1_16' title='bbox 1046 373 1137 398; x_wconf 92' lang='lat' dir='ltr'>cum</span> <span class='ocrx_word' id='word_1_17' title='bbox 1169 360 1304 398; x_wconf 89' lang='lat' dir='ltr'>eodem</span> <span class='ocrx_word' id='word_1_18' title='bbox 1336 361 1518 412; x_wconf 85' lang='lat' dir='ltr'>quaestore</span> <span class='ocrx_word' id='word_1_19' title='bbox 1543 360 1653 400; x_wconf 79' lang='lat' dir='ltr'>fuisse</span> <span class='ocrx_word' id='word_1_20' title='bbox 1682 363 1724 400; x_wconf 89' lang='lat' dir='ltr'>in</span> 
     </span>
     <span class='ocr_line' id='line_1_4' title="bbox 330 425 1724 480; baseline 0.001 -14"><span class='ocrx_word' id='word_1_21' title='bbox 330 428 445 473; x_wconf 77' lang='lat' dir='ltr'>Afia;</span> <span class='ocrx_word' id='word_1_22' title='bbox 477 427 613 480; x_wconf 86' lang='lat' dir='ltr'>primis</span> <span class='ocrx_word' id='word_1_23' title='bbox 627 455 639 472; x_wconf 94' lang='lat'>‚</span> <span class='ocrx_word' id='word_1_24' title='bbox 670 426 778 478; x_wconf 88' lang='lat' dir='ltr'>Julio</span> <span class='ocrx_word' id='word_1_25' title='bbox 798 435 836 464; x_wconf 93' lang='lat' dir='ltr'>et</span> <span class='ocrx_word' id='word_1_26' title='bbox 863 425 1017 471; x_wconf 83' lang='lat' dir='ltr'>Craffo,</span> <span class='ocrx_word' id='word_1_27' title='bbox 1049 426 1198 463; x_wconf 89' lang='lat' dir='ltr'>nullam</span> <span class='ocrx_word' id='word_1_28' title='bbox 1218 425 1354 478; x_wconf 88' lang='lat' dir='ltr'>populi</span> <span class='ocrx_word' id='word_1_29' title='bbox 1375 437 1522 479; x_wconf 88' lang='lat' dir='ltr'>partem</span> <span class='ocrx_word' id='word_1_30' title='bbox 1540 428 1610 466; x_wconf 85' lang='lat' dir='ltr'>effe</span> <span class='ocrx_word' id='word_1_31' title='bbox 1631 442 1724 467; x_wconf 87' lang='lat' dir='ltr'>cen·</span> 
     </span>
     <span class='ocr_line' id='line_1_5' title="bbox 330 491 1725 545; baseline 0 -13"><span class='ocrx_word' id='word_1_32' title='bbox 330 494 421 532; x_wconf 91' lang='lat' dir='ltr'>sam.</span> <span class='ocrx_word' id='word_1_33' title='bbox 453 493 551 537; x_wconf 88' lang='lat' dir='ltr'>Sed,</span> <span class='ocrx_word' id='word_1_34' title='bbox 582 493 769 545; x_wconf 89' lang='lat' dir='ltr'>quoniam</span> <span class='ocrx_word' id='word_1_35' title='bbox 789 491 922 529; x_wconf 90' lang='lat' dir='ltr'>census</span> <span class='ocrx_word' id='word_1_36' title='bbox 942 492 1099 543; x_wconf 87' lang='lat' dir='ltr'>nonjus</span> <span class='ocrx_word' id='word_1_37' title='bbox 1121 491 1287 529; x_wconf 86' lang='lat' dir='ltr'>civitatis</span> <span class='ocrx_word' id='word_1_38' title='bbox 1307 492 1537 538; x_wconf 81' lang='lat' dir='ltr'>confirmat,</span> <span class='ocrx_word' id='word_1_39' title='bbox 1569 507 1610 531; x_wconf 92' lang='lat' dir='ltr'>ac</span> <span class='ocrx_word' id='word_1_40' title='bbox 1638 504 1725 532; x_wconf 89' lang='lat' dir='ltr'>tan-</span> 
     </span>
     <span class='ocr_line' id='line_1_6' title="bbox 329 555 1727 612; baseline 0.001 -15"><span class='ocrx_word' id='word_1_41' title='bbox 329 559 537 597; x_wconf 88' lang='lat' dir='ltr'>tummodo</span> <span class='ocrx_word' id='word_1_42' title='bbox 556 556 726 603; x_wconf 85' lang='lat' dir='ltr'>indicat,</span> <span class='ocrx_word' id='word_1_43' title='bbox 757 570 848 595; x_wconf 90' lang='lat' dir='ltr'>eurn</span> <span class='ocrx_word' id='word_1_44' title='bbox 862 585 873 602; x_wconf 92' lang='lat'>,</span> <span class='ocrx_word' id='word_1_45' title='bbox 904 557 973 609; x_wconf 87' lang='lat' dir='ltr'>qui</span> <span class='ocrx_word' id='word_1_46' title='bbox 993 556 1038 594; x_wconf 87' lang='lat' dir='ltr'>fit</span> <span class='ocrx_word' id='word_1_47' title='bbox 1057 555 1190 594; x_wconf 89' lang='lat' dir='ltr'>census</span> <span class='ocrx_word' id='word_1_48' title='bbox 1204 585 1215 602; x_wconf 95' lang='lat'>‚</span> <span class='ocrx_word' id='word_1_49' title='bbox 1247 557 1299 595; x_wconf 90' lang='lat' dir='ltr'>ita</span> <span class='ocrx_word' id='word_1_50' title='bbox 1319 557 1450 610; x_wconf 91' lang='lat' dir='ltr'>sejam</span> <span class='ocrx_word' id='word_1_51' title='bbox 1477 567 1563 596; x_wconf 90' lang='lat' dir='ltr'>turn</span> <span class='ocrx_word' id='word_1_52' title='bbox 1583 560 1727 612; x_wconf 82' lang='lat' dir='ltr'>geffiffe</span> 
     </span>
     <span class='ocr_line' id='line_1_7' title="bbox 328 623 1727 678; baseline 0.001 -16"><span class='ocrx_word' id='word_1_53' title='bbox 328 638 398 677; x_wconf 84' lang='lat' dir='ltr'>pro</span> <span class='ocrx_word' id='word_1_54' title='bbox 415 625 498 662; x_wconf 86' lang='lat' dir='ltr'>cive</span> <span class='ocrx_word' id='word_1_55' title='bbox 514 642 527 668; x_wconf 72' lang='lat'>5</span> <span class='ocrx_word' id='word_1_56' title='bbox 559 623 605 660; x_wconf 91' lang='lat' dir='ltr'>iis</span> <span class='ocrx_word' id='word_1_57' title='bbox 626 623 892 675; x_wconf 86' lang='lat' dir='ltr'>temporibus,</span> <span class='ocrx_word' id='word_1_58' title='bbox 922 637 1007 675; x_wconf 89' lang='lat' dir='ltr'>quae</span> <span class='ocrx_word' id='word_1_59' title='bbox 1029 631 1070 660; x_wconf 93' lang='lat' dir='ltr'>tu</span> <span class='ocrx_word' id='word_1_60' title='bbox 1091 623 1329 668; x_wconf 82' lang='lat' dir='ltr'>criminaris,</span> <span class='ocrx_word' id='word_1_61' title='bbox 1361 637 1409 662; x_wconf 89' lang='lat' dir='ltr'>ne</span> <span class='ocrx_word' id='word_1_62' title='bbox 1428 625 1543 677; x_wconf 77' lang='lat' dir='ltr'>ipsius</span> <span class='ocrx_word' id='word_1_63' title='bbox 1565 626 1727 678; x_wconf 86' lang='lat' dir='ltr'>quidem</span> 
     </span>
     <span class='ocr_line' id='line_1_8' title="bbox 321 689 1727 744; baseline 0.002 -16"><span class='ocrx_word' id='word_1_64' title='bbox 321 690 474 744; x_wconf 87' lang='lat' dir='ltr'>judicio</span> <span class='ocrx_word' id='word_1_65' title='bbox 494 703 586 728; x_wconf 89' lang='lat' dir='ltr'>eum</span> <span class='ocrx_word' id='word_1_66' title='bbox 605 689 645 728; x_wconf 89' lang='lat' dir='ltr'>in</span> <span class='ocrx_word' id='word_1_67' title='bbox 666 690 813 728; x_wconf 91' lang='lat' dir='ltr'>civium</span> <span class='ocrx_word' id='word_1_68' title='bbox 834 689 1105 728; x_wconf 89' lang='lat' dir='ltr'>Romanorum</span> <span class='ocrx_word' id='word_1_69' title='bbox 1119 690 1207 741; x_wconf 87' lang='lat' dir='ltr'>jure</span> <span class='ocrx_word' id='word_1_70' title='bbox 1226 689 1297 728; x_wconf 83' lang='lat' dir='ltr'>effe</span> <span class='ocrx_word' id='word_1_71' title='bbox 1317 691 1526 737; x_wconf 88' lang='lat' dir='ltr'>versatum,</span> <span class='ocrx_word' id='word_1_72' title='bbox 1557 703 1595 730; x_wconf 91' lang='lat' dir='ltr'>et</span> <span class='ocrx_word' id='word_1_73' title='bbox 1616 693 1727 731; x_wconf 89' lang='lat' dir='ltr'>testa—</span> 
     </span>
     <span class='ocr_line' id='line_1_9' title="bbox 327 754 1728 809; baseline 0.001 -14"><span class='ocrx_word' id='word_1_74' title='bbox 327 765 508 795; x_wconf 90' lang='lat' dir='ltr'>mentum</span> <span class='ocrx_word' id='word_1_75' title='bbox 529 755 624 809; x_wconf 89' lang='lat' dir='ltr'>saepe</span> <span class='ocrx_word' id='word_1_76' title='bbox 643 754 738 794; x_wconf 91' lang='lat' dir='ltr'>fecit</span> <span class='ocrx_word' id='word_1_77' title='bbox 764 755 898 794; x_wconf 88' lang='lat' dir='ltr'>nostris</span> <span class='ocrx_word' id='word_1_78' title='bbox 926 755 1077 808; x_wconf 86' lang='lat' dir='ltr'>legibus</span> <span class='ocrx_word' id='word_1_79' title='bbox 1094 783 1106 800; x_wconf 91' lang='lat'>,</span> <span class='ocrx_word' id='word_1_80' title='bbox 1136 764 1174 793; x_wconf 91' lang='lat' dir='ltr'>et</span> <span class='ocrx_word' id='word_1_81' title='bbox 1200 756 1294 794; x_wconf 88' lang='lat' dir='ltr'>adiit</span> <span class='ocrx_word' id='word_1_82' title='bbox 1320 754 1549 795; x_wconf 85' lang='lat' dir='ltr'>hereditates</span> <span class='ocrx_word' id='word_1_83' title='bbox 1579 759 1728 797; x_wconf 85' lang='lat' dir='ltr'>civium</span> 
     </span>
     <span class='ocr_line' id='line_1_10' title="bbox 327 821 1725 867; baseline 0.001 -5"><span class='ocrx_word' id='word_1_84' title='bbox 327 823 600 862; x_wconf 89' lang='lat' dir='ltr'>Romanorum</span> <span class='ocrx_word' id='word_1_85' title='bbox 615 850 627 867; x_wconf 92' lang='lat'>,</span> <span class='ocrx_word' id='word_1_86' title='bbox 658 831 696 860; x_wconf 89' lang='lat' dir='ltr'>et</span> <span class='ocrx_word' id='word_1_87' title='bbox 724 822 765 860; x_wconf 91' lang='lat' dir='ltr'>in</span> <span class='ocrx_word' id='word_1_88' title='bbox 792 821 990 860; x_wconf 85' lang='lat' dir='ltr'>beneficiis</span> <span class='ocrx_word' id='word_1_89' title='bbox 1017 822 1063 860; x_wconf 89' lang='lat' dir='ltr'>ad</span> <span class='ocrx_word' id='word_1_90' title='bbox 1084 822 1259 861; x_wconf 88' lang='lat' dir='ltr'>aerarium</span> <span class='ocrx_word' id='word_1_91' title='bbox 1286 822 1433 862; x_wconf 87' lang='lat' dir='ltr'>delatus</span> <span class='ocrx_word' id='word_1_92' title='bbox 1454 824 1507 862; x_wconf 90' lang='lat' dir='ltr'>est</span> <span class='ocrx_word' id='word_1_93' title='bbox 1527 838 1547 862; x_wconf 92' lang='lat' dir='ltr'>a</span> <span class='ocrx_word' id='word_1_94' title='bbox 1567 825 1616 864; x_wconf 94' lang='lat' dir='ltr'>L.</span> <span class='ocrx_word' id='word_1_95' title='bbox 1640 825 1725 863; x_wconf 89' lang='lat' dir='ltr'>Lu-</span> 
     </span>
     <span class='ocr_line' id='line_1_11' title="bbox 327 887 860 941; baseline -0.004 -14"><span class='ocrx_word' id='word_1_96' title='bbox 327 888 434 927; x_wconf 90' lang='lat' dir='ltr'>cullo</span> <span class='ocrx_word' id='word_1_97' title='bbox 454 897 613 941; x_wconf 89' lang='lat' dir='ltr'>praetore</span> <span class='ocrx_word' id='word_1_98' title='bbox 632 896 671 925; x_wconf 91' lang='lat' dir='ltr'>et</span> <span class='ocrx_word' id='word_1_99' title='bbox 690 887 860 926; x_wconf 89' lang='lat' dir='ltr'>consule.</span> 
     </span>
    </p>

    <p class='ocr_par' dir='ltr' id='par_1_3' title="bbox 327 953 1728 1802">
     <span class='ocr_line' id='line_1_12' title="bbox 384 953 1725 1008; baseline 0.003 -17"><span class='ocrx_word' id='word_1_100' title='bbox 384 953 458 992; x_wconf 91' lang='lat' dir='ltr'>VI.</span> <span class='ocrx_word' id='word_1_101' title='bbox 491 955 631 1006; x_wconf 84' lang='lat' dir='ltr'>Qaere</span> <span class='ocrx_word' id='word_1_102' title='bbox 664 962 902 1006; x_wconf 85' lang='lat' dir='ltr'>argumenta,</span> <span class='ocrx_word' id='word_1_103' title='bbox 938 953 965 992; x_wconf 89' lang='lat' dir='ltr'><strong>fi</strong></span> <span class='ocrx_word' id='word_1_104' title='bbox 999 967 1075 1008; x_wconf 85' lang='lat' dir='ltr'>qua</span> <span class='ocrx_word' id='word_1_105' title='bbox 1107 963 1244 1006; x_wconf 89' lang='lat' dir='ltr'>potes:</span> <span class='ocrx_word' id='word_1_106' title='bbox 1283 968 1483 1008; x_wconf 90' lang='lat' dir='ltr'>nunquam</span> <span class='ocrx_word' id='word_1_107' title='bbox 1517 956 1623 995; x_wconf 90' lang='lat' dir='ltr'>enim</span> <span class='ocrx_word' id='word_1_108' title='bbox 1658 955 1725 995; x_wconf 90' lang='lat' dir='ltr'>hic</span> 
     </span>
     <span class='ocr_line' id='line_1_13' title="bbox 328 1020 1724 1074; baseline 0.002 -15"><span class='ocrx_word' id='word_1_109' title='bbox 328 1034 454 1073; x_wconf 90' lang='lat' dir='ltr'>neque</span> <span class='ocrx_word' id='word_1_110' title='bbox 474 1020 555 1066; x_wconf 92' lang='lat' dir='ltr'>suo,</span> <span class='ocrx_word' id='word_1_111' title='bbox 572 1034 696 1074; x_wconf 89' lang='lat' dir='ltr'>neque</span> <span class='ocrx_word' id='word_1_112' title='bbox 716 1020 946 1066; x_wconf 85' lang='lat' dir='ltr'>amicorum,</span> <span class='ocrx_word' id='word_1_113' title='bbox 960 1021 1113 1074; x_wconf 80' lang='lat' dir='ltr'>jud1cio</span> <span class='ocrx_word' id='word_1_114' title='bbox 1133 1022 1362 1060; x_wconf 86' lang='lat' dir='ltr'>revincetur.</span> <span class='ocrx_word' id='word_1_115' title='bbox 1381 1023 1539 1074; x_wconf 84' lang='lat' dir='ltr'>Qaeres</span> <span class='ocrx_word' id='word_1_116' title='bbox 1556 1038 1576 1062; x_wconf 92' lang='lat' dir='ltr'>a</span> <span class='ocrx_word' id='word_1_117' title='bbox 1596 1024 1724 1068; x_wconf 87' lang='lat' dir='ltr'>nobis,</span> 
     </span>
     <span class='ocr_line' id='line_1_14' title="bbox 330 1085 1727 1143; baseline 0.001 -17"><span class='ocrx_word' id='word_1_118' title='bbox 330 1088 472 1134; x_wconf 89' lang='lat' dir='ltr'>Grati,</span> <span class='ocrx_word' id='word_1_119' title='bbox 502 1101 572 1126; x_wconf 91' lang='lat' dir='ltr'>cur</span> <span class='ocrx_word' id='word_1_120' title='bbox 599 1095 797 1140; x_wconf 88' lang='lat' dir='ltr'>tantopere</span> <span class='ocrx_word' id='word_1_121' title='bbox 820 1085 896 1125; x_wconf 92' lang='lat' dir='ltr'>hoc</span> <span class='ocrx_word' id='word_1_122' title='bbox 922 1085 1082 1125; x_wconf 86' lang='lat' dir='ltr'>homine</span> <span class='ocrx_word' id='word_1_123' title='bbox 1108 1086 1352 1126; x_wconf 66' lang='lat' dir='ltr'>delectemur.</span> <span class='ocrx_word' id='word_1_124' title='bbox 1385 1089 1490 1140; x_wconf 84' lang='lat' dir='ltr'>Qia</span> <span class='ocrx_word' id='word_1_125' title='bbox 1509 1089 1727 1143; x_wconf 87' lang='lat' dir='ltr'>suppeditat</span> 
     </span>
     <span class='ocr_line' id='line_1_15' title="bbox 328 1151 1727 1206; baseline 0.001 -13"><span class='ocrx_word' id='word_1_126' title='bbox 328 1154 442 1193; x_wconf 89' lang='lat' dir='ltr'>nobis</span> <span class='ocrx_word' id='word_1_127' title='bbox 458 1183 470 1199; x_wconf 90' lang='lat'>,</span> <span class='ocrx_word' id='word_1_128' title='bbox 502 1154 570 1192; x_wconf 91' lang='lat' dir='ltr'>ubi</span> <span class='ocrx_word' id='word_1_129' title='bbox 589 1162 627 1191; x_wconf 93' lang='lat' dir='ltr'>et</span> <span class='ocrx_word' id='word_1_130' title='bbox 647 1153 800 1191; x_wconf 87' lang='lat' dir='ltr'>animus</span> <span class='ocrx_word' id='word_1_131' title='bbox 820 1166 867 1191; x_wconf 85' lang='lat' dir='ltr'>ex</span> <span class='ocrx_word' id='word_1_132' title='bbox 887 1152 962 1191; x_wconf 93' lang='lat' dir='ltr'>hoc</span> <span class='ocrx_word' id='word_1_133' title='bbox 982 1151 1120 1192; x_wconf 82' lang='lat' dir='ltr'>forensi</span> <span class='ocrx_word' id='word_1_134' title='bbox 1139 1153 1298 1206; x_wconf 85' lang='lat' dir='ltr'>strepitu</span> <span class='ocrx_word' id='word_1_135' title='bbox 1319 1153 1533 1200; x_wconf 87' lang='lat' dir='ltr'>reficiatur,</span> <span class='ocrx_word' id='word_1_136' title='bbox 1564 1165 1601 1193; x_wconf 92' lang='lat' dir='ltr'>et</span> <span class='ocrx_word' id='word_1_137' title='bbox 1621 1169 1727 1194; x_wconf 85' lang='lat' dir='ltr'>aures</span> 
     </span>
     <span class='ocr_line' id='line_1_16' title="bbox 327 1217 1726 1274; baseline 0.001 -15"><span class='ocrx_word' id='word_1_138' title='bbox 327 1220 506 1259; x_wconf 86' lang='lat' dir='ltr'>convicio</span> <span class='ocrx_word' id='word_1_139' title='bbox 538 1217 684 1257; x_wconf 83' lang='lat' dir='ltr'>defeffae</span> <span class='ocrx_word' id='word_1_140' title='bbox 711 1218 997 1271; x_wconf 87' lang='lat' dir='ltr'>conquiescant.</span> <span class='ocrx_word' id='word_1_141' title='bbox 1029 1220 1094 1257; x_wconf 91' lang='lat' dir='ltr'>An</span> <span class='ocrx_word' id='word_1_142' title='bbox 1123 1228 1166 1257; x_wconf 90' lang='lat' dir='ltr'>tu</span> <span class='ocrx_word' id='word_1_143' title='bbox 1199 1219 1406 1265; x_wconf 82' lang='lat' dir='ltr'>existimas,</span> <span class='ocrx_word' id='word_1_144' title='bbox 1437 1230 1502 1259; x_wconf 88' lang='lat' dir='ltr'>aut</span> <span class='ocrx_word' id='word_1_145' title='bbox 1528 1221 1726 1274; x_wconf 85' lang='lat' dir='ltr'>suppetere</span> 
     </span>
     <span class='ocr_line' id='line_1_17' title="bbox 328 1284 1727 1339; baseline 0.001 -15"><span class='ocrx_word' id='word_1_146' title='bbox 328 1285 442 1325; x_wconf 86' lang='lat' dir='ltr'>nobis</span> <span class='ocrx_word' id='word_1_147' title='bbox 461 1284 578 1339; x_wconf 87' lang='lat' dir='ltr'>poffe,</span> <span class='ocrx_word' id='word_1_148' title='bbox 596 1285 702 1337; x_wconf 91' lang='lat' dir='ltr'>quod</span> <span class='ocrx_word' id='word_1_149' title='bbox 722 1285 896 1337; x_wconf 84' lang='lat' dir='ltr'>quotidie</span> <span class='ocrx_word' id='word_1_150' title='bbox 917 1284 1091 1323; x_wconf 86' lang='lat' dir='ltr'>dicamus</span> <span class='ocrx_word' id='word_1_151' title='bbox 1112 1285 1154 1322; x_wconf 91' lang='lat' dir='ltr'>in</span> <span class='ocrx_word' id='word_1_152' title='bbox 1176 1293 1278 1323; x_wconf 88' lang='lat' dir='ltr'>tanta</span> <span class='ocrx_word' id='word_1_153' title='bbox 1297 1286 1476 1324; x_wconf 90' lang='lat' dir='ltr'>varietate</span> <span class='ocrx_word' id='word_1_154' title='bbox 1496 1300 1638 1332; x_wconf 91' lang='lat' dir='ltr'>rerum,</span> <span class='ocrx_word' id='word_1_155' title='bbox 1657 1287 1727 1326; x_wconf 87' lang='lat' dir='ltr'>nifi</span> 
     </span>
     <span class='ocr_line' id='line_1_18' title="bbox 328 1348 1727 1396; baseline 0 -5"><span class='ocrx_word' id='word_1_156' title='bbox 328 1352 479 1391; x_wconf 88' lang='lat' dir='ltr'>animos</span> <span class='ocrx_word' id='word_1_157' title='bbox 510 1350 656 1389; x_wconf 89' lang='lat' dir='ltr'>nostros</span> <span class='ocrx_word' id='word_1_158' title='bbox 688 1350 862 1389; x_wconf 61' lang='lat' dir='ltr'>dodffina</span> <span class='ocrx_word' id='word_1_159' title='bbox 892 1350 1114 1389; x_wconf 83' lang='lat' dir='ltr'>excolamus</span> <span class='ocrx_word' id='word_1_160' title='bbox 1129 1368 1140 1396; x_wconf 69' lang='grc' dir='ltr'><strong><em>ς</em></strong></span> <span class='ocrx_word' id='word_1_161' title='bbox 1173 1359 1239 1388; x_wconf 89' lang='lat' dir='ltr'>aut</span> <span class='ocrx_word' id='word_1_162' title='bbox 1268 1348 1366 1388; x_wconf 85' lang='lat' dir='ltr'>ferre</span> <span class='ocrx_word' id='word_1_163' title='bbox 1396 1352 1544 1390; x_wconf 83' lang='lat' dir='ltr'>animos</span> <span class='ocrx_word' id='word_1_164' title='bbox 1579 1361 1727 1391; x_wconf 79' lang='lat' dir='ltr'>tantam</span> 
     </span>
     <span class='ocr_line' id='line_1_19' title="bbox 330 1416 1728 1472; baseline 0.001 -15"><span class='ocrx_word' id='word_1_165' title='bbox 330 1418 432 1472; x_wconf 80' lang='lat' dir='ltr'>posse</span> <span class='ocrx_word' id='word_1_166' title='bbox 460 1418 768 1463; x_wconf 88' lang='lat' dir='ltr'>contentionem,</span> <span class='ocrx_word' id='word_1_167' title='bbox 799 1416 868 1455; x_wconf 84' lang='lat' dir='ltr'>nifi</span> <span class='ocrx_word' id='word_1_168' title='bbox 899 1429 962 1455; x_wconf 91' lang='lat' dir='ltr'>eos</span> <span class='ocrx_word' id='word_1_169' title='bbox 994 1417 1167 1455; x_wconf 67' lang='lat' dir='ltr'>dostrina</span> <span class='ocrx_word' id='word_1_170' title='bbox 1196 1416 1329 1455; x_wconf 87' lang='lat' dir='ltr'>eadem</span> <span class='ocrx_word' id='word_1_171' title='bbox 1361 1418 1608 1457; x_wconf 85' lang='lat' dir='ltr'>relaxemus?</span> <span class='ocrx_word' id='word_1_172' title='bbox 1640 1420 1728 1472; x_wconf 87' lang='lat' dir='ltr'>Ego</span> 
     </span>
     <span class='ocr_line' id='line_1_20' title="bbox 329 1481 1727 1538; baseline 0.001 -15"><span class='ocrx_word' id='word_1_173' title='bbox 329 1498 419 1523; x_wconf 89' lang='lat' dir='ltr'>vero</span> <span class='ocrx_word' id='word_1_174' title='bbox 451 1483 585 1529; x_wconf 87' lang='lat' dir='ltr'>fateor,</span> <span class='ocrx_word' id='word_1_175' title='bbox 617 1497 681 1523; x_wconf 87' lang='lat' dir='ltr'>me</span> <span class='ocrx_word' id='word_1_176' title='bbox 714 1483 775 1522; x_wconf 90' lang='lat' dir='ltr'>his</span> <span class='ocrx_word' id='word_1_177' title='bbox 813 1483 947 1521; x_wconf 82' lang='lat' dir='ltr'>studiis</span> <span class='ocrx_word' id='word_1_178' title='bbox 981 1481 1053 1521; x_wconf 85' lang='lat' dir='ltr'>effe</span> <span class='ocrx_word' id='word_1_179' title='bbox 1086 1482 1277 1521; x_wconf 86' lang='lat' dir='ltr'>deditum.</span> <span class='ocrx_word' id='word_1_180' title='bbox 1311 1484 1478 1525; x_wconf 87' lang='lat' dir='ltr'>Caeteros</span> <span class='ocrx_word' id='word_1_181' title='bbox 1512 1486 1668 1538; x_wconf 90' lang='lat' dir='ltr'>pudeat,</span> <span class='ocrx_word' id='word_1_182' title='bbox 1699 1486 1727 1525; x_wconf 88' lang='lat' dir='ltr'><strong>fi</strong></span> 
     </span>
     <span class='ocr_line' id='line_1_21' title="bbox 329 1547 1727 1605; baseline 0.001 -17"><span class='ocrx_word' id='word_1_183' title='bbox 329 1551 399 1603; x_wconf 87' lang='lat' dir='ltr'>qui</span> <span class='ocrx_word' id='word_1_184' title='bbox 430 1550 483 1588; x_wconf 85' lang='lat' dir='ltr'>ita</span> <span class='ocrx_word' id='word_1_185' title='bbox 514 1550 550 1588; x_wconf 88' lang='lat' dir='ltr'>se</span> <span class='ocrx_word' id='word_1_186' title='bbox 579 1550 699 1588; x_wconf 87' lang='lat' dir='ltr'>literis</span> <span class='ocrx_word' id='word_1_187' title='bbox 726 1549 969 1594; x_wconf 88' lang='lat' dir='ltr'>abdiderunt,</span> <span class='ocrx_word' id='word_1_188' title='bbox 1001 1557 1044 1587; x_wconf 89' lang='lat' dir='ltr'>ut</span> <span class='ocrx_word' id='word_1_189' title='bbox 1072 1547 1170 1587; x_wconf 92' lang='lat' dir='ltr'>nihil</span> <span class='ocrx_word' id='word_1_190' title='bbox 1197 1548 1337 1602; x_wconf 85' lang='lat' dir='ltr'>poffint</span> <span class='ocrx_word' id='word_1_191' title='bbox 1362 1563 1408 1588; x_wconf 87' lang='lat' dir='ltr'>ex</span> <span class='ocrx_word' id='word_1_192' title='bbox 1437 1549 1497 1590; x_wconf 86' lang='lat' dir='ltr'>his</span> <span class='ocrx_word' id='word_1_193' title='bbox 1525 1565 1651 1605; x_wconf 88' lang='lat' dir='ltr'>neque</span> <span class='ocrx_word' id='word_1_194' title='bbox 1680 1552 1727 1590; x_wconf 89' lang='lat' dir='ltr'>ad</span> 
     </span>
     <span class='ocr_line' id='line_1_22' title="bbox 329 1614 1727 1670; baseline 0.001 -15"><span class='ocrx_word' id='word_1_195' title='bbox 329 1628 584 1655; x_wconf 89' lang='lat' dir='ltr'>communem</span> <span class='ocrx_word' id='word_1_196' title='bbox 605 1615 736 1654; x_wconf 86' lang='lat' dir='ltr'>afferre</span> <span class='ocrx_word' id='word_1_197' title='bbox 755 1614 927 1654; x_wconf 60' lang='lat' dir='ltr'>fructum</span> <span class='ocrx_word' id='word_1_198' title='bbox 944 1644 955 1660; x_wconf 91' lang='lat'>‚</span> <span class='ocrx_word' id='word_1_199' title='bbox 987 1628 1112 1667; x_wconf 87' lang='lat' dir='ltr'>neque</span> <span class='ocrx_word' id='word_1_200' title='bbox 1132 1615 1172 1653; x_wconf 92' lang='lat' dir='ltr'>in</span> <span class='ocrx_word' id='word_1_201' title='bbox 1194 1614 1387 1667; x_wconf 62' lang='lat' dir='ltr'>aspectum</span> <span class='ocrx_word' id='word_1_202' title='bbox 1408 1616 1616 1670; x_wconf 89' lang='lat' dir='ltr'>lucemque</span> <span class='ocrx_word' id='word_1_203' title='bbox 1634 1632 1727 1670; x_wconf 86' lang='lat' dir='ltr'>pro·</span> 
     </span>
     <span class='ocr_line' id='line_1_23' title="bbox 330 1681 1726 1734; baseline 0.001 -14"><span class='ocrx_word' id='word_1_204' title='bbox 330 1681 450 1720; x_wconf 88' lang='lat' dir='ltr'>ferre:</span> <span class='ocrx_word' id='word_1_205' title='bbox 469 1695 533 1720; x_wconf 91' lang='lat' dir='ltr'>me</span> <span class='ocrx_word' id='word_1_206' title='bbox 553 1691 683 1720; x_wconf 89' lang='lat' dir='ltr'>autem</span> <span class='ocrx_word' id='word_1_207' title='bbox 705 1681 799 1734; x_wconf 88' lang='lat' dir='ltr'>quid</span> <span class='ocrx_word' id='word_1_208' title='bbox 820 1682 975 1734; x_wconf 91' lang='lat' dir='ltr'>pudeat,</span> <span class='ocrx_word' id='word_1_209' title='bbox 994 1682 1063 1733; x_wconf 90' lang='lat' dir='ltr'>qui</span> <span class='ocrx_word' id='word_1_210' title='bbox 1084 1690 1141 1719; x_wconf 90' lang='lat' dir='ltr'>tot</span> <span class='ocrx_word' id='word_1_211' title='bbox 1162 1694 1280 1719; x_wconf 85' lang='lat' dir='ltr'>annos</span> <span class='ocrx_word' id='word_1_212' title='bbox 1301 1682 1353 1720; x_wconf 88' lang='lat' dir='ltr'>ita</span> <span class='ocrx_word' id='word_1_213' title='bbox 1373 1684 1473 1728; x_wconf 91' lang='lat' dir='ltr'>vivo,</span> <span class='ocrx_word' id='word_1_214' title='bbox 1490 1683 1661 1734; x_wconf 82' lang='lat' dir='ltr'>Judices,</span> <span class='ocrx_word' id='word_1_215' title='bbox 1683 1693 1726 1722; x_wconf 92' lang='lat' dir='ltr'>ut</span> 
     </span>
     <span class='ocr_line' id='line_1_24' title="bbox 328 1748 1726 1802; baseline 0.001 -15"><span class='ocrx_word' id='word_1_216' title='bbox 328 1749 376 1788; x_wconf 91' lang='lat' dir='ltr'>ab</span> <span class='ocrx_word' id='word_1_217' title='bbox 411 1748 556 1787; x_wconf 90' lang='lat' dir='ltr'>nullius</span> <span class='ocrx_word' id='word_1_218' title='bbox 593 1762 765 1801; x_wconf 90' lang='lat' dir='ltr'>unquam</span> <span class='ocrx_word' id='word_1_219' title='bbox 799 1761 862 1786; x_wconf 87' lang='lat' dir='ltr'>me</span> <span class='ocrx_word' id='word_1_220' title='bbox 898 1757 1072 1802; x_wconf 85' lang='lat' dir='ltr'>tempore</span> <span class='ocrx_word' id='word_1_221' title='bbox 1108 1757 1173 1786; x_wconf 86' lang='lat' dir='ltr'>aut</span> <span class='ocrx_word' id='word_1_222' title='bbox 1206 1749 1460 1787; x_wconf 90' lang='lat' dir='ltr'>commodum</span> <span class='ocrx_word' id='word_1_223' title='bbox 1495 1760 1559 1788; x_wconf 88' lang='lat' dir='ltr'>aut</span> <span class='ocrx_word' id='word_1_224' title='bbox 1598 1751 1726 1789; x_wconf 89' lang='lat' dir='ltr'>otium</span> 
     </span>
    </p>
   </div>
   <div class='ocr_carea' id='block_1_3' title="bbox 329 1814 1789 1868">
    <p class='ocr_par' dir='ltr' id='par_1_4' title="bbox 329 1814 1789 1868">
     <span class='ocr_line' id='line_1_25' title="bbox 329 1814 1789 1868; baseline 0.001 -14"><span class='ocrx_word' id='word_1_225' title='bbox 329 1829 464 1854; x_wconf 89' lang='lat' dir='ltr'>meum</span> <span class='ocrx_word' id='word_1_226' title='bbox 483 1814 718 1860; x_wconf 85' lang='lat' dir='ltr'>abstraxerit,</span> <span class='ocrx_word' id='word_1_227' title='bbox 735 1823 801 1853; x_wconf 88' lang='lat' dir='ltr'>aut</span> <span class='ocrx_word' id='word_1_228' title='bbox 821 1815 995 1868; x_wconf 87' lang='lat' dir='ltr'>voluptas</span> <span class='ocrx_word' id='word_1_229' title='bbox 1016 1816 1196 1860; x_wconf 85' lang='lat' dir='ltr'>avocarit,</span> <span class='ocrx_word' id='word_1_230' title='bbox 1218 1824 1282 1853; x_wconf 86' lang='lat' dir='ltr'>aut</span> <span class='ocrx_word' id='word_1_231' title='bbox 1302 1815 1469 1868; x_wconf 88' lang='lat' dir='ltr'>denique</span> <span class='ocrx_word' id='word_1_232' title='bbox 1489 1816 1645 1855; x_wconf 84' lang='lat' dir='ltr'>somnus</span> <span class='ocrx_word' id='word_1_233' title='bbox 1666 1831 1726 1855; x_wconf 87' lang='lat' dir='ltr'>re-</span> <span class='ocrx_word' id='word_1_234' title='bbox 1785 1841 1789 1845; x_wconf 93' lang='lat'>-</span> 
     </span>
    </p>
   </div>
   <div class='ocr_carea' id='block_1_4' title="bbox 330 1880 1728 2525">
    <p class='ocr_par' dir='ltr' id='par_1_5' title="bbox 330 1880 1728 2525">
     <span class='ocr_line' id='line_1_26' title="bbox 330 1880 1728 1935; baseline 0.001 -16"><span class='ocrx_word' id='word_1_235' title='bbox 330 1881 513 1920; x_wconf 86' lang='lat' dir='ltr'>tardarit?</span> <span class='ocrx_word' id='word_1_236' title='bbox 532 1882 661 1932; x_wconf 86' lang='lat' dir='ltr'>Qare</span> <span class='ocrx_word' id='word_1_237' title='bbox 681 1882 767 1933; x_wconf 87' lang='lat' dir='ltr'>quis</span> <span class='ocrx_word' id='word_1_238' title='bbox 789 1881 944 1919; x_wconf 80' lang='lat' dir='ltr'>tandem</span> <span class='ocrx_word' id='word_1_239' title='bbox 966 1894 1029 1919; x_wconf 91' lang='lat' dir='ltr'>me</span> <span class='ocrx_word' id='word_1_240' title='bbox 1049 1880 1313 1933; x_wconf 85' lang='lat' dir='ltr'>reprehendat,</span> <span class='ocrx_word' id='word_1_241' title='bbox 1334 1892 1399 1919; x_wconf 89' lang='lat' dir='ltr'>aut</span> <span class='ocrx_word' id='word_1_242' title='bbox 1419 1883 1505 1934; x_wconf 88' lang='lat' dir='ltr'>quis</span> <span class='ocrx_word' id='word_1_243' title='bbox 1526 1882 1624 1920; x_wconf 84' lang='lat' dir='ltr'>mihi</span> <span class='ocrx_word' id='word_1_244' title='bbox 1641 1885 1728 1935; x_wconf 83' lang='lat' dir='ltr'>jure</span> 
     </span>
     <span class='ocr_line' id='line_1_27' title="bbox 332 1947 1726 2001; baseline 0.001 -15"><span class='ocrx_word' id='word_1_245' title='bbox 332 1947 559 1992; x_wconf 88' lang='lat' dir='ltr'>succenseat,</span> <span class='ocrx_word' id='word_1_246' title='bbox 590 1947 630 1992; x_wconf 87' lang='lat' dir='ltr'>fi,</span> <span class='ocrx_word' id='word_1_247' title='bbox 662 1957 853 1999; x_wconf 87' lang='lat' dir='ltr'>quantum</span> <span class='ocrx_word' id='word_1_248' title='bbox 875 1949 1019 1986; x_wconf 85' lang='lat' dir='ltr'>caeteris</span> <span class='ocrx_word' id='word_1_249' title='bbox 1040 1948 1085 1985; x_wconf 87' lang='lat' dir='ltr'>ad</span> <span class='ocrx_word' id='word_1_250' title='bbox 1107 1947 1186 1985; x_wconf 88' lang='lat' dir='ltr'>suas</span> <span class='ocrx_word' id='word_1_251' title='bbox 1211 1960 1268 1985; x_wconf 90' lang='lat' dir='ltr'>res</span> <span class='ocrx_word' id='word_1_252' title='bbox 1295 1948 1504 1994; x_wconf 85' lang='lat' dir='ltr'>obeundas,</span> <span class='ocrx_word' id='word_1_253' title='bbox 1536 1960 1726 2001; x_wconf 82' lang='lat' dir='ltr'>quantum</span> 
     </span>
     <span class='ocr_line' id='line_1_28' title="bbox 331 2012 1727 2067; baseline 0.001 -16"><span class='ocrx_word' id='word_1_254' title='bbox 331 2012 379 2051; x_wconf 83' lang='lat' dir='ltr'>ad</span> <span class='ocrx_word' id='word_1_255' title='bbox 398 2012 511 2050; x_wconf 85' lang='lat' dir='ltr'>festos</span> <span class='ocrx_word' id='word_1_256' title='bbox 531 2013 610 2050; x_wconf 85' lang='lat' dir='ltr'>dies</span> <span class='ocrx_word' id='word_1_257' title='bbox 640 2013 824 2050; x_wconf 90' lang='lat' dir='ltr'>ludorum</span> <span class='ocrx_word' id='word_1_258' title='bbox 850 2012 1111 2058; x_wconf 83' lang='lat' dir='ltr'>celebrandos,</span> <span class='ocrx_word' id='word_1_259' title='bbox 1143 2022 1335 2065; x_wconf 88' lang='lat' dir='ltr'>quantum</span> <span class='ocrx_word' id='word_1_260' title='bbox 1361 2014 1406 2051; x_wconf 89' lang='lat' dir='ltr'>ad</span> <span class='ocrx_word' id='word_1_261' title='bbox 1433 2015 1520 2052; x_wconf 83' lang='lat' dir='ltr'>alias</span> <span class='ocrx_word' id='word_1_262' title='bbox 1548 2015 1727 2067; x_wconf 85' lang='lat' dir='ltr'>volupta-</span> 
     </span>
     <span class='ocr_line' id='line_1_29' title="bbox 333 2079 1725 2132; baseline 0.001 -17"><span class='ocrx_word' id='word_1_263' title='bbox 333 2087 387 2116; x_wconf 87' lang='lat' dir='ltr'>tes</span> <span class='ocrx_word' id='word_1_264' title='bbox 402 2107 413 2123; x_wconf 94' lang='lat'>‚</span> <span class='ocrx_word' id='word_1_265' title='bbox 445 2088 482 2115; x_wconf 87' lang='lat' dir='ltr'>et</span> <span class='ocrx_word' id='word_1_266' title='bbox 502 2079 547 2116; x_wconf 89' lang='lat' dir='ltr'>ad</span> <span class='ocrx_word' id='word_1_267' title='bbox 567 2079 688 2131; x_wconf 84' lang='lat' dir='ltr'>ipsam</span> <span class='ocrx_word' id='word_1_268' title='bbox 710 2079 882 2130; x_wconf 87' lang='lat' dir='ltr'>requiem</span> <span class='ocrx_word' id='word_1_269' title='bbox 905 2080 1025 2118; x_wconf 85' lang='lat' dir='ltr'>animi</span> <span class='ocrx_word' id='word_1_270' title='bbox 1044 2089 1080 2117; x_wconf 86' lang='lat' dir='ltr'>et</span> <span class='ocrx_word' id='word_1_271' title='bbox 1101 2080 1269 2131; x_wconf 86' lang='lat' dir='ltr'>corporis</span> <span class='ocrx_word' id='word_1_272' title='bbox 1284 2108 1295 2124; x_wconf 91' lang='lat'>,</span> <span class='ocrx_word' id='word_1_273' title='bbox 1326 2081 1551 2118; x_wconf 86' lang='lat' dir='ltr'>conceditur</span> <span class='ocrx_word' id='word_1_274' title='bbox 1574 2091 1725 2132; x_wconf 85' lang='lat' dir='ltr'>tempo-</span> 
     </span>
     <span class='ocr_line' id='line_1_30' title="bbox 332 2145 1724 2198; baseline 0.001 -17"><span class='ocrx_word' id='word_1_275' title='bbox 332 2145 407 2189; x_wconf 83' lang='lat' dir='ltr'>ris;</span> <span class='ocrx_word' id='word_1_276' title='bbox 431 2153 621 2196; x_wconf 81' lang='lat' dir='ltr'>quantum</span> <span class='ocrx_word' id='word_1_277' title='bbox 642 2145 706 2182; x_wconf 85' lang='lat' dir='ltr'>alii</span> <span class='ocrx_word' id='word_1_278' title='bbox 728 2145 904 2183; x_wconf 88' lang='lat' dir='ltr'>tribuunt</span> <span class='ocrx_word' id='word_1_279' title='bbox 926 2145 1158 2197; x_wconf 86' lang='lat' dir='ltr'>tempestivis</span> <span class='ocrx_word' id='word_1_280' title='bbox 1178 2146 1379 2190; x_wconf 86' lang='lat' dir='ltr'>conviviis,</span> <span class='ocrx_word' id='word_1_281' title='bbox 1402 2156 1590 2198; x_wconf 89' lang='lat' dir='ltr'>quantum</span> <span class='ocrx_word' id='word_1_282' title='bbox 1613 2147 1724 2183; x_wconf 84' lang='lat' dir='ltr'>deni-</span> 
     </span>
     <span class='ocr_line' id='line_1_31' title="bbox 333 2211 1726 2264; baseline 0.001 -17"><span class='ocrx_word' id='word_1_283' title='bbox 333 2224 409 2263; x_wconf 88' lang='lat' dir='ltr'>que</span> <span class='ocrx_word' id='word_1_284' title='bbox 429 2211 544 2254; x_wconf 70' lang='lat' dir='ltr'>aleae,</span> <span class='ocrx_word' id='word_1_285' title='bbox 577 2220 767 2262; x_wconf 85' lang='lat' dir='ltr'>quantum</span> <span class='ocrx_word' id='word_1_286' title='bbox 794 2211 906 2263; x_wconf 80' lang='lat' dir='ltr'>pilae:</span> <span class='ocrx_word' id='word_1_287' title='bbox 940 2221 1092 2249; x_wconf 77' lang='lat' dir='ltr'>tantum</span> <span class='ocrx_word' id='word_1_288' title='bbox 1122 2211 1220 2250; x_wconf 83' lang='lat' dir='ltr'>mihi</span> <span class='ocrx_word' id='word_1_289' title='bbox 1248 2222 1402 2264; x_wconf 83' lang='lat' dir='ltr'>egomet</span> <span class='ocrx_word' id='word_1_290' title='bbox 1429 2213 1472 2249; x_wconf 85' lang='lat' dir='ltr'>ad</span> <span class='ocrx_word' id='word_1_291' title='bbox 1498 2211 1578 2249; x_wconf 76' lang='lat' dir='ltr'>haec</span> <span class='ocrx_word' id='word_1_292' title='bbox 1606 2212 1726 2248; x_wconf 77' lang='lat' dir='ltr'>studia</span> 
     </span>
     <span class='ocr_line' id='line_1_32' title="bbox 333 2275 1726 2329; baseline 0 -15"><span class='ocrx_word' id='word_1_293' title='bbox 333 2277 534 2315; x_wconf 80' lang='lat' dir='ltr'>recolenda</span> <span class='ocrx_word' id='word_1_294' title='bbox 569 2275 761 2329; x_wconf 86' lang='lat' dir='ltr'>sumpsero</span> <span class='ocrx_word' id='word_1_295' title='bbox 780 2277 792 2313; x_wconf 87' lang='lat'>?</span> <span class='ocrx_word' id='word_1_296' title='bbox 825 2279 956 2329; x_wconf 87' lang='lat' dir='ltr'>Atque</span> <span class='ocrx_word' id='word_1_297' title='bbox 986 2277 1061 2315; x_wconf 88' lang='lat' dir='ltr'>hoc</span> <span class='ocrx_word' id='word_1_298' title='bbox 1095 2278 1186 2316; x_wconf 85' lang='lat' dir='ltr'>adeo</span> <span class='ocrx_word' id='word_1_299' title='bbox 1220 2277 1318 2315; x_wconf 84' lang='lat' dir='ltr'>mihi</span> <span class='ocrx_word' id='word_1_300' title='bbox 1350 2278 1639 2315; x_wconf 83' lang='lat' dir='ltr'>concedendum</span> <span class='ocrx_word' id='word_1_301' title='bbox 1674 2277 1726 2314; x_wconf 83' lang='lat' dir='ltr'>est</span> 
     </span>
     <span class='ocr_line' id='line_1_33' title="bbox 335 2340 1724 2394; baseline 0 -15"><span class='ocrx_word' id='word_1_302' title='bbox 335 2343 472 2394; x_wconf 83' lang='lat' dir='ltr'>magis,</span> <span class='ocrx_word' id='word_1_303' title='bbox 504 2342 606 2393; x_wconf 87' lang='lat' dir='ltr'>quod</span> <span class='ocrx_word' id='word_1_304' title='bbox 627 2355 673 2378; x_wconf 81' lang='lat' dir='ltr'>ex</span> <span class='ocrx_word' id='word_1_305' title='bbox 695 2340 754 2378; x_wconf 84' lang='lat' dir='ltr'>his</span> <span class='ocrx_word' id='word_1_306' title='bbox 780 2342 910 2379; x_wconf 74' lang='lat' dir='ltr'>studiis</span> <span class='ocrx_word' id='word_1_307' title='bbox 932 2341 1012 2380; x_wconf 75' lang='lat' dir='ltr'>haec</span> <span class='ocrx_word' id='word_1_308' title='bbox 1033 2356 1190 2394; x_wconf 85' lang='lat' dir='ltr'>quoque</span> <span class='ocrx_word' id='word_1_309' title='bbox 1210 2342 1381 2380; x_wconf 77' lang='lat' dir='ltr'>censetur</span> <span class='ocrx_word' id='word_1_310' title='bbox 1402 2342 1521 2378; x_wconf 82' lang='lat' dir='ltr'>oratio</span> <span class='ocrx_word' id='word_1_311' title='bbox 1542 2351 1578 2377; x_wconf 87' lang='lat' dir='ltr'>et</span> <span class='ocrx_word' id='word_1_312' title='bbox 1600 2340 1724 2379; x_wconf 78' lang='lat' dir='ltr'>facul-</span> 
     </span>
     <span class='ocr_line' id='line_1_34' title="bbox 336 2407 1725 2458; baseline -0.001 -13"><span class='ocrx_word' id='word_1_313' title='bbox 336 2416 417 2445; x_wconf 79' lang='lat' dir='ltr'>tas:</span> <span class='ocrx_word' id='word_1_314' title='bbox 451 2421 534 2458; x_wconf 66' lang='lat' dir='ltr'>quse</span> <span class='ocrx_word' id='word_1_315' title='bbox 552 2436 561 2450; x_wconf 95' lang='lat'>,</span> <span class='ocrx_word' id='word_1_316' title='bbox 595 2415 889 2458; x_wconf 75' lang='lat' dir='ltr'>quantacunque</span> <span class='ocrx_word' id='word_1_317' title='bbox 910 2407 961 2443; x_wconf 76' lang='lat' dir='ltr'>cst</span> <span class='ocrx_word' id='word_1_318' title='bbox 982 2407 1020 2443; x_wconf 92' lang='lat' dir='ltr'>in</span> <span class='ocrx_word' id='word_1_319' title='bbox 1044 2422 1105 2444; x_wconf 85' lang='lat' dir='ltr'>me</span> <span class='ocrx_word' id='word_1_320' title='bbox 1123 2437 1134 2452; x_wconf 91' lang='lat'>‚</span> <span class='ocrx_word' id='word_1_321' title='bbox 1167 2420 1364 2457; x_wconf 63' lang='lat' dir='ltr'>nunquam</span> <span class='ocrx_word' id='word_1_322' title='bbox 1387 2407 1599 2442; x_wconf 73' lang='lat' dir='ltr'>amicorum</span> <span class='ocrx_word' id='word_1_323' title='bbox 1623 2407 1725 2458; x_wconf 78' lang='lat' dir='ltr'>peri-</span> 
     </span>
     <span class='ocr_line' id='line_1_35' title="bbox 333 2471 1725 2525; baseline -0.001 -14"><span class='ocrx_word' id='word_1_324' title='bbox 333 2473 433 2511; x_wconf 84' lang='lat' dir='ltr'>culis</span> <span class='ocrx_word' id='word_1_325' title='bbox 455 2471 590 2511; x_wconf 77' lang='lat' dir='ltr'>defuit.</span> <span class='ocrx_word' id='word_1_326' title='bbox 626 2474 722 2525; x_wconf 75' lang='lat' dir='ltr'>Qae</span> <span class='ocrx_word' id='word_1_327' title='bbox 743 2471 768 2510; x_wconf 85' lang='lat' dir='ltr'>fi</span> <span class='ocrx_word' id='word_1_328' title='bbox 789 2471 851 2510; x_wconf 88' lang='lat' dir='ltr'>cui</span> <span class='ocrx_word' id='word_1_329' title='bbox 873 2471 990 2509; x_wconf 81' lang='lat' dir='ltr'>levior</span> <span class='ocrx_word' id='word_1_330' title='bbox 1011 2473 1184 2517; x_wconf 80' lang='lat' dir='ltr'>videtur3</span> <span class='ocrx_word' id='word_1_331' title='bbox 1217 2472 1282 2509; x_wconf 83' lang='lat' dir='ltr'>illa</span> <span class='ocrx_word' id='word_1_332' title='bbox 1310 2471 1467 2524; x_wconf 77' lang='lat' dir='ltr'>quidem</span> <span class='ocrx_word' id='word_1_333' title='bbox 1495 2481 1608 2517; x_wconf 79' lang='lat' dir='ltr'>certe,</span> <span class='ocrx_word' id='word_1_334' title='bbox 1641 2485 1725 2524; x_wconf 74' lang='lat' dir='ltr'>quae</span> 
     </span>
    </p>
   </div>
  </div>
 </body>
</html>
