<?xml version="1.0" encoding="UTF-8"?>
<!DOCTYPE html PUBLIC "-//W3C//DTD XHTML 1.0 Transitional//EN"
    "http://www.w3.org/TR/xhtml1/DTD/xhtml1-transitional.dtd">
<html xmlns="http://www.w3.org/1999/xhtml" xml:lang="en" lang="en">
 <head>
  <title>
</title>
<meta http-equiv="Content-Type" content="text/html;charset=utf-8" />
  <meta name='ocr-system' content='tesseract 3.04.00' />
  <meta name='ocr-capabilities' content='ocr_page ocr_carea ocr_par ocr_line ocrx_word'/>
</head>
<body>
  <div class='ocr_page' id='page_1' title='image "./operacumindicibu05ciceuoft_0166.png"; bbox 0 0 2212 2835; ppageno 0'>
   <div class='ocr_carea' id='block_1_1' title="bbox 356 213 1261 272">
    <p class='ocr_par' dir='ltr' id='par_1_1' title="bbox 356 213 1261 272">
     <span class='ocr_line' id='line_1_1' title="bbox 356 213 1261 272; baseline -0.007 -14"><span class='ocrx_word' id='word_1_1' title='bbox 356 219 429 272; x_wconf 83' lang='lat'>156</span> <span class='ocrx_word' id='word_1_2' title='bbox 856 213 1261 253; x_wconf 78' lang='lat' dir='ltr'>ORATIO</span> 
     </span>
    </p>
   </div>
   <div class='ocr_carea' id='block_1_2' title="bbox 347 313 1744 2558">
    <p class='ocr_par' dir='ltr' id='par_1_2' title="bbox 347 313 1743 1163">
     <span class='ocr_line' id='line_1_2' title="bbox 348 313 1741 360; baseline -0.001 -3"><span class='ocrx_word' id='word_1_3' title='bbox 348 319 447 358; x_wconf 78' lang='lat' dir='ltr'>lium</span> <span class='ocrx_word' id='word_1_4' title='bbox 469 325 612 356; x_wconf 88' lang='lat' dir='ltr'>teneret</span> <span class='ocrx_word' id='word_1_5' title='bbox 631 325 813 360; x_wconf 80' lang='lat' dir='ltr'>armatus,</span> <span class='ocrx_word' id='word_1_6' title='bbox 844 315 933 354; x_wconf 84' lang='lat' dir='ltr'>effet</span> <span class='ocrx_word' id='word_1_7' title='bbox 953 329 1027 353; x_wconf 89' lang='lat' dir='ltr'>una</span> <span class='ocrx_word' id='word_1_8' title='bbox 1049 317 1096 354; x_wconf 91' lang='lat' dir='ltr'>C.</span> <span class='ocrx_word' id='word_1_9' title='bbox 1121 314 1299 360; x_wconf 86' lang='lat' dir='ltr'>Glaucia,</span> <span class='ocrx_word' id='word_1_10' title='bbox 1331 315 1378 353; x_wconf 92' lang='lat' dir='ltr'>C.</span> <span class='ocrx_word' id='word_1_11' title='bbox 1407 313 1593 360; x_wconf 77' lang='lat' dir='ltr'>Saufeius,</span> <span class='ocrx_word' id='word_1_12' title='bbox 1623 313 1741 355; x_wconf 79' lang='lat' dir='ltr'>etiam</span> 
     </span>
     <span class='ocr_line' id='line_1_3' title="bbox 347 381 1742 435; baseline -0.001 -13"><span class='ocrx_word' id='word_1_13' title='bbox 347 385 413 423; x_wconf 86' lang='lat' dir='ltr'>ille</span> <span class='ocrx_word' id='word_1_14' title='bbox 433 398 479 422; x_wconf 84' lang='lat' dir='ltr'>ex</span> <span class='ocrx_word' id='word_1_15' title='bbox 499 383 753 435; x_wconf 78' lang='lat' dir='ltr'>compedibus</span> <span class='ocrx_word' id='word_1_16' title='bbox 775 392 887 434; x_wconf 80' lang='lat' dir='ltr'>atque</span> <span class='ocrx_word' id='word_1_17' title='bbox 908 382 1095 434; x_wconf 81' lang='lat' dir='ltr'>ergastulo</span> <span class='ocrx_word' id='word_1_18' title='bbox 1117 381 1341 420; x_wconf 81' lang='lat' dir='ltr'>Gracchus:</span> <span class='ocrx_word' id='word_1_19' title='bbox 1375 382 1525 428; x_wconf 81' lang='lat' dir='ltr'><strong>addam,</strong></span> <span class='ocrx_word' id='word_1_20' title='bbox 1556 383 1742 434; x_wconf 89' lang='lat' dir='ltr'>quoniam</span> 
     </span>
     <span class='ocr_line' id='line_1_4' title="bbox 347 447 1742 501; baseline -0.001 -14"><span class='ocrx_word' id='word_1_21' title='bbox 347 451 400 488; x_wconf 87' lang='lat' dir='ltr'>ita</span> <span class='ocrx_word' id='word_1_22' title='bbox 426 451 496 493; x_wconf 87' lang='lat' dir='ltr'>vis,</span> <span class='ocrx_word' id='word_1_23' title='bbox 528 450 663 488; x_wconf 86' lang='lat' dir='ltr'>eodem</span> <span class='ocrx_word' id='word_1_24' title='bbox 691 448 1006 500; x_wconf 80' lang='lat' dir='ltr'>QLabienum‚</span> <span class='ocrx_word' id='word_1_25' title='bbox 1037 458 1219 501; x_wconf 79' lang='lat' dir='ltr'>patruum</span> <span class='ocrx_word' id='word_1_26' title='bbox 1252 457 1394 486; x_wconf 89' lang='lat' dir='ltr'>tuum:</span> <span class='ocrx_word' id='word_1_27' title='bbox 1427 448 1467 486; x_wconf 90' lang='lat' dir='ltr'>in</span> <span class='ocrx_word' id='word_1_28' title='bbox 1497 447 1582 486; x_wconf 88' lang='lat' dir='ltr'>foro</span> <span class='ocrx_word' id='word_1_29' title='bbox 1612 457 1742 486; x_wconf 89' lang='lat' dir='ltr'>autem</span> 
     </span>
     <span class='ocr_line' id='line_1_5' title="bbox 348 513 1741 566; baseline -0.001 -12"><span class='ocrx_word' id='word_1_30' title='bbox 348 518 396 554; x_wconf 90' lang='lat' dir='ltr'>C.</span> <span class='ocrx_word' id='word_1_31' title='bbox 420 516 586 560; x_wconf 77' lang='lat' dir='ltr'>Marius,</span> <span class='ocrx_word' id='word_1_32' title='bbox 617 525 654 552; x_wconf 90' lang='lat' dir='ltr'>et</span> <span class='ocrx_word' id='word_1_33' title='bbox 675 516 722 553; x_wconf 94' lang='lat' dir='ltr'>L.</span> <span class='ocrx_word' id='word_1_34' title='bbox 748 513 923 551; x_wconf 87' lang='lat' dir='ltr'>Valerius</span> <span class='ocrx_word' id='word_1_35' title='bbox 945 514 1121 559; x_wconf 85' lang='lat' dir='ltr'>Flaccus,</span> <span class='ocrx_word' id='word_1_36' title='bbox 1154 513 1355 558; x_wconf 86' lang='lat' dir='ltr'>Consules,</span> <span class='ocrx_word' id='word_1_37' title='bbox 1388 514 1469 566; x_wconf 89' lang='lat' dir='ltr'>post</span> <span class='ocrx_word' id='word_1_38' title='bbox 1495 515 1656 552; x_wconf 69' lang='lat' dir='ltr'>cunctus</span> <span class='ocrx_word' id='word_1_39' title='bbox 1685 513 1741 552; x_wconf 90' lang='lat' dir='ltr'>se-</span> 
     </span>
     <span class='ocr_line' id='line_1_6' title="bbox 347 580 1741 634; baseline -0.001 -14"><span class='ocrx_word' id='word_1_40' title='bbox 347 592 473 627; x_wconf 82' lang='lat' dir='ltr'>natus,</span> <span class='ocrx_word' id='word_1_41' title='bbox 506 591 620 634; x_wconf 89' lang='lat' dir='ltr'>atque</span> <span class='ocrx_word' id='word_1_42' title='bbox 647 581 712 619; x_wconf 90' lang='lat' dir='ltr'>ille</span> <span class='ocrx_word' id='word_1_43' title='bbox 740 580 901 625; x_wconf 87' lang='lat' dir='ltr'>senatus,</span> <span class='ocrx_word' id='word_1_44' title='bbox 933 594 1050 632; x_wconf 86' lang='lat' dir='ltr'>quem</span> <span class='ocrx_word' id='word_1_45' title='bbox 1078 581 1195 618; x_wconf 79' lang='lat' dir='ltr'>etiam</span> <span class='ocrx_word' id='word_1_46' title='bbox 1222 594 1288 618; x_wconf 86' lang='lat' dir='ltr'>vos</span> <span class='ocrx_word' id='word_1_47' title='bbox 1309 580 1391 632; x_wconf 77' lang='lat' dir='ltr'>ipsi,</span> <span class='ocrx_word' id='word_1_48' title='bbox 1424 581 1493 633; x_wconf 83' lang='lat' dir='ltr'>qui</span> <span class='ocrx_word' id='word_1_49' title='bbox 1521 580 1591 618; x_wconf 89' lang='lat' dir='ltr'>hos</span> <span class='ocrx_word' id='word_1_50' title='bbox 1619 589 1741 633; x_wconf 83' lang='lat' dir='ltr'>patres</span> 
     </span>
     <span class='ocr_line' id='line_1_7' title="bbox 348 646 1741 702; baseline -0.001 -15"><span class='ocrx_word' id='word_1_51' title='bbox 348 649 599 702; x_wconf 83' lang='lat' dir='ltr'>conscriptos,</span> <span class='ocrx_word' id='word_1_52' title='bbox 634 649 702 700; x_wconf 87' lang='lat' dir='ltr'>qui</span> <span class='ocrx_word' id='word_1_53' title='bbox 732 661 835 685; x_wconf 85' lang='lat' dir='ltr'>nunc</span> <span class='ocrx_word' id='word_1_54' title='bbox 865 647 965 692; x_wconf 80' lang='lat' dir='ltr'>sunt,</span> <span class='ocrx_word' id='word_1_55' title='bbox 1002 648 1040 684; x_wconf 89' lang='lat' dir='ltr'>in</span> <span class='ocrx_word' id='word_1_56' title='bbox 1071 648 1258 685; x_wconf 86' lang='lat' dir='ltr'>invidiam</span> <span class='ocrx_word' id='word_1_57' title='bbox 1288 648 1445 692; x_wconf 82' lang='lat' dir='ltr'>vocatis,</span> <span class='ocrx_word' id='word_1_58' title='bbox 1481 661 1560 700; x_wconf 92' lang='lat' dir='ltr'>quo</span> <span class='ocrx_word' id='word_1_59' title='bbox 1589 646 1741 685; x_wconf 78' lang='lat' dir='ltr'>facilius</span> 
     </span>
     <span class='ocr_line' id='line_1_8' title="bbox 349 711 1741 765; baseline -0.001 -13"><span class='ocrx_word' id='word_1_60' title='bbox 349 715 395 752; x_wconf 94' lang='lat' dir='ltr'>de</span> <span class='ocrx_word' id='word_1_61' title='bbox 432 714 507 752; x_wconf 93' lang='lat' dir='ltr'>hoc</span> <span class='ocrx_word' id='word_1_62' title='bbox 546 714 676 752; x_wconf 86' lang='lat' dir='ltr'>senatu</span> <span class='ocrx_word' id='word_1_63' title='bbox 716 711 910 750; x_wconf 75' lang='lat' dir='ltr'><strong>detrahere</strong></span> <span class='ocrx_word' id='word_1_64' title='bbox 946 712 1106 765; x_wconf 70' lang='lat' dir='ltr'>possitis,</span> <span class='ocrx_word' id='word_1_65' title='bbox 1148 713 1298 750; x_wconf 87' lang='lat' dir='ltr'>laudare</span> <span class='ocrx_word' id='word_1_66' title='bbox 1338 713 1609 751; x_wconf 86' lang='lat' dir='ltr'>consuevistis:</span> <span class='ocrx_word' id='word_1_67' title='bbox 1650 726 1741 750; x_wconf 92' lang='lat' dir='ltr'>cum</span> 
     </span>
     <span class='ocr_line' id='line_1_9' title="bbox 347 779 1740 833; baseline -0.002 -15"><span class='ocrx_word' id='word_1_68' title='bbox 347 781 518 833; x_wconf 87' lang='lat' dir='ltr'>equester</span> <span class='ocrx_word' id='word_1_69' title='bbox 538 780 655 824; x_wconf 70' lang='lat' dir='ltr'>ordo,</span> <span class='ocrx_word' id='word_1_70' title='bbox 687 788 724 816; x_wconf 85' lang='lat' dir='ltr'>at</span> <span class='ocrx_word' id='word_1_71' title='bbox 745 792 912 830; x_wconf 87' lang='lat' dir='ltr'>quorum</span> <span class='ocrx_word' id='word_1_72' title='bbox 932 779 1112 830; x_wconf 87' lang='lat' dir='ltr'>equiturn</span> <span class='ocrx_word' id='word_1_73' title='bbox 1134 779 1415 824; x_wconf 87' lang='lat' dir='ltr'>Romanorum,</span> <span class='ocrx_word' id='word_1_74' title='bbox 1448 779 1516 816; x_wconf 85' lang='lat' dir='ltr'>Dii</span> <span class='ocrx_word' id='word_1_75' title='bbox 1536 779 1740 817; x_wconf 88' lang='lat' dir='ltr'>immorta-</span> 
     </span>
     <span class='ocr_line' id='line_1_10' title="bbox 348 845 1742 900; baseline -0.002 -15"><span class='ocrx_word' id='word_1_76' title='bbox 348 846 428 885; x_wconf 77' lang='lat' dir='ltr'>les!</span> <span class='ocrx_word' id='word_1_77' title='bbox 464 857 619 900; x_wconf 88' lang='lat' dir='ltr'>patrum</span> <span class='ocrx_word' id='word_1_78' title='bbox 646 846 878 889; x_wconf 87' lang='lat' dir='ltr'>nostrorum,</span> <span class='ocrx_word' id='word_1_79' title='bbox 914 855 1027 896; x_wconf 85' lang='lat' dir='ltr'>atque</span> <span class='ocrx_word' id='word_1_80' title='bbox 1055 845 1135 896; x_wconf 86' lang='lat' dir='ltr'>ejus</span> <span class='ocrx_word' id='word_1_81' title='bbox 1168 845 1300 888; x_wconf 82' lang='lat' dir='ltr'>aetatis,</span> <span class='ocrx_word' id='word_1_82' title='bbox 1333 858 1418 896; x_wconf 67' lang='lat' dir='ltr'>quae</span> <span class='ocrx_word' id='word_1_83' title='bbox 1447 854 1533 883; x_wconf 87' lang='lat' dir='ltr'>tum</span> <span class='ocrx_word' id='word_1_84' title='bbox 1561 858 1742 897; x_wconf 86' lang='lat' dir='ltr'>magnam</span> 
     </span>
     <span class='ocr_line' id='line_1_11' title="bbox 348 910 1743 966; baseline -0.002 -15"><span class='ocrx_word' id='word_1_85' title='bbox 348 922 496 966; x_wconf 87' lang='lat' dir='ltr'>partem</span> <span class='ocrx_word' id='word_1_86' title='bbox 517 912 752 965; x_wconf 70' lang='lat' dir='ltr'>reipublicae,</span> <span class='ocrx_word' id='word_1_87' title='bbox 783 921 897 962; x_wconf 86' lang='lat' dir='ltr'>atque</span> <span class='ocrx_word' id='word_1_88' title='bbox 916 924 1075 948; x_wconf 90' lang='lat' dir='ltr'>omnem</span> <span class='ocrx_word' id='word_1_89' title='bbox 1097 910 1333 962; x_wconf 51' lang='lat' dir='ltr'>dignitatem¹</span> <span class='ocrx_word' id='word_1_90' title='bbox 1353 910 1602 961; x_wconf 88' lang='lat' dir='ltr'>judiciorum,</span> <span class='ocrx_word' id='word_1_91' title='bbox 1633 919 1743 948; x_wconf 88' lang='lat' dir='ltr'>tene-</span> 
     </span>
     <span class='ocr_line' id='line_1_12' title="bbox 348 976 1743 1029; baseline -0.002 -11"><span class='ocrx_word' id='word_1_92' title='bbox 348 981 414 1018; x_wconf 77' lang='lat' dir='ltr'>bat</span> <span class='ocrx_word' id='word_1_93' title='bbox 433 995 441 1018; x_wconf 76' lang='grc' dir='ltr'>ε</span> <span class='ocrx_word' id='word_1_94' title='bbox 474 994 566 1017; x_wconf 90' lang='lat' dir='ltr'>cum</span> <span class='ocrx_word' id='word_1_95' title='bbox 587 992 721 1016; x_wconf 88' lang='lat' dir='ltr'>omnes</span> <span class='ocrx_word' id='word_1_96' title='bbox 743 978 922 1015; x_wconf 84' lang='lat' dir='ltr'>omnium</span> <span class='ocrx_word' id='word_1_97' title='bbox 943 977 1124 1014; x_wconf 83' lang='lat' dir='ltr'>ordinum</span> <span class='ocrx_word' id='word_1_98' title='bbox 1146 976 1339 1021; x_wconf 85' lang='lat' dir='ltr'>homines,</span> <span class='ocrx_word' id='word_1_99' title='bbox 1371 979 1438 1029; x_wconf 86' lang='lat' dir='ltr'>qui</span> <span class='ocrx_word' id='word_1_100' title='bbox 1465 976 1505 1015; x_wconf 90' lang='lat' dir='ltr'>in</span> <span class='ocrx_word' id='word_1_101' title='bbox 1530 977 1647 1015; x_wconf 82' lang='lat' dir='ltr'>salute</span> <span class='ocrx_word' id='word_1_102' title='bbox 1668 977 1743 1015; x_wconf 88' lang='lat' dir='ltr'>rei-</span> 
     </span>
     <span class='ocr_line' id='line_1_13' title="bbox 347 1042 1742 1098; baseline -0.002 -15"><span class='ocrx_word' id='word_1_103' title='bbox 347 1046 514 1098; x_wconf 85' lang='lat' dir='ltr'>publicae</span> <span class='ocrx_word' id='word_1_104' title='bbox 535 1045 695 1082; x_wconf 83' lang='lat' dir='ltr'>salutem</span> <span class='ocrx_word' id='word_1_105' title='bbox 717 1045 821 1081; x_wconf 86' lang='lat' dir='ltr'>suam</span> <span class='ocrx_word' id='word_1_106' title='bbox 845 1043 1044 1095; x_wconf 72' lang='lat' dir='ltr'>repositam</span> <span class='ocrx_word' id='word_1_107' title='bbox 1069 1042 1138 1080; x_wconf 77' lang='lat' dir='ltr'>effe</span> <span class='ocrx_word' id='word_1_108' title='bbox 1165 1043 1457 1088; x_wconf 79' lang='lat' dir='ltr'>arbitrabantur,</span> <span class='ocrx_word' id='word_1_109' title='bbox 1488 1057 1593 1082; x_wconf 85' lang='lat' dir='ltr'>arma</span> <span class='ocrx_word' id='word_1_110' title='bbox 1619 1042 1742 1096; x_wconf 90' lang='lat' dir='ltr'>cepis-</span> 
     </span>
     <span class='ocr_line' id='line_1_14' title="bbox 348 1108 1383 1163; baseline -0.004 -14"><span class='ocrx_word' id='word_1_111' title='bbox 348 1112 455 1150; x_wconf 85' lang='lat' dir='ltr'>sent:</span> <span class='ocrx_word' id='word_1_112' title='bbox 488 1111 583 1163; x_wconf 89' lang='lat' dir='ltr'>quid</span> <span class='ocrx_word' id='word_1_113' title='bbox 605 1111 758 1148; x_wconf 88' lang='lat' dir='ltr'>tandem</span> <span class='ocrx_word' id='word_1_114' title='bbox 782 1111 829 1147; x_wconf 89' lang='lat' dir='ltr'>C.</span> <span class='ocrx_word' id='word_1_115' title='bbox 852 1110 1013 1146; x_wconf 79' lang='lat' dir='ltr'>Rabirio</span> <span class='ocrx_word' id='word_1_116' title='bbox 1034 1108 1255 1147; x_wconf 84' lang='lat' dir='ltr'>faciendum</span> <span class='ocrx_word' id='word_1_117' title='bbox 1276 1108 1352 1147; x_wconf 85' lang='lat' dir='ltr'>fuit</span> <span class='ocrx_word' id='word_1_118' title='bbox 1371 1110 1383 1145; x_wconf 92' lang='lat'>?</span> 
     </span>
    </p>

    <p class='ocr_par' dir='ltr' id='par_1_3' title="bbox 348 1175 1744 2558">
     <span class='ocr_line' id='line_1_15' title="bbox 404 1175 1743 1230; baseline -0.001 -14"><span class='ocrx_word' id='word_1_119' title='bbox 404 1179 466 1217; x_wconf 92' lang='lat' dir='ltr'>De</span> <span class='ocrx_word' id='word_1_120' title='bbox 487 1187 523 1216; x_wconf 88' lang='lat' dir='ltr'>te</span> <span class='ocrx_word' id='word_1_121' title='bbox 543 1178 638 1230; x_wconf 87' lang='lat' dir='ltr'>ipso,</span> <span class='ocrx_word' id='word_1_122' title='bbox 666 1177 841 1228; x_wconf 88' lang='lat' dir='ltr'>inquam,</span> <span class='ocrx_word' id='word_1_123' title='bbox 864 1176 1048 1220; x_wconf 84' lang='lat' dir='ltr'>Labiene,</span> <span class='ocrx_word' id='word_1_124' title='bbox 1069 1189 1222 1228; x_wconf 63' lang='lat' dir='ltr'>quam-o:</span> <span class='ocrx_word' id='word_1_125' title='bbox 1253 1190 1346 1214; x_wconf 84' lang='lat' dir='ltr'>curn</span> <span class='ocrx_word' id='word_1_126' title='bbox 1367 1176 1412 1213; x_wconf 89' lang='lat' dir='ltr'>ad</span> <span class='ocrx_word' id='word_1_127' title='bbox 1433 1189 1536 1213; x_wconf 87' lang='lat' dir='ltr'>arma</span> <span class='ocrx_word' id='word_1_128' title='bbox 1557 1175 1743 1214; x_wconf 81' lang='lat' dir='ltr'>Consules</span> 
     </span>
     <span class='ocr_line' id='line_1_16' title="bbox 349 1241 1740 1286; baseline -0.003 -3"><span class='ocrx_word' id='word_1_129' title='bbox 349 1258 395 1283; x_wconf 85' lang='lat' dir='ltr'>ex</span> <span class='ocrx_word' id='word_1_130' title='bbox 435 1242 759 1282; x_wconf 86' lang='lat' dir='ltr'>senatusconsulto</span> <span class='ocrx_word' id='word_1_131' title='bbox 798 1241 1024 1279; x_wconf 73' lang='lat' dir='ltr'>vocavissent</span> <span class='ocrx_word' id='word_1_132' title='bbox 1045 1256 1054 1280; x_wconf 73' lang='grc' dir='ltr'>ε</span> <span class='ocrx_word' id='word_1_133' title='bbox 1095 1255 1188 1279; x_wconf 87' lang='lat' dir='ltr'>cum</span> <span class='ocrx_word' id='word_1_134' title='bbox 1227 1251 1394 1280; x_wconf 86' lang='lat' dir='ltr'>armatus</span> <span class='ocrx_word' id='word_1_135' title='bbox 1434 1242 1497 1279; x_wconf 92' lang='lat' dir='ltr'>M.</span> <span class='ocrx_word' id='word_1_136' title='bbox 1538 1241 1740 1286; x_wconf 84' lang='lat' dir='ltr'>AEmilius,</span> 
     </span>
     <span class='ocr_line' id='line_1_17' title="bbox 348 1306 1744 1364; baseline -0.002 -16"><span class='ocrx_word' id='word_1_137' title='bbox 348 1311 526 1364; x_wconf 84' lang='lat' dir='ltr'>princeps</span> <span class='ocrx_word' id='word_1_138' title='bbox 547 1309 710 1353; x_wconf 86' lang='lat' dir='ltr'>senatus,</span> <span class='ocrx_word' id='word_1_139' title='bbox 741 1308 782 1346; x_wconf 91' lang='lat' dir='ltr'>in</span> <span class='ocrx_word' id='word_1_140' title='bbox 802 1308 964 1346; x_wconf 83' lang='lat' dir='ltr'>comitio</span> <span class='ocrx_word' id='word_1_141' title='bbox 990 1307 1239 1353; x_wconf 80' lang='lat' dir='ltr'>constitiffet3</span> <span class='ocrx_word' id='word_1_142' title='bbox 1272 1308 1354 1361; x_wconf 92' lang='lat' dir='ltr'>qui,</span> <span class='ocrx_word' id='word_1_143' title='bbox 1385 1320 1478 1346; x_wconf 91' lang='lat' dir='ltr'>cum</span> <span class='ocrx_word' id='word_1_144' title='bbox 1502 1306 1652 1360; x_wconf 78' lang='lat' dir='ltr'>ingredi</span> <span class='ocrx_word' id='word_1_145' title='bbox 1678 1307 1744 1346; x_wconf 83' lang='lat' dir='ltr'>vix</span> 
     </span>
     <span class='ocr_line' id='line_1_18' title="bbox 349 1372 1742 1430; baseline -0.003 -15"><span class='ocrx_word' id='word_1_146' title='bbox 349 1376 482 1430; x_wconf 84' lang='lat' dir='ltr'>poffet,</span> <span class='ocrx_word' id='word_1_147' title='bbox 513 1389 590 1413; x_wconf 90' lang='lat' dir='ltr'>non</span> <span class='ocrx_word' id='word_1_148' title='bbox 611 1376 657 1413; x_wconf 88' lang='lat' dir='ltr'>ad</span> <span class='ocrx_word' id='word_1_149' title='bbox 677 1374 955 1427; x_wconf 90' lang='lat' dir='ltr'>insequendum</span> <span class='ocrx_word' id='word_1_150' title='bbox 976 1374 1046 1412; x_wconf 85' lang='lat' dir='ltr'>fibi</span> <span class='ocrx_word' id='word_1_151' title='bbox 1067 1375 1284 1412; x_wconf 80' lang='lat' dir='ltr'>tarditatem</span> <span class='ocrx_word' id='word_1_152' title='bbox 1306 1374 1466 1427; x_wconf 90' lang='lat' dir='ltr'>pedum,</span> <span class='ocrx_word' id='word_1_153' title='bbox 1487 1374 1550 1412; x_wconf 91' lang='lat' dir='ltr'>sed</span> <span class='ocrx_word' id='word_1_154' title='bbox 1569 1374 1616 1412; x_wconf 92' lang='lat' dir='ltr'>ad</span> <span class='ocrx_word' id='word_1_155' title='bbox 1634 1372 1742 1426; x_wconf 85' lang='lat' dir='ltr'>fugi-</span> 
     </span>
     <span class='ocr_line' id='line_1_19' title="bbox 349 1439 1740 1494; baseline -0.002 -13"><span class='ocrx_word' id='word_1_156' title='bbox 349 1443 508 1487; x_wconf 89' lang='lat' dir='ltr'>endum,</span> <span class='ocrx_word' id='word_1_157' title='bbox 541 1442 824 1494; x_wconf 85' lang='lat' dir='ltr'>impedimento</span> <span class='ocrx_word' id='word_1_158' title='bbox 845 1440 925 1478; x_wconf 86' lang='lat' dir='ltr'>fore</span> <span class='ocrx_word' id='word_1_159' title='bbox 945 1441 1130 1494; x_wconf 86' lang='lat' dir='ltr'>putabat:</span> <span class='ocrx_word' id='word_1_160' title='bbox 1162 1455 1255 1479; x_wconf 91' lang='lat' dir='ltr'>cum</span> <span class='ocrx_word' id='word_1_161' title='bbox 1282 1440 1448 1493; x_wconf 88' lang='lat' dir='ltr'>denique</span> <span class='ocrx_word' id='word_1_162' title='bbox 1475 1441 1543 1491; x_wconf 84' lang='lat' dir='ltr'>Q</span> <span class='ocrx_word' id='word_1_163' title='bbox 1563 1439 1740 1484; x_wconf 72' lang='lat' dir='ltr'>Scaevola,</span> 
     </span>
     <span class='ocr_line' id='line_1_20' title="bbox 349 1506 1741 1560; baseline -0.004 -12"><span class='ocrx_word' id='word_1_164' title='bbox 349 1509 546 1548; x_wconf 64' lang='lat' dir='ltr'>confectus</span> <span class='ocrx_word' id='word_1_165' title='bbox 567 1509 770 1551; x_wconf 65' lang='lat' dir='ltr'>senectute,</span> <span class='ocrx_word' id='word_1_166' title='bbox 795 1507 963 1560; x_wconf 85' lang='lat' dir='ltr'>perditus</span> <span class='ocrx_word' id='word_1_167' title='bbox 981 1508 1134 1551; x_wconf 89' lang='lat' dir='ltr'>morbo,</span> <span class='ocrx_word' id='word_1_168' title='bbox 1156 1520 1330 1552; x_wconf 86' lang='lat' dir='ltr'>mancus,</span> <span class='ocrx_word' id='word_1_169' title='bbox 1353 1516 1391 1545; x_wconf 90' lang='lat' dir='ltr'>et</span> <span class='ocrx_word' id='word_1_170' title='bbox 1407 1506 1592 1544; x_wconf 87' lang='lat' dir='ltr'>membris</span> <span class='ocrx_word' id='word_1_171' title='bbox 1609 1506 1741 1544; x_wconf 89' lang='lat' dir='ltr'>omni-</span> 
     </span>
     <span class='ocr_line' id='line_1_21' title="bbox 349 1571 1743 1628; baseline -0.004 -14"><span class='ocrx_word' id='word_1_172' title='bbox 349 1578 420 1615; x_wconf 89' lang='lat' dir='ltr'>bus</span> <span class='ocrx_word' id='word_1_173' title='bbox 442 1585 573 1628; x_wconf 84' lang='lat' dir='ltr'>captus</span> <span class='ocrx_word' id='word_1_174' title='bbox 595 1588 636 1612; x_wconf 92' lang='lat' dir='ltr'>ac</span> <span class='ocrx_word' id='word_1_175' title='bbox 656 1574 806 1618; x_wconf 88' lang='lat' dir='ltr'>debilis,</span> <span class='ocrx_word' id='word_1_176' title='bbox 829 1573 955 1611; x_wconf 78' lang='lat' dir='ltr'>hastili</span> <span class='ocrx_word' id='word_1_177' title='bbox 971 1573 1100 1618; x_wconf 86' lang='lat' dir='ltr'>nixus,</span> <span class='ocrx_word' id='word_1_178' title='bbox 1123 1582 1160 1611; x_wconf 91' lang='lat' dir='ltr'>et</span> <span class='ocrx_word' id='word_1_179' title='bbox 1180 1573 1301 1611; x_wconf 88' lang='lat' dir='ltr'>animi</span> <span class='ocrx_word' id='word_1_180' title='bbox 1317 1573 1398 1611; x_wconf 90' lang='lat' dir='ltr'>vim</span> <span class='ocrx_word' id='word_1_181' title='bbox 1417 1582 1454 1610; x_wconf 92' lang='lat' dir='ltr'>et</span> <span class='ocrx_word' id='word_1_182' title='bbox 1475 1571 1743 1610; x_wconf 83' lang='lat' dir='ltr'>infirmitatem</span> 
     </span>
     <span class='ocr_line' id='line_1_22' title="bbox 349 1639 1740 1696; baseline -0.003 -15"><span class='ocrx_word' id='word_1_183' title='bbox 349 1643 519 1696; x_wconf 84' lang='lat' dir='ltr'>corporis</span> <span class='ocrx_word' id='word_1_184' title='bbox 535 1641 762 1679; x_wconf 86' lang='lat' dir='ltr'>ostenderet:</span> <span class='ocrx_word' id='word_1_185' title='bbox 787 1654 879 1678; x_wconf 90' lang='lat' dir='ltr'>cum</span> <span class='ocrx_word' id='word_1_186' title='bbox 895 1641 943 1678; x_wconf 92' lang='lat' dir='ltr'>L.</span> <span class='ocrx_word' id='word_1_187' title='bbox 964 1640 1165 1685; x_wconf 78' lang='lat' dir='ltr'>Metellus,</span> <span class='ocrx_word' id='word_1_188' title='bbox 1189 1642 1292 1692; x_wconf 84' lang='lat' dir='ltr'>Serg.</span> <span class='ocrx_word' id='word_1_189' title='bbox 1316 1640 1455 1683; x_wconf 84' lang='lat' dir='ltr'>Galba,</span> <span class='ocrx_word' id='word_1_190' title='bbox 1481 1640 1528 1678; x_wconf 93' lang='lat' dir='ltr'>C.</span> <span class='ocrx_word' id='word_1_191' title='bbox 1548 1639 1740 1684; x_wconf 87' lang='lat' dir='ltr'>Serranus,</span> 
     </span>
     <span class='ocr_line' id='line_1_23' title="bbox 351 1706 1740 1757; baseline -0.004 -9"><span class='ocrx_word' id='word_1_192' title='bbox 351 1711 394 1748; x_wconf 85' lang='lat' dir='ltr'>P.</span> <span class='ocrx_word' id='word_1_193' title='bbox 418 1709 608 1753; x_wconf 85' lang='lat' dir='ltr'>Rutilius,</span> <span class='ocrx_word' id='word_1_194' title='bbox 632 1710 679 1746; x_wconf 93' lang='lat' dir='ltr'>C.</span> <span class='ocrx_word' id='word_1_195' title='bbox 704 1707 892 1751; x_wconf 88' lang='lat' dir='ltr'>Fimbria,</span> <span class='ocrx_word' id='word_1_196' title='bbox 915 1707 1154 1757; x_wconf 85' lang='lat' dir='ltr'>QCatulus,</span> <span class='ocrx_word' id='word_1_197' title='bbox 1177 1706 1401 1757; x_wconf 89' lang='lat' dir='ltr'>omnesque,</span> <span class='ocrx_word' id='word_1_198' title='bbox 1424 1706 1492 1757; x_wconf 90' lang='lat' dir='ltr'>qui</span> <span class='ocrx_word' id='word_1_199' title='bbox 1514 1714 1600 1742; x_wconf 90' lang='lat' dir='ltr'>tum</span> <span class='ocrx_word' id='word_1_200' title='bbox 1620 1715 1740 1749; x_wconf 86' lang='lat' dir='ltr'>erant,</span> 
     </span>
     <span class='ocr_line' id='line_1_24' title="bbox 349 1771 1741 1826; baseline -0.004 -12"><span class='ocrx_word' id='word_1_201' title='bbox 349 1776 577 1819; x_wconf 81' lang='lat' dir='ltr'>consulares,</span> <span class='ocrx_word' id='word_1_202' title='bbox 614 1788 683 1826; x_wconf 89' lang='lat' dir='ltr'>pro</span> <span class='ocrx_word' id='word_1_203' title='bbox 715 1774 832 1811; x_wconf 92' lang='lat' dir='ltr'>salute</span> <span class='ocrx_word' id='word_1_204' title='bbox 866 1772 1070 1811; x_wconf 89' lang='lat' dir='ltr'>communi</span> <span class='ocrx_word' id='word_1_205' title='bbox 1104 1786 1208 1810; x_wconf 90' lang='lat' dir='ltr'>arma</span> <span class='ocrx_word' id='word_1_206' title='bbox 1241 1771 1447 1824; x_wconf 75' lang='lat' dir='ltr'>cepissent:</span> <span class='ocrx_word' id='word_1_207' title='bbox 1484 1785 1576 1809; x_wconf 91' lang='lat' dir='ltr'>cum</span> <span class='ocrx_word' id='word_1_208' title='bbox 1607 1784 1741 1809; x_wconf 84' lang='lat' dir='ltr'>omnes</span> 
     </span>
     <span class='ocr_line' id='line_1_25' title="bbox 349 1838 1739 1895; baseline -0.004 -15"><span class='ocrx_word' id='word_1_209' title='bbox 349 1852 551 1895; x_wconf 61' lang='lat' dir='ltr'>praetores,</span> <span class='ocrx_word' id='word_1_210' title='bbox 573 1842 709 1878; x_wconf 68' lang='lat' dir='ltr'>cuncta</span> <span class='ocrx_word' id='word_1_211' title='bbox 743 1839 922 1877; x_wconf 81' lang='lat' dir='ltr'>nobilitas</span> <span class='ocrx_word' id='word_1_212' title='bbox 957 1852 999 1876; x_wconf 89' lang='lat' dir='ltr'>ac</span> <span class='ocrx_word' id='word_1_213' title='bbox 1028 1839 1212 1890; x_wconf 85' lang='lat' dir='ltr'>juventus</span> <span class='ocrx_word' id='word_1_214' title='bbox 1245 1846 1469 1882; x_wconf 85' lang='lat' dir='ltr'>accurreret,</span> <span class='ocrx_word' id='word_1_215' title='bbox 1509 1838 1583 1875; x_wconf 92' lang='lat' dir='ltr'>Cn.</span> <span class='ocrx_word' id='word_1_216' title='bbox 1618 1846 1656 1875; x_wconf 87' lang='lat' dir='ltr'>et</span> <span class='ocrx_word' id='word_1_217' title='bbox 1690 1838 1739 1875; x_wconf 88' lang='lat' dir='ltr'>L.</span> 
     </span>
     <span class='ocr_line' id='line_1_26' title="bbox 350 1902 1737 1957; baseline -0.004 -11"><span class='ocrx_word' id='word_1_218' title='bbox 350 1908 534 1951; x_wconf 87' lang='lat' dir='ltr'>Domitii,</span> <span class='ocrx_word' id='word_1_219' title='bbox 567 1907 614 1944; x_wconf 92' lang='lat' dir='ltr'>L.</span> <span class='ocrx_word' id='word_1_220' title='bbox 654 1905 818 1950; x_wconf 71' lang='lat' dir='ltr'>Cmffus,</span> <span class='ocrx_word' id='word_1_221' title='bbox 852 1907 918 1957; x_wconf 84' lang='lat' dir='ltr'>Q</span> <span class='ocrx_word' id='word_1_222' title='bbox 940 1905 1115 1949; x_wconf 86' lang='lat' dir='ltr'>Mucius,</span> <span class='ocrx_word' id='word_1_223' title='bbox 1149 1905 1197 1942; x_wconf 91' lang='lat' dir='ltr'>C.</span> <span class='ocrx_word' id='word_1_224' title='bbox 1233 1903 1432 1948; x_wconf 83' lang='lat' dir='ltr'>Claudius,</span> <span class='ocrx_word' id='word_1_225' title='bbox 1464 1903 1526 1941; x_wconf 89' lang='lat' dir='ltr'>M.</span> <span class='ocrx_word' id='word_1_226' title='bbox 1562 1902 1737 1941; x_wconf 86' lang='lat' dir='ltr'>Drusus:</span> 
     </span>
     <span class='ocr_line' id='line_1_27' title="bbox 350 1968 1740 2021; baseline -0.004 -10"><span class='ocrx_word' id='word_1_227' title='bbox 350 1987 442 2012; x_wconf 91' lang='lat' dir='ltr'>cum</span> <span class='ocrx_word' id='word_1_228' title='bbox 463 1986 596 2010; x_wconf 84' lang='lat' dir='ltr'>omnes</span> <span class='ocrx_word' id='word_1_229' title='bbox 620 1971 786 2015; x_wconf 65' lang='lat' dir='ltr'>Oftavii,</span> <span class='ocrx_word' id='word_1_230' title='bbox 818 1970 988 2015; x_wconf 85' lang='lat' dir='ltr'>Metelli,</span> <span class='ocrx_word' id='word_1_231' title='bbox 1021 1969 1131 2021; x_wconf 88' lang='lat' dir='ltr'>Julii,</span> <span class='ocrx_word' id='word_1_232' title='bbox 1164 1969 1291 2014; x_wconf 86' lang='lat' dir='ltr'>Caffii,</span> <span class='ocrx_word' id='word_1_233' title='bbox 1324 1970 1504 2014; x_wconf 85' lang='lat' dir='ltr'>Catones,</span> <span class='ocrx_word' id='word_1_234' title='bbox 1537 1968 1740 2021; x_wconf 89' lang='lat' dir='ltr'>Pompeii:</span> 
     </span>
     <span class='ocr_line' id='line_1_28' title="bbox 350 2036 1740 2090; baseline -0.004 -12"><span class='ocrx_word' id='word_1_235' title='bbox 350 2054 441 2079; x_wconf 91' lang='lat' dir='ltr'>cum</span> <span class='ocrx_word' id='word_1_236' title='bbox 460 2041 508 2077; x_wconf 94' lang='lat' dir='ltr'>L.</span> <span class='ocrx_word' id='word_1_237' title='bbox 529 2037 749 2090; x_wconf 86' lang='lat' dir='ltr'>Philippus,</span> <span class='ocrx_word' id='word_1_238' title='bbox 772 2039 819 2075; x_wconf 94' lang='lat' dir='ltr'>L.</span> <span class='ocrx_word' id='word_1_239' title='bbox 839 2037 980 2090; x_wconf 86' lang='lat' dir='ltr'>Scipio,</span> <span class='ocrx_word' id='word_1_240' title='bbox 1003 2051 1095 2075; x_wconf 91' lang='lat' dir='ltr'>cum</span> <span class='ocrx_word' id='word_1_241' title='bbox 1113 2037 1175 2075; x_wconf 89' lang='lat' dir='ltr'>M.</span> <span class='ocrx_word' id='word_1_242' title='bbox 1195 2036 1380 2089; x_wconf 87' lang='lat' dir='ltr'>Lepidus,</span> <span class='ocrx_word' id='word_1_243' title='bbox 1403 2049 1495 2074; x_wconf 91' lang='lat' dir='ltr'>cum</span> <span class='ocrx_word' id='word_1_244' title='bbox 1512 2036 1565 2073; x_wconf 90' lang='lat' dir='ltr'>D.</span> <span class='ocrx_word' id='word_1_245' title='bbox 1584 2036 1740 2080; x_wconf 88' lang='lat' dir='ltr'>Brutus,</span> 
     </span>
     <span class='ocr_line' id='line_1_29' title="bbox 351 2102 1742 2157; baseline -0.004 -13"><span class='ocrx_word' id='word_1_246' title='bbox 351 2120 443 2145; x_wconf 90' lang='lat' dir='ltr'>cum</span> <span class='ocrx_word' id='word_1_247' title='bbox 463 2105 528 2143; x_wconf 86' lang='lat' dir='ltr'>hic</span> <span class='ocrx_word' id='word_1_248' title='bbox 549 2104 626 2157; x_wconf 85' lang='lat' dir='ltr'>ipsc</span> <span class='ocrx_word' id='word_1_249' title='bbox 648 2106 691 2142; x_wconf 86' lang='lat' dir='ltr'>P.</span> <span class='ocrx_word' id='word_1_250' title='bbox 722 2103 916 2148; x_wconf 85' lang='lat' dir='ltr'>Servilius,</span> <span class='ocrx_word' id='word_1_251' title='bbox 948 2117 1026 2156; x_wconf 88' lang='lat' dir='ltr'>quo</span> <span class='ocrx_word' id='word_1_252' title='bbox 1053 2112 1094 2141; x_wconf 86' lang='lat' dir='ltr'>tu</span> <span class='ocrx_word' id='word_1_253' title='bbox 1124 2104 1365 2156; x_wconf 85' lang='lat' dir='ltr'>imperatore,</span> <span class='ocrx_word' id='word_1_254' title='bbox 1397 2102 1579 2146; x_wconf 87' lang='lat' dir='ltr'>Labiene,</span> <span class='ocrx_word' id='word_1_255' title='bbox 1612 2115 1742 2139; x_wconf 88' lang='lat' dir='ltr'>meru-</span> 
     </span>
     <span class='ocr_line' id='line_1_30' title="bbox 351 2167 1742 2222; baseline -0.005 -10"><span class='ocrx_word' id='word_1_256' title='bbox 351 2173 434 2212; x_wconf 87' lang='lat' dir='ltr'>isti:</span> <span class='ocrx_word' id='word_1_257' title='bbox 466 2186 559 2211; x_wconf 89' lang='lat' dir='ltr'>cum</span> <span class='ocrx_word' id='word_1_258' title='bbox 580 2170 644 2209; x_wconf 83' lang='lat' dir='ltr'>hic</span> <span class='ocrx_word' id='word_1_259' title='bbox 666 2170 918 2222; x_wconf 76' lang='lat' dir='ltr'>QCatulus,</span> <span class='ocrx_word' id='word_1_260' title='bbox 950 2170 1161 2208; x_wconf 83' lang='lat' dir='ltr'>admodum</span> <span class='ocrx_word' id='word_1_261' title='bbox 1191 2179 1276 2208; x_wconf 91' lang='lat' dir='ltr'>tum</span> <span class='ocrx_word' id='word_1_262' title='bbox 1303 2168 1530 2213; x_wconf 87' lang='lat' dir='ltr'>adolescens,</span> <span class='ocrx_word' id='word_1_263' title='bbox 1561 2181 1653 2206; x_wconf 91' lang='lat' dir='ltr'>cum</span> <span class='ocrx_word' id='word_1_264' title='bbox 1676 2167 1742 2206; x_wconf 89' lang='lat' dir='ltr'>hic</span> 
     </span>
     <span class='ocr_line' id='line_1_31' title="bbox 352 2234 1741 2289; baseline -0.004 -11"><span class='ocrx_word' id='word_1_265' title='bbox 352 2240 399 2278; x_wconf 90' lang='lat' dir='ltr'>C.</span> <span class='ocrx_word' id='word_1_266' title='bbox 424 2239 558 2284; x_wconf 88' lang='lat' dir='ltr'>Curio,</span> <span class='ocrx_word' id='word_1_267' title='bbox 589 2251 681 2275; x_wconf 86' lang='lat' dir='ltr'>cum</span> <span class='ocrx_word' id='word_1_268' title='bbox 703 2237 868 2289; x_wconf 83' lang='lat' dir='ltr'>denique</span> <span class='ocrx_word' id='word_1_269' title='bbox 887 2249 1022 2274; x_wconf 88' lang='lat' dir='ltr'>omnes</span> <span class='ocrx_word' id='word_1_270' title='bbox 1044 2236 1238 2274; x_wconf 84' lang='lat' dir='ltr'>clariflimi</span> <span class='ocrx_word' id='word_1_271' title='bbox 1268 2235 1354 2280; x_wconf 87' lang='lat' dir='ltr'>viri,</span> <span class='ocrx_word' id='word_1_272' title='bbox 1386 2249 1479 2272; x_wconf 89' lang='lat' dir='ltr'>cum</span> <span class='ocrx_word' id='word_1_273' title='bbox 1507 2234 1741 2272; x_wconf 83' lang='lat' dir='ltr'>Consulibus</span> 
     </span>
     <span class='ocr_line' id='line_1_32' title="bbox 351 2302 1741 2358; baseline -0.004 -14"><span class='ocrx_word' id='word_1_274' title='bbox 351 2306 492 2344; x_wconf 87' lang='lat' dir='ltr'>essent:</span> <span class='ocrx_word' id='word_1_275' title='bbox 538 2305 631 2358; x_wconf 91' lang='lat' dir='ltr'>quid</span> <span class='ocrx_word' id='word_1_276' title='bbox 667 2304 821 2342; x_wconf 86' lang='lat' dir='ltr'>tandem</span> <span class='ocrx_word' id='word_1_277' title='bbox 858 2306 905 2341; x_wconf 85' lang='lat' dir='ltr'><strong>C.</strong></span> <span class='ocrx_word' id='word_1_278' title='bbox 945 2303 1149 2340; x_wconf 85' lang='lat' dir='ltr'>Rabirium</span> <span class='ocrx_word' id='word_1_279' title='bbox 1185 2302 1307 2340; x_wconf 82' lang='lat' dir='ltr'>facere</span> <span class='ocrx_word' id='word_1_280' title='bbox 1342 2302 1552 2340; x_wconf 88' lang='lat' dir='ltr'>convenit?</span> <span class='ocrx_word' id='word_1_281' title='bbox 1593 2302 1741 2339; x_wconf 89' lang='lat' dir='ltr'>Utrum</span> 
     </span>
     <span class='ocr_line' id='line_1_33' title="bbox 352 2366 1741 2423; baseline -0.004 -14"><span class='ocrx_word' id='word_1_282' title='bbox 352 2371 543 2409; x_wconf 88' lang='lat' dir='ltr'>inclusum</span> <span class='ocrx_word' id='word_1_283' title='bbox 564 2380 677 2423; x_wconf 86' lang='lat' dir='ltr'>atque</span> <span class='ocrx_word' id='word_1_284' title='bbox 697 2369 875 2407; x_wconf 88' lang='lat' dir='ltr'>abditum</span> <span class='ocrx_word' id='word_1_285' title='bbox 896 2369 1009 2406; x_wconf 83' lang='lat' dir='ltr'>latere</span> <span class='ocrx_word' id='word_1_286' title='bbox 1030 2369 1070 2406; x_wconf 92' lang='lat' dir='ltr'>in</span> <span class='ocrx_word' id='word_1_287' title='bbox 1090 2369 1259 2412; x_wconf 90' lang='lat' dir='ltr'>occulto,</span> <span class='ocrx_word' id='word_1_288' title='bbox 1291 2378 1404 2420; x_wconf 84' lang='lat' dir='ltr'>atque</span> <span class='ocrx_word' id='word_1_289' title='bbox 1424 2367 1614 2420; x_wconf 89' lang='lat' dir='ltr'>ignaviam</span> <span class='ocrx_word' id='word_1_290' title='bbox 1636 2366 1741 2404; x_wconf 88' lang='lat' dir='ltr'>suam</span> 
     </span>
     <span class='ocr_line' id='line_1_34' title="bbox 352 2433 1740 2490; baseline -0.004 -15"><span class='ocrx_word' id='word_1_291' title='bbox 352 2439 594 2476; x_wconf 89' lang='lat' dir='ltr'>tenebrarum</span> <span class='ocrx_word' id='word_1_292' title='bbox 628 2450 670 2474; x_wconf 87' lang='lat' dir='ltr'>ac</span> <span class='ocrx_word' id='word_1_293' title='bbox 705 2437 895 2490; x_wconf 84' lang='lat' dir='ltr'>parietum</span> <span class='ocrx_word' id='word_1_294' title='bbox 928 2436 1108 2473; x_wconf 85' lang='lat' dir='ltr'>custodiis</span> <span class='ocrx_word' id='word_1_295' title='bbox 1144 2444 1295 2487; x_wconf 82' lang='lat' dir='ltr'>tegere;</span> <span class='ocrx_word' id='word_1_296' title='bbox 1339 2449 1385 2473; x_wconf 87' lang='lat' dir='ltr'>an</span> <span class='ocrx_word' id='word_1_297' title='bbox 1420 2435 1459 2472; x_wconf 89' lang='lat' dir='ltr'>in</span> <span class='ocrx_word' id='word_1_298' title='bbox 1499 2433 1740 2486; x_wconf 88' lang='lat' dir='ltr'>Capitolium</span> 
     </span>
     <span class='ocr_line' id='line_1_35' title="bbox 351 2500 1739 2558; baseline -0.005 -16"><span class='ocrx_word' id='word_1_299' title='bbox 351 2517 518 2558; x_wconf 83' lang='lat' dir='ltr'>pergere,</span> <span class='ocrx_word' id='word_1_300' title='bbox 546 2513 658 2555; x_wconf 84' lang='lat' dir='ltr'>atque</span> <span class='ocrx_word' id='word_1_301' title='bbox 689 2504 744 2542; x_wconf 88' lang='lat' dir='ltr'>ibi</span> <span class='ocrx_word' id='word_1_302' title='bbox 776 2503 810 2541; x_wconf 91' lang='lat' dir='ltr'>se</span> <span class='ocrx_word' id='word_1_303' title='bbox 840 2517 931 2541; x_wconf 91' lang='lat' dir='ltr'>cum</span> <span class='ocrx_word' id='word_1_304' title='bbox 964 2511 1032 2541; x_wconf 89' lang='lat' dir='ltr'>tuo</span> <span class='ocrx_word' id='word_1_305' title='bbox 1063 2510 1213 2555; x_wconf 87' lang='lat' dir='ltr'>patruo,</span> <span class='ocrx_word' id='word_1_306' title='bbox 1245 2511 1283 2540; x_wconf 89' lang='lat' dir='ltr'>et</span> <span class='ocrx_word' id='word_1_307' title='bbox 1309 2501 1468 2545; x_wconf 78' lang='lat' dir='ltr'>caeteris,</span> <span class='ocrx_word' id='word_1_308' title='bbox 1499 2500 1543 2537; x_wconf 85' lang='lat' dir='ltr'>ad</span> <span class='ocrx_word' id='word_1_309' title='bbox 1571 2508 1739 2537; x_wconf 83' lang='lat' dir='ltr'>mortem</span> 
     </span>
    </p>
   </div>
  </div>
 </body>
</html>
