2212 2835
621 125 760 163 PRo
822 125 928 165 CN.
988 125 1346 166 PLANCIO.

286 223 418 262 Nostis
448 232 609 262 caetera:

454 291 540 328 IVon
561 299 596 328 te
615 288 655 327 id
669 288 762 342 quod
777 289 884 328 multi
899 290 1087 329 zhvideant
1102 316 1156 324 —

287 356 385 408 Qae
417 355 561 410 scripfit
591 356 714 408 gravis
745 356 811 393 ille
842 365 880 394 et
911 356 1128 410 ingeniosus
1160 367 1298 411 poeta:
1332 359 1490 413 scripsit,
1534 374 1611 399 non
1643 371 1687 399 ut

287 422 375 460 illos
395 423 517 474 regios
539 436 696 475 pueros,
729 423 797 474 qui
811 423 894 474 jam
915 422 1105 475 nusquam
1125 433 1245 469 erant,
1277 425 1340 462 sed
1364 435 1406 463 ut
1426 440 1509 472 nos,
1541 438 1579 466 et
1600 428 1687 466 nos-

287 498 364 527 tros
385 489 540 535 liberos,
572 489 618 527 ad
638 489 810 526 laborem
831 498 870 527 et
889 489 1043 527 laudem
1063 491 1259 529 excitaret.
1294 492 1460 542 Qaeris,
1492 495 1587 545 quid
1615 509 1690 546 po-

286 555 402 592 tuerit
432 555 598 607 amplius
630 553 771 606 affequi
803 554 997 599 Plancius,
1029 554 1054 592 fi
1088 555 1164 593 Cn.
1188 556 1378 608 Scipionis
1410 556 1537 595 fuiffet
1569 559 1688 598 filius.

286 621 416 672 Magis
437 620 555 658 aedilis
576 620 659 658 fieri
681 634 758 658 non
778 620 958 673 potuiffet
973 639 986 665 5
1018 619 1080 658 sed
1101 619 1175 659 hoc
1196 622 1364 674 praestare
1382 652 1392 667 ,
1425 624 1529 675 quod
1555 625 1589 662 ei
1611 626 1690 663 mi-

288 701 359 726 nus
381 687 627 725 invideretur.
660 687 821 725 Etenim
841 686 1035 726 honorum
1057 688 1195 740 gradus
1216 688 1378 728 summis
1400 689 1630 730 hominibus
1652 703 1692 731 et

240 799 244 803 ¹
288 753 436 792 infimis
459 753 546 792 sunt
566 767 699 807 pares;
732 755 864 806 gloriae
883 754 1060 807 dispares.

333 821 466 859 XXV.
491 821 590 872 Qis
608 820 781 858 nostrum
802 819 837 858 se
853 821 950 858 dicit
970 821 1199 868 M'.Curio,
1218 824 1304 876 quis
1327 824 1578 872 C.Fabricio‚
1601 827 1688 879 quis

289 888 334 926 P.
358 886 532 932 Duellio,
565 899 692 940 parem
713 887 725 923 ?
758 887 844 939 quis
874 887 1000 925 Atilio
1021 888 1228 927 Calatino?
1261 890 1347 942 quis
1370 892 1444 929 Cn.
1469 901 1507 930 et
1535 893 1579 930 P.
1604 893 1688 930 Sci-

288 954 505 1007 pionibus?
537 954 623 1006 quis
648 952 848 998 Africano,
880 954 1086 1000 Marcello,
1119 956 1331 995 Maximo?
1364 958 1516 996 Tamen
1537 959 1692 997 cosdem

288 1019 420 1058 sumus
440 1018 636 1058 honorum
656 1019 814 1072 gradu8‚
846 1033 944 1072 quos
964 1021 1044 1065 illi,
1074 1020 1241 1060 assecuti.
1274 1023 1341 1060 Est
1361 1024 1466 1062 enim
1487 1024 1527 1062 in
1549 1025 1695 1062 virtute.

290 1087 427 1125 multis
448 1085 646 1131 ascensus;
678 1096 722 1124 ut
741 1086 773 1124 is
793 1086 915 1139 gloria
935 1087 1106 1126 maxime
1126 1088 1313 1134 excellat,
1345 1091 1414 1142 qui
1435 1091 1576 1128 virtute
1598 1091 1690 1143 plu-

289 1153 436 1191 rimum
456 1152 616 1206 praestet.
639 1153 851 1191 Honorum
871 1153 1005 1206 populi
1026 1153 1114 1192 finis
1134 1154 1186 1192 est
1206 1153 1443 1200 consulatus;
1464 1171 1581 1209 quem
1603 1171 1688 1195 ma-

289 1219 490 1272 gistratum
504 1221 588 1272 jam
608 1220 820 1272 octingenti
841 1219 919 1257 fere
939 1219 1135 1258 consecuti
1155 1221 1242 1259 sunt
1260 1236 1268 1260 :
1295 1221 1450 1267 horum,
1473 1223 1500 1260 fi
1521 1224 1689 1276 diligen-

291 1296 349 1324 ter
378 1299 536 1338 quaeras,
568 1285 633 1323 vix
664 1285 856 1324 decimam
886 1294 1035 1338 partem
1067 1287 1228 1338 reperias
1260 1287 1381 1339 gloria
1413 1289 1586 1341 dignam.
1619 1289 1692 1327 Sed

288 1365 407 1391 nemo
427 1365 601 1405 unquam
622 1351 672 1390 fic
692 1352 771 1404 egit
785 1381 796 1397 ,
829 1361 872 1390 ut
893 1360 963 1390 tu:
997 1352 1078 1390 Cur
1097 1351 1164 1390 iste
1185 1352 1230 1390 fit
1249 1352 1382 1391 consul
1402 1355 1414 1391 ?
1447 1355 1541 1406 quid
1562 1356 1692 1408 potuit

288 1419 474 1473 amplius,
503 1419 531 1458 fi
562 1420 611 1458 L.
635 1419 777 1458 Brutus
809 1418 911 1464 effer,
943 1419 1012 1470 qui
1042 1419 1241 1457 civitatem
1273 1420 1475 1459 dominatu
1505 1423 1610 1474 regio
1638 1423 1690 1459 li-

288 1486 463 1524 beravit?
485 1487 649 1524 Honore
669 1484 770 1523 nihil
790 1485 972 1537 amplius,
995 1484 1109 1522 laude
1128 1485 1315 1523 multum.
1349 1487 1410 1525 Sic
1431 1488 1551 1540 igitur
1572 1489 1692 1527 Plan-

287 1551 370 1590 cius
392 1550 651 1589 nihilominus
672 1550 835 1602 quaestor
855 1550 907 1588 est
928 1549 1069 1594 fastus,
1101 1559 1141 1588 et
1159 1550 1337 1589 tribunus
1359 1552 1503 1603 plebis,
1535 1563 1572 1591 et
1596 1555 1690 1592 aedi-

290 1618 336 1656 lis
353 1646 365 1662 ,
396 1630 514 1669 quam
534 1616 560 1654 fi
581 1616 669 1654 effet
688 1616 843 1655 summo
863 1616 952 1655 loco
973 1625 1082 1654 natus
1104 1631 1112 1654 :
1145 1616 1207 1655 sed
1227 1616 1307 1655 haec
1326 1646 1336 1662 ‚
1369 1620 1448 1670 pari
1471 1620 1558 1657 loco
1584 1621 1657 1658 orti
1676 1649 1687 1666 ,

291 1683 377 1722 sunt
396 1683 699 1721 innumerabiles
721 1683 785 1721 alii
805 1683 1014 1722 consecuti.

344 1748 496 1788 Profers
520 1749 740 1802 triumphos
761 1750 857 1788 Tib.
882 1749 1052 1788 Gracchi
1072 1759 1112 1788 et
1131 1751 1179 1788 C.
1196 1751 1339 1796 Marii;
1363 1762 1401 1789 et
1420 1754 1570 1804 qua-ris,
1594 1753 1689 1804 quid

290 1816 413 1854 simile
435 1815 475 1853 in
497 1815 668 1854 Plancio.
702 1815 818 1868 Qafi
840 1829 928 1853 vero
948 1816 1022 1861 isti,
1055 1830 1150 1868 quos
1173 1830 1468 1863 commemoras,
1492 1828 1692 1871 propterca„

290 1883 412 1934 magis
444 1883 556 1919 laude
586 1881 732 1920 fuerint
762 1882 890 1935 digni,
922 1883 1028 1935 quod
1060 1883 1369 1936 triumpharunt,
1401 1894 1438 1922 et
1472 1899 1568 1929 non,
1601 1886 1692 1936 quia

292 1947 484 1985 commisfi
505 1947 592 1985 sunt
612 1948 657 1985 iis
679 1948 933 2000 magistratus,
952 1949 992 1986 in
1014 1949 1154 2001 quibus
1179 1963 1215 1987 re
1236 1950 1332 1987 bene
1352 1951 1452 2002 gesta
1470 1950 1690 2003 triumplia-

292 2023 388 2050 rent.
422 2013 564 2066 Rogas,
597 2027 681 2065 quae
701 2014 817 2052 castra
836 2015 997 2052 viderit:
1030 2015 1098 2067 qui
1119 2025 1156 2053 et
1178 2016 1289 2053 miles
1311 2017 1349 2054 in
1373 2018 1500 2060 Creta,
1525 2016 1690 2054 Metello

294 2079 368 2117 hoc
401 2080 644 2132 imperatore,
675 2089 713 2117 et
744 2081 921 2118 tribunus
953 2082 993 2119 in
1026 2082 1258 2120 R‘Iacedonia
1289 2083 1462 2120 militum
1494 2082 1622 2125 fucrit,
1653 2092 1691 2119 et

293 2144 453 2197 quaestor
475 2155 627 2183 tantum
648 2159 693 2183 ex
716 2159 754 2182 re
774 2146 933 2184 militari
954 2147 1160 2186 detraxerit
1183 2148 1367 2200 temporis
1388 2177 1398 2192 ‚
1430 2158 1619 2200 quantum
1651 2148 1690 2183 in

294 2224 355 2249 me
377 2210 671 2249 custodiendum
694 2210 895 2249 transferre
917 2213 1108 2251 maluerit.

352 2277 518 2327 Qec-ris,
550 2291 644 2314 num
681 2277 838 2315 disertus
858 2279 871 2314 ?
908 2279 1052 2323 Immo,
1089 2279 1128 2316 id
1163 2279 1267 2331 quod
1304 2279 1511 2316 secundum
1546 2277 1611 2321 est,
1645 2291 1690 2314 ne

297 2343 366 2380 fibi
387 2342 545 2394 quidem
566 2342 728 2380 videtur.
761 2343 872 2381 Num
889 2344 1184 2395 jurisconsultus
1204 2344 1216 2380 ?
1249 2345 1363 2395 Qafi
1392 2344 1593 2395 quisquam
1616 2343 1658 2379 sit
1679 2372 1688 2385 ,

291 2409 359 2461 qui
391 2408 458 2446 fibi
488 2407 592 2447 hunc
625 2408 762 2447 salsum
793 2410 948 2462 dejure
980 2410 1208 2463 respondisse
1240 2411 1354 2448 dicat.
1399 2412 1548 2448 Omnes
1581 2409 1687 2446 enim
