2212 2835
591 181 681 220 DE
739 181 935 220 LEGE
989 182 1347 222 AGRARIA.
1608 196 1677 235 141

288 288 326 318 et
360 279 471 318 Rulli
506 279 710 324 fimilibus,
742 280 947 332 conquifiti
981 289 1095 332 atque
1128 281 1239 318 electi
1273 281 1417 326 coloni,
1455 282 1610 334 Capuae,
1642 282 1684 320 iu

288 346 490 384 domicilio
524 346 721 398 superbiae,
754 354 867 397 atque
899 346 940 383 in
974 346 1125 384 sedibus
1160 346 1336 391 luxuriae,
1373 347 1567 392 collocati,
1604 361 1682 386 non

287 411 416 450 statim
441 411 692 463 conquisituri
722 411 795 448 fint
826 411 974 462 aliquid
1004 410 1152 449 sceleris
1183 420 1221 448 et
1252 412 1401 464 flagitii.
1435 414 1565 451 Immo
1595 427 1683 451 vero

288 478 404 515 etiarn
426 477 501 515 hoc
521 477 658 528 magis,
689 490 808 528 quam
829 476 887 514 illi
905 486 1048 514 veteres
1068 477 1320 529 germanique
1341 479 1545 531 Campani,
1577 481 1683 531 quod

289 543 329 580 in
356 551 480 580 vetere
507 541 662 580 fortuna
689 541 774 579 illos
802 551 924 586 natos,
955 550 992 579 et
1017 542 1212 586 educatos,
1244 543 1375 581 nimiae
1403 552 1532 582 tamen
1555 558 1682 582 rerum

288 608 468 646 omnium
489 608 609 660 copiae
629 607 912 660 depravabant;
944 606 1001 653 hi,
1032 621 1079 646 ex
1101 607 1252 646 summa
1271 609 1432 661 egestate
1453 610 1493 647 in
1521 610 1684 648 eandem

288 687 416 712 rerum
450 673 725 711 abundantiam
757 673 934 718 traducti,
972 687 1050 712 non
1081 673 1207 712 solum
1238 675 1362 727 copia,
1399 676 1683 713 verumetiam

288 737 502 783 insolentia,
532 739 910 777 commovebuntur„

343 805 538 843 XXXVI.
571 806 669 843 Haec
690 814 746 849 tn,
770 805 814 843 P.
838 805 971 850 Rulle,
994 805 1057 844 M.
1081 806 1191 844 Bruti
1209 806 1357 845 sceleris
1375 807 1542 859 vestigia,
1565 821 1683 859 quam

288 879 544 909 monumenta
573 871 764 922 majorum
796 869 1001 923 sapientire,
1032 870 1140 923 sequi
1171 872 1366 910 maluisti:
1401 871 1482 910 haec
1516 882 1558 910 tu
1590 886 1683 910 cum

290 935 368 973 istis
389 936 466 973 tuis
487 936 705 973 aufioribus
725 936 961 988 excogitasti,
984 945 1027 973 ut
1046 945 1171 974 vetera
1186 937 1384 989 vectigalia
1399 938 1624 982 venderetis‚
1646 949 1684 976 et

290 1001 492 1054 expleretis
513 1014 623 1039 nova.
655 1001 758 1038 Urbi
787 1002 960 1053 Capuam
987 1002 1032 1039 ad
1052 1011 1245 1040 certamen
1265 1004 1463 1054 dignitatis
1489 1017 1685 1057 opponere

289 1068 360 1113 vis,
401 1077 443 1106 ut
482 1068 550 1106 sub
589 1067 755 1106 vestrum
787 1069 866 1119 ju3‚
900 1068 1224 1120 jurisdictionem,
1272 1070 1512 1122 potestatem,
1554 1071 1681 1115 urbes,

289 1135 474 1179 nationes,
505 1135 733 1187 provincias,
765 1134 905 1172 liberos
936 1135 1115 1187 populos,
1147 1148 1266 1187 regeS‚
1298 1145 1482 1174 terrarum
1517 1137 1686 1189 denique

289 1200 440 1245 orbem,
471 1199 749 1252 subjungeretis
768 1214 776 1236 :
801 1209 857 1244 ut,
879 1213 971 1238 cum
993 1214 1151 1239 omnem
1172 1201 1377 1253 pecuniam
1397 1215 1444 1240 ex
1464 1203 1592 1240 aerario
1612 1216 1682 1240 ex-

288 1265 509 1310 haufiffetis,
530 1279 577 1303 ex
595 1266 841 1318 vectigalibus
860 1265 1103 1318 redegissetis,
1125 1267 1172 1305 ab
1193 1267 1376 1305 omnibus
1398 1269 1565 1320 regibus,
1586 1282 1683 1320 gen-

290 1332 409 1376 tibus,
446 1332 744 1385 imperatoribus
776 1332 1001 1385 coegiffetis‚
1037 1341 1166 1371 tamen
1197 1347 1331 1372 omnes
1363 1334 1470 1372 vobis
1501 1335 1684 1387 pecunias

289 1397 336 1436 ad
356 1407 498 1437 nutum
519 1398 685 1436 vestrum
704 1398 942 1451 penderent:
975 1407 1018 1437 ut
1038 1399 1158 1437 iidem
1177 1400 1319 1453 partim
1343 1400 1548 1439 invidiosos
1576 1395 1684 1453 agros

289 1478 310 1502 a
340 1465 500 1516 Syllanis
531 1464 808 1517 poffefforibus,
839 1465 981 1518 partIm
1013 1465 1176 1504 desertos
1204 1480 1247 1504 ac
1272 1466 1488 1519 pestilentes
1514 1481 1535 1505 a
1554 1468 1684 1505 vestris

288 1531 514 1575 necessariis,
554 1544 575 1568 a
611 1530 906 1582 vobismetipsis,
944 1540 1110 1583 emptos,
1150 1533 1284 1583 quanti
1329 1533 1491 1577 velletis,
1538 1533 1685 1586 populo

290 1597 472 1634 Romano
506 1596 765 1635 induceretis:
804 1606 847 1635 ut
881 1598 1014 1635 omnia
1045 1598 1260 1650 municipia
1293 1598 1535 1651 coloniasque
1566 1600 1686 1638 Italiae

291 1663 399 1700 novis
420 1662 567 1700 colonis
588 1662 826 1715 occuparetis
846 1677 854 1701 :
887 1672 931 1701 ut
951 1663 1247 1716 quibuscunque
1267 1665 1308 1702 in
1329 1665 1423 1702 locis
1445 1665 1553 1703 vobis
1575 1665 1684 1703 vide-

292 1738 408 1774 retur,
439 1742 481 1768 ac
502 1742 619 1781 quarn
640 1729 776 1766 multis
798 1729 1003 1774 videretur,
1036 1730 1206 1768 colonias
1233 1731 1469 1769 collocaretis
1489 1746 1497 1769 :
1531 1741 1573 1769 ut
1593 1745 1688 1769 om-

289 1809 380 1833 nem
401 1795 684 1848 rempublicam
704 1794 831 1832 vestris
854 1795 1060 1840 militibus,
1089 1796 1217 1834 vestris
1239 1797 1413 1841 urbibus,
1436 1797 1564 1834 vestris
1584 1811 1683 1849 prae·

291 1861 406 1906 fidiis,
447 1861 665 1914 cingeretis,
705 1870 821 1912 atque
859 1861 1069 1913 oppressam
1110 1863 1315 1900 teneretis:
1358 1871 1401 1900 ut
1439 1862 1563 1914 ipsum
1605 1864 1681 1902 Cn.

292 1928 540 1980 Pompeium,
572 1928 682 1979 cujus
708 1927 879 1979 praefidio
907 1927 1102 1980 saepiffime
1130 1928 1296 1981 populus
1324 1929 1524 1967 Romanus
1552 1938 1689 1967 contra

291 1994 495 2032 acerrimos
522 1993 661 2038 hostes,
693 2002 731 2031 et
758 2003 890 2031 contra
916 1994 1217 2047 improbiffimos
1246 1995 1362 2039 cives,
1393 1995 1513 2033 victor
1539 1996 1685 2040 extitit,

292 2058 536 2111 proscribere,
568 2069 682 2112 atque
709 2058 850 2097 horum
878 2060 1082 2112 conspectu
1112 2061 1271 2113 privare,
1303 2060 1481 2113 possetis:
1513 2071 1556 2098 ut
1585 2060 1685 2099 nihil

293 2139 384 2162 auro
397 2135 433 2164 et
451 2137 607 2178 argento
627 2127 776 2171 violari,
798 2125 897 2163 nihil
919 2140 1081 2165 numero
1099 2137 1138 2164 et
1159 2126 1345 2180 suffragiis
1367 2128 1561 2172 declarari,
1584 2126 1684 2165 nihil

292 2191 388 2229 elata
421 2205 538 2229 manu
572 2192 771 2244 perfringi,
807 2191 939 2244 pollet,
977 2193 1084 2244 quod
1115 2206 1192 2230 non
1223 2206 1290 2231 vos
1321 2193 1538 2245 oppressum
1570 2203 1685 2243 atque

293 2265 470 2309 ereptum
499 2258 699 2296 teneretis:
733 2267 775 2295 ut
807 2258 1014 2296 volitaretis
1036 2259 1179 2296 interea
1200 2272 1265 2310 per
1294 2267 1442 2310 gentes,
1473 2272 1540 2310 per
1569 2271 1684 2308 regna

293 2323 437 2366 omnia,
470 2335 562 2359 curn
591 2323 755 2375 irnperio
781 2323 948 2368 summo,
979 2337 1071 2361 cum
1086 2324 1238 2376 judicio
1264 2324 1432 2368 infinito,
1463 2337 1554 2361 curn
1575 2322 1683 2359 omni

293 2388 479 2442 pecunia:
505 2397 546 2425 ut
567 2389 744 2426 veniretis
764 2390 804 2426 in
824 2389 940 2427 castra
961 2391 1036 2428 Cn.
1061 2391 1252 2442 Pompeii,
1276 2400 1387 2440 atque
1408 2388 1486 2440 ipsa
1506 2388 1633 2431 castra,
1657 2387 1682 2425 fi

293 2455 549 2494 commodum
586 2454 694 2492 vobis
734 2455 835 2499 effer,
885 2456 1123 2494 venderetis:
1176 2465 1217 2494 ut
1256 2456 1399 2493 interea
1444 2453 1681 2506 magistratus
