2212 2835
424 236 499 290 236
926 229 1325 270 ORAT1o

422 336 510 375 effet
535 334 695 380 factum,
726 332 846 387 magis
875 331 1096 371 mirandum
1123 331 1326 369 videretur.
1357 328 1480 382 Qud,
1511 328 1537 368 fi
1565 328 1681 368 etiam
1706 328 1804 367 illud

421 402 572 447 addam,
603 400 708 453 quod
728 413 748 438 a
767 399 1040 438 consuetudine
1059 411 1138 436 non
1158 396 1348 442 abhorret,
1370 405 1519 449 rogatos
1539 395 1610 434 effe
1629 395 1772 433 multos
1789 395 1801 431 ?

421 482 518 507 num
537 476 601 505 aut
620 465 869 505 criminosum
895 465 953 509 fit,
984 473 1049 502 aut
1076 462 1312 508 mirandum,
1342 475 1418 515 qua
1442 462 1483 500 in
1511 461 1664 500 civitate
1683 459 1804 512 rogati

421 533 645 572 infimorum
667 530 876 570 hominum
896 530 995 568 filios
1015 542 1134 582 prope
1161 528 1207 566 de
1232 530 1342 567 nocte
1369 541 1416 566 ex
1440 527 1578 566 ultima
1597 526 1690 579 saepe
1710 526 1804 563 urbe

420 600 629 638 deductum
649 599 776 637 venire
796 596 995 642 soleamus,
1015 597 1057 634 in
1075 609 1117 633 ea
1136 609 1214 633 non
1234 594 1304 633 effe
1324 603 1494 648 gravatos
1513 593 1691 632 homines
1712 605 1802 645 pro-

420 665 500 703 dire
526 664 620 703 hora
645 665 754 702 tertia
781 664 820 701 in
847 676 1033 715 campum
1058 662 1264 706 Martium,
1295 660 1501 714 praesertim
1527 660 1612 698 talis
1639 659 1711 696 viri
1730 671 1802 695 no-

420 732 525 769 mine
551 740 700 783 rogatos
721 730 733 766 ?
766 729 888 779 Qid,
919 730 944 765 s1
969 740 1102 765 omnes
1129 727 1321 764 societates
1341 735 1542 770 venerunt,
1573 738 1736 778 quarum
1758 736 1805 761 ex

420 810 581 834 numero
602 795 717 832 multi
737 793 801 832 hic
820 792 948 830 sedent
963 792 1139 845 judices?
1162 791 1284 843 Qid,
1305 791 1332 828 fi
1352 790 1468 829 multi
1487 790 1665 829 homines
1687 789 1803 828 nostri

419 862 578 906 ordinis,
608 857 881 898 honestiffimi?
912 858 1036 908 Quid,
1067 857 1093 895 s1
1112 857 1179 895 illa
1197 856 1477 900 officiofiffima,
1499 868 1584 907 quae
1604 855 1803 893 neminem

419 928 561 982 patitur
581 941 658 964 non
678 925 833 964 honeste
853 925 892 962 in
914 924 1050 962 urbem
1071 923 1241 967 introire,
1259 931 1338 960 tota
1356 922 1460 960 natio
1480 921 1770 959 candidatorum
1789 921 1802 956 ?

419 994 444 1032 fi
477 994 641 1045 denique
672 992 748 1044 ipse
779 990 970 1028 accusator
1001 989 1124 1027 noster
1155 988 1372 1027 Postumius
1403 988 1558 1026 obviam
1589 1000 1681 1025 cum
1709 986 1806 1024 bene

418 1072 557 1111 magna
576 1067 721 1095 caterva
742 1056 804 1094 sua
824 1056 954 1094 venit:
987 1055 1081 1107 quid
1108 1054 1224 1093 habet
1249 1055 1315 1092 ista
1342 1053 1554 1092 multitudo
1580 1052 1803 1091 admiratio*

417 1126 501 1165 nis?
521 1125 677 1162 Omitto
692 1124 865 1168 clientes,
884 1123 1043 1166 vicinos,
1062 1122 1236 1166 tribules,
1256 1121 1469 1159 exercitum
1486 1129 1613 1158 totum
1630 1119 1804 1164 Luculli,

418 1193 487 1246 qui
507 1192 552 1230 ad
573 1189 817 1243 triumphum
839 1202 904 1241 per
923 1202 985 1228 eos
1006 1188 1085 1226 dies
1106 1196 1268 1226 venerat.
1301 1188 1392 1225 Hoc
1416 1187 1517 1231 dico,
1547 1186 1805 1238 frequentiam

416 1259 457 1297 in
477 1258 547 1296 isto
567 1257 696 1295 officio
715 1255 921 1308 gratuitam
943 1268 1020 1292 non
1041 1254 1159 1293 modo
1179 1253 1356 1305 dignitati
1377 1253 1493 1290 ullius
1521 1266 1708 1304 unquam,
1739 1251 1801 1289 sed

418 1337 467 1362 ne
498 1322 688 1361 voluntati
721 1321 894 1373 quidem,
934 1318 1104 1358 defuisse.
1146 1320 1201 1358 At
1234 1318 1469 1356 sectabantur
1507 1317 1636 1356 multi.
1676 1317 1801 1360 Doce,

416 1389 620 1433 mercede;
654 1388 864 1426 concedam
895 1385 965 1425 effe
998 1386 1174 1425 crimen:
1210 1383 1286 1424 hoc
1318 1384 1477 1437 quidem
1512 1392 1675 1429 remoto,
1706 1382 1803 1436 quid

418 1453 661 1509 reprehendis
680 1454 693 1491 ?

473 1521 666 1560 XXXIV.
699 1519 807 1572 Qid
833 1532 928 1572 opus
955 1518 1020 1563 est,
1051 1518 1193 1570 inquit,
1225 1517 1500 1556 sectatoribus?
1532 1519 1569 1555 A
1597 1529 1659 1554 me
1688 1524 1730 1553 tu
1762 1501 1802 1553 i'd

419 1587 568 1640 quaeris‚
586 1585 681 1639 quid
700 1598 795 1638 opus
816 1584 861 1623 fit
880 1598 939 1629 eo,
956 1597 1034 1637 quo
1050 1583 1196 1635 semper
1212 1583 1265 1621 us1
1282 1582 1436 1620 sumus?
1459 1582 1654 1621 Homines
1671 1589 1803 1619 tenues

419 1667 541 1692 unum
561 1651 704 1690 habent
722 1652 762 1690 in
783 1651 954 1689 nostrum
974 1650 1148 1688 ordinem
1165 1658 1230 1686 aut
1245 1650 1487 1701 promerendi
1502 1657 1565 1687 aut
1587 1646 1803 1700 proferendi

418 1719 594 1757 beneficii
613 1719 758 1762 locum,
789 1716 887 1756 hanc
908 1716 948 1755 in
969 1715 1103 1754 nostris
1122 1715 1376 1767 petitionibus
1404 1727 1572 1766 operam,
1604 1722 1717 1764 atque
1744 1711 1800 1749 as-

419 1785 676 1823 sectationem.
706 1784 847 1835 Neque
867 1782 973 1820 enim
998 1780 1080 1819 fieri
1106 1779 1241 1832 potest,
1272 1792 1396 1830 neque
1420 1778 1689 1834 postulandum
1710 1777 1761 1814 est
1781 1789 1801 1813 a

417 1849 544 1893 nobis,
574 1857 639 1886 aut
657 1848 703 1886 ab
723 1847 918 1899 equitibus
941 1844 1142 1889 Romanis,
1174 1853 1216 1881 ut
1237 1843 1320 1881 suos
1341 1842 1559 1880 necessarios
1580 1841 1798 1880 candidatos

418 1916 602 1953 sectentur
622 1923 721 1952 totos
742 1914 820 1951 dies
838 1931 849 1957 ;
881 1926 901 1950 a
921 1911 1062 1964 quibus
1083 1911 1108 1948 s1
1129 1911 1268 1948 domus
1290 1909 1411 1947 nostra
1435 1909 1659 1952 celebratur,
1691 1907 1718 1945 fi
1737 1907 1798 1944 in-

418 1981 571 2019 terdum
591 1980 636 2017 ad
656 1979 784 2018 forum
806 1978 1046 2022 deducimur,
1078 1977 1103 2015 fi
1125 1991 1201 2015 uno
1222 1977 1380 2015 bafilicae
1401 1976 1519 2028 spatio
1539 1974 1798 2018 honestamur,

416 2047 621 2100 diligenter
640 2045 826 2084 observari
846 2044 1020 2083 videmur
1040 2053 1077 2082 et
1096 2043 1172 2081 coli
1191 2058 1198 2081 :
1232 2044 1452 2081 tenuiorum
1476 2052 1514 2080 et
1534 2056 1611 2079 non
1631 2053 1798 2093 occupa-

417 2123 545 2152 torum
561 2113 775 2150 amicorum
796 2111 848 2149 est
867 2110 933 2148 ista
953 2109 1154 2154 affiduitas,
1172 2123 1341 2162 quorum
1360 2110 1470 2162 copia
1490 2109 1600 2146 bonis
1622 2116 1659 2145 et
1681 2107 1798 2144 bene-

416 2179 498 2218 ficis
519 2177 634 2216 dceffe
655 2191 732 2215 non
753 2177 858 2215 solet.
1658 2215 1666 2221 ‚

470 2245 567 2283 Noli
595 2244 714 2296 igitur
740 2243 881 2295 eripere
909 2241 1013 2280 hunc
1040 2240 1210 2280 inferiori
1236 2241 1363 2294 generi
1389 2240 1596 2278 hominurn
1626 2239 1797 2277 fructum

415 2311 547 2355 officii,
579 2311 678 2348 Cato
696 2324 704 2347 :
737 2309 812 2346 fine
832 2321 909 2352 cos,
940 2308 1007 2359 qui
1027 2309 1157 2345 omnia
1177 2322 1197 2345 a
1217 2308 1326 2345 nobis
1348 2307 1508 2360 sperant,
1540 2305 1677 2343 habere
1698 2305 1797 2357 ipsos

414 2389 569 2428 quoque
588 2375 747 2428 aliquid,
779 2374 883 2426 quod
905 2374 1014 2411 nobis
1036 2374 1200 2411 tribucre
1221 2373 1372 2426 poffint.
1406 2374 1442 2411 Si
1464 2372 1563 2411 nihil
1584 2372 1668 2416 erit,
1698 2384 1795 2422 prae-

414 2451 470 2480 ter
504 2441 673 2493 ipsorum
708 2439 946 2492 suffragium,
983 2449 1096 2477 tenue
1131 2439 1209 2483 cst;
1246 2439 1285 2483 si,
1324 2448 1366 2476 ut
1401 2438 1664 2490 suffragantur,
1697 2434 1796 2472 nihil

414 2507 538 2546 valent
558 2506 687 2559 gratia.
708 2506 781 2558 Ipsi
803 2505 982 2558 denique,
1001 2514 1042 2543 ut
1064 2504 1182 2543 solent
1203 2504 1326 2557 loqui,
1343 2518 1418 2543 non
1439 2503 1561 2541 dicere
1580 2515 1648 2554 pro
1668 2499 1792 2543 nobis,
