2212 2835
647 172 723 211 IN
782 172 831 210 L.
892 172 1349 212 CATILINAM
1637 188 1709 228 193

312 269 605 316 illustrarentur,
637 279 680 308 ut
700 284 719 308 a
744 270 872 308 senatu
898 271 1122 324 populoque
1151 272 1331 310 Romano
1357 271 1518 324 perspici
1546 271 1706 324 pofi'ent.

314 338 447 388 Atque
474 336 573 374 illud
599 337 651 374 ita
676 336 947 375 collocandum
975 336 1147 374 consules
1174 337 1234 374 illi
1253 337 1492 375 statuerunt:
1524 337 1585 375 sed
1606 347 1708 375 tanta

313 401 390 440 fuit
411 404 532 455 operis
555 403 723 447 tarditas,
754 412 798 440 ut
817 416 942 454 neque
963 416 983 439 a
1003 402 1259 454 superioribus
1280 403 1516 448 consulibus,
1544 417 1669 457 neque
1689 417 1708 440 a

311 469 424 507 nobis
442 478 528 507 ante
548 468 780 507 hodiernum
801 468 921 512 diem,
955 468 1222 506 collocaretur.

369 536 440 572 IX.
474 535 555 573 Hic
576 535 662 587 quis
682 534 804 588 potest
830 534 915 579 effe,
948 534 1137 586 Qirites,
1170 543 1251 573 tam
1277 534 1422 573 aversus
1450 549 1466 572 a
1495 549 1597 581 vero,
1629 545 1708 574 tam

311 613 493 653 praeceps,
525 610 604 639 tam
626 610 756 639 mente
776 610 925 654 captus,
956 601 1024 653 qui
1045 610 1173 653 neget,
1205 599 1287 639 haec
1313 601 1460 646 omnia,
1492 615 1577 654 quae
1601 602 1708 639 vide-

312 681 414 712 mus,
451 669 718 722 praecipueque
752 666 853 706 hanc
888 668 1038 713 urbem,
1079 669 1257 706 Deorum
1291 668 1576 708 immortalium
1612 678 1710 707 nutu

312 743 427 786 atque
446 734 629 787 potestate
649 734 903 772 administrari
922 735 934 771 ?
967 734 1140 779 Etenim,
1171 748 1265 773 cum
1285 733 1374 773 effet
1397 735 1450 773 ita
1470 735 1707 788 responsum,

312 800 447 845 caedes,
478 801 668 846 incendia,
699 801 981 853 interitumque
1002 800 1235 853 reipublicae‚
1267 801 1494 854 comparari,
1525 811 1563 839 et
1582 815 1624 839 ea
1643 815 1710 855 per

313 867 443 911 cives;
477 881 560 919 quae
581 877 666 905 tum
686 875 842 920 propter
869 866 1180 919 magnitudinem
1207 866 1394 906 scelerum
1420 867 1618 906 nonnullis
1646 868 1709 906 in-

313 931 513 970 credibilia
539 933 781 977 videbamus,
812 945 854 969 ea
883 946 960 970 non
988 932 1106 970 modo
1131 932 1297 985 cogitata
1323 947 1342 971 a
1368 931 1522 971 nefariis
1542 933 1707 978 civibus,

314 1011 449 1036 verum
470 998 585 1036 etiarn
606 998 786 1051 suscepta,
808 997 878 1036 effe
899 997 1068 1036 senfistis.
1101 998 1206 1036 Illud
1225 1012 1313 1036 vero
1333 1012 1461 1038 nonne
1480 1000 1532 1037 ita
1550 1000 1709 1052 praesens

315 1064 381 1109 est,
401 1074 442 1102 ut
463 1073 560 1102 nutu
580 1065 687 1115 Jovis
710 1064 866 1116 Optimi
888 1064 1059 1102 Maximi
1079 1062 1226 1103 faetum
1247 1063 1318 1102 effe
1337 1065 1522 1110 videatur,
1541 1075 1598 1110 ut,
1615 1079 1709 1104 cum

315 1128 502 1168 hodierno
522 1131 583 1168 die
603 1144 714 1169 mane
734 1143 801 1182 per
820 1129 951 1167 forum
972 1143 1060 1167 meo
1080 1129 1184 1182 juffu
1209 1139 1248 1168 et
1274 1131 1477 1183 conjurati,
1508 1141 1546 1170 et
1574 1145 1711 1170 eorum

315 1196 476 1241 indices,
494 1197 533 1234 in
555 1197 676 1235 aedem
697 1196 923 1234 Concordiae
943 1196 1188 1241 ducerentur,
1206 1209 1251 1234 eo
1271 1196 1352 1249 ipso
1369 1206 1541 1250 tempore
1558 1198 1711 1251 fignum

315 1263 572 1301 statueretur?
603 1277 682 1315 quo
701 1263 906 1308 collocato,
936 1272 1051 1315 atque
1071 1262 1118 1300 ad
1144 1275 1210 1300 vos
1237 1262 1488 1316 senatumque
1514 1265 1711 1310 converso,

315 1328 447 1366 omnia
478 1337 516 1366 et
547 1329 708 1374 senatus,
739 1338 777 1367 et
807 1342 888 1374 vos,
919 1342 1006 1381 quae
1037 1336 1143 1366 erant
1173 1337 1307 1366 contra
1337 1327 1498 1367 salutem
1529 1330 1712 1368 omnium

316 1396 496 1448 cogitata,
528 1396 712 1434 illustrata
729 1405 767 1434 et
786 1394 972 1448 patefacta
991 1395 1148 1434 vidistis.

373 1462 466 1513 Qo
487 1463 604 1500 etiam
626 1463 769 1515 majore
790 1462 875 1500 sunt
895 1461 953 1499 isti
974 1462 1064 1499 odio
1089 1461 1358 1514 supplicioque
1384 1462 1508 1515 digni,
1539 1463 1607 1516 qui
1633 1477 1713 1503 non

319 1526 444 1565 solum
463 1528 591 1566 vestris
612 1528 820 1566 domiciliis
840 1537 954 1579 atque
972 1528 1095 1571 testis,
1126 1527 1189 1564 sed
1208 1529 1324 1566 etiam
1352 1530 1530 1568 Deorum
1554 1531 1712 1584 templis

319 1600 433 1644 atque
463 1593 645 1638 delubris,
676 1594 761 1631 sunt
792 1592 958 1631 funestos
989 1606 1031 1631 ac
1063 1591 1225 1631 nefarios
1255 1595 1363 1646 ignes
1395 1594 1535 1633 inferre
1566 1597 1710 1636 conati.

320 1658 475 1708 Qibus
497 1673 568 1712 ego
589 1659 613 1697 fi
634 1673 697 1697 me
718 1659 885 1697 restitiffe
906 1659 1048 1703 dicam,
1078 1659 1249 1697 nimium
1271 1659 1369 1698 mihi
1391 1660 1554 1707 sumam,
1576 1671 1613 1700 et
1633 1677 1712 1701 non

318 1723 389 1761 fim
410 1723 613 1762 ferendus:
638 1724 716 1769 ille,
739 1725 803 1762 ille
823 1725 974 1776 Jupiter
995 1724 1154 1763 restitit:
1177 1725 1243 1762 ille
1265 1726 1521 1778 Capitolium,
1542 1727 1608 1765 ille
1629 1727 1710 1766 haec

319 1790 478 1842 templa,
513 1790 578 1828 ille
609 1790 708 1828 hanc
741 1791 891 1836 urbem,
928 1791 992 1829 ille
1025 1804 1090 1829 vos
1122 1805 1270 1837 omnes,
1302 1792 1420 1831 salvos
1455 1793 1525 1832 effe
1559 1794 1709 1834 voluit:

319 1857 406 1895 Diis
427 1870 498 1910 ego
518 1857 802 1895 immortalibus
824 1857 987 1896 ducibus
1009 1856 1108 1896 hanc
1130 1867 1317 1904 mentem,
1349 1859 1539 1911 Qirites,
1569 1861 1711 1900 volun-

319 1931 515 1975 tatemque
533 1923 689 1976 suscepi,
721 1933 835 1976 atque
855 1925 899 1962 ad
920 1924 1001 1962 haec
1025 1933 1127 1962 tanta
1146 1925 1290 1963 indicia
1311 1927 1482 1978 perveni.
1514 1928 1602 1978 Jam
1624 1942 1713 1966 vero

319 1988 385 2026 illa
405 1990 665 2042 Allobrogum
687 1990 904 2028 sollicitatio
935 1991 983 2028 fic
1011 2004 1030 2027 a
1059 1991 1230 2029 Lentulo
1249 1992 1469 2045 caeterisque
1492 1994 1711 2033 domesticis

320 2052 506 2101 hostibus,
538 2066 640 2094 tanta
660 2071 730 2101 res,
757 2067 835 2095 tam
856 2058 1053 2096 dementer
1072 2058 1216 2096 credita
1235 2068 1273 2096 et
1293 2059 1451 2112 ignotis,
1472 2069 1511 2098 et
1530 2060 1710 2106 barbaris,

321 2121 605 2175 commifl‘aeque
635 2124 753 2161 literae
784 2137 983 2175 nunquam
1016 2123 1133 2162 essent
1158 2124 1344 2177 profectO,
1377 2126 1445 2164 nisi
1472 2140 1493 2163 a
1517 2127 1605 2164 Diis
1631 2127 1710 2164 im-

320 2187 548 2226 mortalibus
577 2187 670 2227 huic
702 2200 815 2227 tantae
843 2191 1006 2228 audacia>
1033 2190 1235 2229 confilium
1263 2191 1350 2228 esset
1378 2201 1569 2244 ereptum.
1603 2192 1737 2248 Qidr

321 2266 410 2290 vero
428 2253 439 2289 ?
473 2262 514 2290 ut
535 2252 712 2293 homines
733 2256 838 2293 Galli
859 2270 905 2294 ex
926 2257 1085 2294 civitate
1105 2257 1204 2294 male
1230 2266 1373 2309 pacata,
1404 2271 1490 2309 quae
1515 2271 1606 2309 gens
1637 2271 1711 2295 una

321 2318 445 2362 restat,
467 2332 551 2370 quae
571 2321 716 2374 populo
737 2322 914 2360 Romano
936 2323 1085 2360 bellurn
1105 2321 1227 2361 facere
1247 2332 1284 2360 et
1305 2322 1419 2375 posse,
1442 2332 1478 2360 et
1498 2336 1575 2360 non
1594 2323 1709 2368 nolle,

321 2385 506 2429 videatur,
543 2385 648 2438 spem
682 2387 835 2440 imperii
870 2399 908 2426 et
944 2403 1071 2427 rerum
1104 2389 1422 2442 amplissimarum
1458 2388 1559 2426 ultro
1593 2387 1661 2426 fibi
1693 2403 1713 2427 a

322 2450 491 2504 patriciis
526 2449 753 2491 hominibus
789 2453 957 2493 oblatam
992 2455 1245 2508 negligerent,
1281 2453 1519 2506 vestramque
1555 2453 1713 2494 salutem

407 2517 478 2555 To
495 2529 547 2555 M.
580 2517 631 2556 V.
1327 2520 1357 2557 B
1387 2518 1413 2557 b
