2212 2835
720 153 902 192 POST
961 151 1331 190 REDITUM.
1644 164 1719 204 320

334 254 473 292 liberos
495 252 699 292 dederunt:
723 265 788 290 vos
811 250 1038 289 reddidistis.
1062 249 1193 287 Multa
1214 256 1390 301 praeterea
1410 259 1429 283 a
1446 244 1533 284 Diis
1556 244 1719 282 immor-

332 320 472 358 talibus
493 329 621 372 optata
640 318 835 356 consecuti
856 317 1009 355 sumus:
1042 315 1111 353 nifi
1132 314 1248 352 vestra
1268 314 1442 351 voluntas
1463 310 1602 355 fuisset,
1633 323 1721 347 om-

333 387 446 424 nibus
468 386 608 424 divinis
629 384 856 423 muneribus
876 381 1136 420 caruissemus.
1169 379 1321 416 Vestros
1350 379 1516 430 denique
1543 377 1722 419 honores,

333 466 429 505 quos
451 465 598 490 eramus
618 451 807 504 gradatim
829 448 995 501 singulos
1016 446 1197 490 assecuti,
1229 458 1332 482 nunc
1360 458 1380 481 a
1402 444 1511 481 vobis
1533 441 1723 481 universos

333 517 549 556 habemus:
583 527 653 561 ut,
684 524 876 568 quantum
903 523 1009 551 antea
1035 511 1256 565 parentibus
1274 539 1285 554 ,
1317 518 1508 561 quantum
1536 509 1624 546 Diis
1645 508 1725 545 im-

334 583 562 622 mortalibus
579 610 591 626 ,
623 590 812 634 quantum
835 578 1112 631 vobismetipsis
1130 607 1141 623 ‚
1174 585 1325 615 tantum
1347 574 1422 613 hoc
1444 584 1615 627 tempore
1636 573 1725 611 uni-

333 649 466 687 verfim
498 649 638 686 cumito
665 646 811 700 populo
837 647 1018 684 Romano
1042 644 1263 682 debeamus,
1296 642 1402 680 Nam
1419 670 1431 686 ,
1462 654 1553 679 cum
1580 639 1621 677 in
1647 639 1728 691 ipso

333 715 521 754 beneficio
541 715 658 752 vestra
678 723 782 753 tanta
802 712 1029 765 magnitudo
1049 711 1101 749 est
1117 739 1128 756 ‚
1160 719 1203 748 ut
1223 722 1307 747 eam
1327 707 1536 761 complecti
1556 706 1728 744 oratione

333 797 411 822 non
432 782 568 836 poffim
585 800 596 826 3
630 790 715 820 tum
735 781 775 819 in
796 780 928 818 studiis
948 778 1076 817 vestris
1099 786 1202 815 tanta
1221 776 1442 814 animorum
1462 773 1649 812 declarata
1675 771 1728 810 est

333 850 509 888 voluntas
523 877 534 892 ,
566 857 609 886 ut
629 860 707 885 non
727 846 852 884 solum
873 845 1130 883 calamitatem
1152 841 1253 881 mihi
1272 839 1469 880 detraxisse
1485 869 1497 885 ‚
1528 839 1589 878 sed
1608 839 1728 877 etiam

333 916 564 969 dignitatem
585 913 740 958 auxisse,
770 911 993 950 videamini.

390 984 466 1021 III.
498 982 593 1021 Non
612 981 718 1019 enim
740 994 809 1033 pro
829 993 918 1018 meo
937 978 1077 1023 reditu,
1099 986 1142 1016 ut
1162 990 1231 1030 pro
1252 977 1296 1015 P.
1312 974 1484 1029 Popillii,
1502 971 1729 1012 nobiliffimi

334 1048 522 1093 hominis,
552 1047 804 1086 adolescentes
824 1045 911 1090 filii,
941 1054 980 1083 et
1003 1044 1119 1082 multi
1139 1051 1316 1096 praeterea
1334 1041 1488 1094 cognati
1508 1049 1623 1092 atque
1643 1038 1728 1076 affi-

335 1129 400 1155 nes
415 1145 426 1161 ,
457 1115 647 1167 deprecati
668 1113 777 1152 sunt:
810 1126 888 1150 non
902 1140 914 1156 ‚
946 1119 990 1149 ut
1009 1124 1079 1163 pro
1099 1109 1343 1160 QMetello
1356 1137 1367 1153 ,
1397 1106 1602 1146 clariffimo
1621 1105 1702 1144 viro
1716 1133 1728 1150 ,

331 1184 414 1236 jam
434 1182 596 1234 spectata
615 1189 723 1218 aetate
742 1179 845 1217 filius
867 1180 915 1217 L.
932 1177 1200 1220 Diadematus,
1223 1174 1444 1218 consularis,
1466 1174 1617 1211 summa
1636 1184 1728 1210 auc-

335 1249 489 1288 toritate
521 1248 605 1293 vir3
637 1260 715 1284 non
750 1245 936 1284 Metellus
971 1243 1179 1287 censorius,
1210 1255 1290 1280 non
1322 1254 1458 1279 eorum
1492 1239 1621 1284 liberi,
1651 1251 1730 1276 non

336 1313 602 1368 QMetellus
635 1313 795 1366 Nepos,
827 1312 895 1365 qui
922 1320 1008 1349 tum
1034 1309 1280 1348 consulatum
1306 1307 1484 1361 petebat,
1515 1319 1593 1344 non
1625 1304 1730 1344 soro-

335 1395 424 1420 rum
445 1380 531 1426 filii,
562 1379 737 1424 Luculli,
769 1378 932 1422 Servilii,
965 1376 1161 1428 Scipiones
1182 1390 1190 1413 :
1223 1373 1410 1427 permulti
1430 1373 1536 1411 enim
1558 1370 1730 1416 Metelli,

337 1457 403 1487 aut
423 1447 675 1487 Metellarum
695 1446 822 1490 liberi,
852 1458 921 1497 pro
942 1442 1177 1494 QMetelli
1204 1441 1329 1479 reditu
1355 1440 1465 1479 vobis
1492 1453 1534 1478 ac
1560 1439 1731 1493 patribus

336 1515 466 1554 vestris
494 1514 816 1566 supplicaverunt.
849 1510 969 1560 Qod
996 1509 1022 1546 fi
1054 1508 1168 1560 ipfius
1199 1507 1365 1559 dignitas
1392 1507 1648 1558 maximaeque
1676 1517 1732 1543 res

335 1580 445 1634 gestae
465 1593 543 1618 non
562 1578 648 1616 satis
669 1578 836 1616 valerent
850 1595 862 1622 ;
894 1586 1022 1615 tamen
1043 1574 1116 1613 filii
1136 1573 1254 1626 pietas
1272 1602 1284 1618 ,
1314 1574 1623 1626 propinquorum
1644 1584 1734 1624 pre-

338 1661 400 1686 ces
415 1676 426 1692 ,
458 1645 758 1684 adolescentium
779 1643 954 1697 squalor,
986 1641 1176 1693 majorum
1197 1648 1289 1678 natu
1310 1639 1508 1692 lacrymae,
1538 1638 1732 1692 populum

338 1714 564 1752 Romanum
585 1724 738 1750 movere
757 1718 980 1763 potuerunt.

393 1778 502 1817 Nam
529 1778 576 1816 C.
601 1776 734 1821 Marii,
765 1776 835 1828 qui
859 1774 942 1828 post
967 1773 1053 1811 illos
1086 1781 1227 1810 veteres
1255 1770 1476 1809 clariffirnos
1503 1769 1731 1814 consulares,

340 1844 458 1884 vestra
487 1853 719 1898 patrumque
750 1841 951 1886 memoria,
983 1839 1117 1878 tertius
1149 1847 1235 1877 ante
1268 1851 1331 1875 me
1365 1836 1586 1881 consularis,
1618 1835 1734 1874 subiit

341 1910 645 1964 indigniffimam
665 1909 862 1947 fortunam
884 1905 1181 1960 praestantiffima
1200 1905 1263 1942 sua
1282 1904 1416 1957 gloria,
1448 1902 1638 1941 diffimilis
1660 1901 1735 1940 fuit

342 1977 451 2015 ratio.
474 1975 569 2014 Non
588 1975 694 2013 enim
715 1975 781 2012 ille
801 1972 1065 2026 deprecatione
1085 1971 1210 2015 rediit,
1233 1970 1306 2015 sed,
1330 1971 1368 2007 in
1390 1968 1550 2007 diss‘ensu
1571 1968 1733 2012 civium,

342 2042 513 2081 exercitu
543 2042 578 2080 se
608 2040 798 2093 armisque
829 2040 1034 2078 revocavit.
1066 2038 1137 2076 Me
1168 2046 1312 2081 autem,
1343 2036 1494 2074 nudum
1525 2048 1545 2072 a
1573 2034 1734 2087 propin-

343 2109 445 2162 quis,
477 2108 583 2146 nulla
609 2107 837 2160 cognatione
862 2106 1076 2150 munitum,
1107 2103 1216 2142 nullo
1243 2115 1440 2140 armorum
1470 2115 1512 2139 ac
1543 2099 1734 2138 tumultus

345 2184 467 2219 metu,
499 2175 547 2212 C.
571 2173 732 2218 Pisonis,
762 2172 891 2225 generi
920 2172 1011 2216 mei,
1043 2171 1171 2208 divina
1199 2169 1374 2222 quaedam
1396 2176 1433 2204 et
1454 2166 1622 2204 inaudita
1643 2178 1733 2202 auc-

346 2241 476 2281 toritas
497 2249 612 2292 atque
631 2240 765 2284 virtus,
793 2238 994 2290 fratrisque
1014 2237 1090 2275 mei
1111 2235 1316 2274 miserrimi
1337 2244 1451 2285 atque
1470 2231 1609 2284 optimi
1632 2244 1731 2282 quo—

346 2308 498 2346 tidianae
518 2306 709 2357 lacrymae,
741 2305 939 2356 sordesque
960 2304 1157 2356 lugubres,
1189 2316 1208 2339 a
1229 2301 1335 2339 vobis
1357 2300 1563 2351 deprecatae
1584 2295 1683 2333 sunt.

403 2375 533 2412 Frater
552 2381 630 2409 erat
649 2384 748 2408 unus
763 2398 774 2414 ,
805 2371 873 2421 qui
900 2370 965 2407 suo
992 2369 1163 2421 squalore
1184 2367 1321 2404 vestros
1342 2364 1474 2402 oculos
1497 2362 1703 2399 inflesteret
1722 2381 1733 2406 5

348 2441 416 2496 qui
448 2439 514 2477 suo
546 2437 637 2476 fletu
669 2437 894 2476 desiderium
927 2437 1017 2479 mei,
1052 2434 1372 2484 memoriamque,
1408 2437 1630 2473 renovaret3
1669 2429 1734 2480 qui

431 2508 497 2546 To
511 2518 561 2545 M.
585 2504 636 2544 V.
1353 2499 1390 2534 Τ
1422 2506 1436 2533 t
