2212 2835
694 204 828 243 PRO
888 202 1081 241 LEGE
1141 200 1489 240 MANILIA.

1774 230 1793 253 o

403 305 583 342 Primum
613 302 714 342 mihi
743 302 894 339 videtur
914 301 960 338 de
979 312 1117 353 genere
1146 298 1253 342 belli,
1285 296 1423 335 deinde
1444 296 1489 334 de
1512 294 1793 348 magnitudine,

404 382 488 410 tum
510 372 556 409 de
585 371 814 423 imperatore
844 367 1061 420 deligendo,
1093 365 1164 404 effe
1184 365 1409 403 dicendum.
1443 365 1578 401 Genus
1609 362 1662 400 est
1691 362 1798 399 enim

403 437 604 490 ejusmodi,
636 436 741 488 quod
761 435 932 472 maxime
962 433 1101 471 vestros
1121 431 1270 469 animos
1297 430 1477 474 excitare,
1508 439 1622 481 atque
1642 427 1798 466 infiam-

403 501 520 547 mare,
542 503 682 540 debet:
715 502 756 539 in
777 514 855 552 quo
874 500 1001 553 agitur
1021 497 1157 552 populi
1178 495 1349 535 Romani
1379 495 1513 547 gloria,
1546 508 1630 546 quae
1651 494 1760 532 vobis
1781 508 1801 531 a

404 569 616 621 majoribus
637 582 729 606 cum
751 580 890 619 magna
909 567 950 604 in
971 566 1084 603 rebus
1104 563 1305 608 omnibus,
1325 571 1412 600 tum
1433 561 1584 599 summa
1603 560 1645 597 in
1665 573 1703 598 re
1723 560 1801 597 mi-

404 636 520 680 litari,
553 635 690 674 tradita
709 634 785 672 est:
818 633 944 685 agitur
973 631 1070 670 salus
1102 630 1294 669 sociorum
1324 638 1439 681 atque
1469 627 1700 671 amicorum,
1733 640 1803 679 pro

406 716 481 755 qua
501 702 627 741 multa
645 702 806 754 majores
825 700 938 739 vestri
958 712 1098 751 magna
1117 706 1154 735 et
1173 696 1302 750 gravia
1322 695 1422 734 bella
1441 694 1655 748 gesserunt:
1678 706 1803 746 agun-

407 779 469 808 tur
484 769 687 808 certiffima
702 767 839 821 populi
851 766 1022 805 Romani
1042 764 1255 818 vectigalia,
1271 772 1310 801 et
1326 763 1512 807 maxima,
1527 761 1670 814 quibus
1688 759 1803 798 amis-

407 837 468 882 fis,
501 846 539 875 et
565 836 667 890 pacis
699 843 938 879 ornamenta,
976 842 1014 871 et
1044 831 1207 870 subfidia
1233 830 1341 875 belli,
1374 829 1577 883 requiretis
1598 843 1607 866 :
1639 836 1806 881 aguntur

408 904 510 942 bona
529 903 748 942 multorum
767 902 931 946 civium,
958 900 1103 953 quibus
1133 898 1186 937 est
1214 911 1234 935 a
1253 897 1377 943 vobis,
1408 906 1446 936 et
1465 895 1639 950 ipsorum
1664 903 1703 933 et
1731 893 1806 932 rei-

408 971 575 1022 publicae
595 970 718 1014 causa,
739 968 1036 1007 consulendum.

457 1037 530 1075 III.
555 1037 609 1074 Et
629 1034 814 1087 quoniam
834 1033 981 1086 semper
1000 1040 1219 1085 appetentes
1240 1030 1372 1083 gloriae
1392 1038 1527 1082 praeter
1545 1037 1697 1068 caeteras
1712 1040 1809 1080 gen-

412 1111 482 1147 tes,
514 1111 628 1154 atque
657 1100 759 1138 avidi
787 1099 926 1144 laudis,
967 1097 1107 1142 fuistis,
1139 1096 1300 1135 delenda
1326 1096 1436 1134 vobis
1466 1095 1520 1133 est
1548 1095 1614 1133 illa
1642 1093 1808 1138 macula,

412 1167 688 1208 Mithridatico
708 1165 812 1204 bello
832 1164 1022 1218 superiore
1042 1163 1238 1216 suscepta;
1271 1175 1356 1215 quae
1375 1161 1529 1214 penitus
1555 1162 1639 1212 jam
1658 1159 1810 1204 insedit,

412 1244 528 1288 atque
547 1233 786 1279 inveteravit,
807 1232 849 1270 in
868 1230 1007 1285 populi
1027 1229 1200 1271 Romani
1220 1228 1379 1267 nomine
1396 1242 1406 1267 z
1438 1227 1544 1281 quod
1567 1227 1614 1272 is,
1645 1227 1714 1280 qui
1734 1240 1812 1265 uno

412 1303 487 1348 die,
510 1310 589 1341 tota
609 1300 710 1346 Afia,
733 1308 791 1338 tot
810 1300 852 1337 in
872 1297 1108 1342 civitatibus,
1130 1310 1211 1335 uno
1230 1295 1370 1334 nuntio
1384 1303 1500 1347 atque
1519 1307 1594 1332 una
1612 1293 1812 1332 literarum

412 1368 705 1423 fignificatione,
721 1367 823 1405 cives
839 1367 1038 1405 Romanos
1059 1363 1250 1403 necandos
1267 1360 1588 1414 trucidandosque
1602 1359 1813 1406 denotavit,

413 1449 493 1475 non
513 1435 632 1474 modo
651 1432 778 1472 adhuc
810 1446 966 1487 poenam
988 1430 1151 1476 nullam,
1182 1429 1249 1468 suo
1269 1428 1429 1482 dignam
1450 1427 1603 1472 scelere,
1635 1426 1813 1479 suscepit,

415 1503 480 1542 sed
499 1502 545 1541 ab
566 1502 636 1540 illo
656 1510 831 1554 tempore
849 1513 997 1538 annum
1027 1498 1111 1550 jam
1145 1496 1306 1535 tertium
1337 1504 1375 1533 et
1394 1494 1623 1534 vicefimum
1654 1501 1813 1546 regnat;

417 1578 456 1608 et
475 1570 529 1608 ita
546 1577 694 1621 regnat,
716 1577 761 1605 ut
786 1566 822 1604 se
851 1579 928 1604 non
950 1567 1091 1608 Ponto,
1124 1576 1251 1615 neque
1271 1561 1525 1615 Cappadociae
1545 1559 1715 1604 latebris,
1746 1571 1815 1597 oc-

418 1635 565 1674 cultare
583 1633 691 1678 velit,
713 1632 775 1671 sed
795 1645 989 1684 emergere
1009 1644 1029 1668 e
1049 1630 1173 1683 patrio
1193 1642 1326 1681 regno,
1350 1636 1465 1680 atque
1485 1627 1526 1665 in
1546 1626 1675 1665 vestris
1696 1625 1815 1664 vecti-

418 1701 583 1756 galibus,
616 1699 691 1738 hoc
711 1699 778 1744 est,
810 1699 852 1736 in
872 1698 969 1736 Afiae
989 1697 1089 1741 luce,
1119 1695 1267 1735 versari.
1300 1694 1462 1733 Etenim
1482 1692 1608 1731 adhuc
1634 1692 1687 1730 ita
1706 1691 1817 1730 vestri

418 1781 513 1806 cum
532 1766 602 1805 illo
622 1779 709 1819 rege
729 1764 1013 1803 contenderunt
1032 1763 1297 1815 imperatores,
1328 1768 1372 1798 ut
1396 1760 1442 1798 ab
1463 1759 1531 1797 illo
1552 1758 1713 1811 insignia
1733 1757 1817 1795 vic-

420 1835 540 1879 toriae,
561 1846 640 1871 non
660 1831 876 1876 viffitoriam,
893 1838 1143 1883 reportarent.
1175 1825 1455 1880 Triumphavit
1472 1826 1520 1864 L.
1540 1825 1655 1876 Sylla,
1673 1824 1817 1862 trium-

420 1901 554 1955 phavit
573 1901 621 1939 L.
640 1900 822 1943 RImena,
850 1898 896 1936 de
917 1896 1166 1941 Mithridate,
1191 1895 1268 1933 duo
1289 1893 1484 1932 fortiffimi
1505 1892 1591 1937 viri,
1616 1900 1655 1930 et
1674 1891 1818 1930 summi

421 1969 695 2021 imperatores;
728 1965 789 2003 sed
810 1966 862 2003 ita
882 1962 1186 2016 triumpharunt,
1215 1970 1258 1999 ut
1278 1960 1359 2005 ille,
1381 1959 1512 2013 pulsus
1534 1957 1817 2011 superatusque,

423 2044 609 2088 regnaret.
651 2034 920 2071 Veruntamen
955 2031 1032 2069 illis
1067 2028 1364 2083 imperatoribus
1399 2027 1480 2065 laus
1515 2025 1568 2064 est
1602 2024 1818 2068 tribuenda,

421 2102 528 2155 quod
548 2110 710 2155 egerunt
726 2119 737 2145 ;
769 2099 879 2138 venia
899 2098 1034 2143 danda,
1068 2097 1172 2149 quod
1199 2095 1438 2147 reIIquerunt
1456 2109 1465 2132 :
1497 2101 1696 2146 propterea
1716 2090 1820 2143 quod

422 2169 470 2207 ab
489 2182 535 2207 eo
556 2168 659 2207 bello
680 2167 826 2219 Syllam
846 2167 887 2204 in
908 2165 1059 2204 Italiam
1081 2163 1307 2217 respublica,
1338 2162 1551 2201 Murenam
1573 2159 1686 2212 Sylla,
1710 2170 1818 2196 revo-

424 2237 538 2274 cavit.

483 2302 554 2339 IV.
587 2301 836 2340 Mithridates
871 2308 1000 2338 autem
1021 2310 1140 2337 omne
1160 2296 1355 2348 reliquum
1377 2304 1546 2347 tempus,
1576 2305 1653 2331 non
1682 2289 1728 2328 ad
1747 2289 1820 2327 ob-

425 2367 612 2405 livionem
627 2367 764 2405 veteris
781 2367 889 2411 belli,
905 2366 965 2403 sed
986 2365 1032 2403 ad
1053 2363 1382 2417 comparationem
1399 2360 1504 2405 novi,
1521 2357 1689 2397 contulit
1704 2371 1712 2395 :
1737 2356 1820 2408 qui,

427 2434 673 2487 posteaquam
694 2433 882 2471 maximas
902 2431 1114 2470 aedificaffet
1130 2429 1368 2481 ornassetque
1383 2425 1536 2470 claffes;
1558 2421 1825 2475 exercitusque

428 2514 672 2555 permagnos,
703 2499 1000 2553 quibuscunque
1020 2513 1065 2537 ex
1087 2498 1266 2550 gentibus
1288 2493 1481 2549 potuiffet,
1505 2490 1767 2546 comparasset,
1787 2497 1826 2528 et

1434 2559 1468 2596 A
1501 2571 1521 2596 2
