2212 2835
429 113 505 167 308
924 110 1326 149 ORATIO

428 212 591 249 crimine
621 209 892 263 recognoscite.
941 209 1065 247 Mitto
1096 208 1407 261 rempublicam,
1448 221 1533 260 quae
1562 207 1639 246 fuit
1672 208 1822 261 semper

429 277 541 329 Syllae
560 277 767 316 cariffima:
799 275 917 314 hosne
937 277 1095 320 amicos,
1127 275 1218 314 tales
1236 275 1350 320 viros,
1383 284 1461 313 tam
1483 275 1643 328 cupidos
1662 274 1731 320 sui,
1753 288 1821 328 per

428 356 524 395 quos
546 355 602 380 res
623 342 702 394 ejus
724 341 896 380 secundae
918 341 1114 394 quondam
1141 349 1248 380 erant
1268 349 1422 386 ornatae,
1455 354 1558 380 nunc
1579 340 1824 378 sublevantur

428 408 599 453 adversae,
622 407 877 446 crudelissime
899 408 1020 460 perire
1041 407 1176 452 voluit,
1199 416 1243 445 ut
1263 420 1354 446 cum
1375 406 1559 452 Lentulo,
1583 415 1620 445 et
1641 406 1824 450 Catilina,

429 483 469 512 et
485 473 677 526 CethegO,
699 473 949 512 foediflimam
966 474 1101 518 vitam,
1118 487 1160 511 ac
1182 473 1452 519 miserrimam,
1470 472 1683 526 turpiffima
1703 480 1829 510 morte

430 540 642 593 proposita,
673 540 824 593 degeret
842 540 854 577 ?
898 541 993 579 Non
1027 541 1150 584 cadit,
1182 553 1280 585 non,
1317 540 1497 592 inquam,
1533 539 1636 577 cadit
1675 539 1716 576 in
1756 536 1828 576 hos

432 621 573 652 mores,
605 620 682 645 non
704 607 744 644 in
764 606 871 644 hunc
892 607 1094 659 pudorem,
1117 620 1195 645 non
1215 608 1254 644 in
1274 606 1374 644 hanc
1395 607 1529 652 vitam,
1558 620 1636 645 non
1662 606 1702 644 in
1723 604 1829 643 hunc

432 671 650 717 hominem,
667 672 735 710 ista
755 672 928 725 suspicio.
949 673 1062 711 Nova
1081 673 1256 724 quaedam
1274 673 1338 710 illa
1356 673 1576 711 immanitas
1596 681 1726 711 exorta
1746 671 1820 709 est:

438 739 677 778 incredibilis
698 737 788 782 fuit,
819 752 862 775 ac
883 737 1094 790 singularis,
1125 737 1232 776 furor
1251 753 1258 775 :
1292 752 1339 777 ex
1360 740 1495 777 multis
1516 740 1562 778 ab
1582 738 1835 778 adolescentia

435 804 605 844 collectis
627 804 866 857 perditorum
887 801 1098 841 hominum
1119 803 1221 841 vitiis
1248 813 1403 856 repente
1424 813 1528 842 tanta
1548 805 1614 843 ista
1634 806 1832 857 importu-

434 872 531 909 nitas
553 870 715 908 inauditi
742 869 888 908 sceleris
910 869 1057 907 exarsit.
1090 870 1242 914 Nolite,
1274 870 1447 921 Judices‚
1479 871 1665 915 arbitrari,
1697 869 1830 908 homi-

435 951 533 977 num
553 937 666 975 illum
690 937 883 989 impetum
905 946 942 974 et
969 945 1152 974 conatum
1179 935 1311 974 fuiffe:
1345 951 1469 989 neque
1495 938 1600 975 enim
1629 935 1707 974 ulla
1737 949 1831 989 gens

436 1012 517 1041 tam
538 1002 694 1041 barbara
713 1011 777 1040 aut
798 1011 876 1040 tam
897 1002 1081 1040 immanis
1110 1016 1283 1055 unquam
1305 1001 1395 1048 fuit,
1427 1003 1467 1041 in
1499 1016 1576 1055 qua
1606 1016 1686 1041 non
1715 1002 1837 1041 modo

436 1078 511 1115 tot,
543 1069 603 1107 sed
630 1082 729 1108 unus
761 1078 841 1107 tam
871 1068 1037 1107 crudelis
1071 1067 1188 1107 hostis
1223 1069 1353 1122 patriae
1384 1069 1429 1107 sit
1460 1070 1664 1108 inventus:
1698 1068 1836 1107 belluae

439 1137 616 1189 quaedam
637 1136 712 1175 illae
733 1150 779 1174 ex
795 1137 982 1189 portentis
1003 1136 1207 1181 immanes,
1229 1149 1272 1174 ac
1292 1135 1379 1175 ferae
1396 1135 1523 1175 forma
1542 1135 1752 1175 hominum
1772 1138 1836 1174 in-

440 1204 556 1249 dutae,
585 1205 808 1242 extiterunt.
846 1202 1052 1255 Perspicite
1072 1203 1191 1241 etiam-
1216 1212 1330 1255 atque
1357 1203 1489 1249 etiam,
1521 1203 1702 1254 Judices:
1735 1201 1836 1241 nihil

441 1270 546 1308 enim
567 1270 633 1315 est,
656 1269 762 1322 quod
782 1269 821 1306 in
838 1268 908 1307 hac
925 1269 1033 1308 causa
1053 1269 1129 1308 dici
1150 1270 1261 1322 poffit
1281 1268 1574 1308 vehementius:
1596 1270 1750 1323 penitus
1772 1269 1835 1307 in-

441 1336 635 1389 trospicite
657 1335 848 1380 Catilinae,
880 1336 1078 1380 Autronii,
1111 1335 1292 1389 Cethegi,
1315 1336 1489 1381 Lentuli,
1516 1344 1836 1389 caeterorumque,

441 1410 604 1441 mentes.
637 1402 744 1454 Qas
763 1415 828 1440 vos
847 1402 888 1439 in
908 1400 968 1440 his
987 1401 1184 1446 libidines,
1216 1416 1301 1454 quae
1323 1401 1478 1455 flagitia,
1510 1416 1601 1455 quas
1624 1402 1838 1456 turpitudi-

445 1482 526 1512 nes,
557 1476 717 1521 quantas
749 1467 942 1512 audacias,
974 1481 1092 1519 quam
1128 1467 1372 1506 incredibiles
1406 1467 1575 1514 furores,
1606 1482 1702 1520 quas
1732 1477 1842 1506 notas

445 1533 645 1579 scelerum,
663 1547 747 1586 quae
764 1533 907 1571 indicia
921 1533 1231 1586 parricidiorum,
1249 1543 1413 1586 quantos
1435 1548 1586 1574 acervos
1607 1533 1841 1579 facinorum,

446 1600 668 1654 reperietis?
700 1600 762 1638 Ex
784 1600 954 1652 magnis,
985 1609 1024 1638 et
1044 1599 1256 1646 diuturnis,
1287 1609 1326 1638 et
1348 1601 1431 1653 jam
1456 1601 1657 1655 desperatis
1682 1601 1842 1654 reipub-

447 1668 530 1705 licae
547 1666 693 1705 morbis
715 1666 782 1704 ista
802 1676 958 1719 repente
973 1668 1029 1704 vis
1050 1666 1190 1718 erupit,
1209 1675 1264 1711 ut,
1284 1680 1326 1704 ea
1344 1666 1519 1705 confecta
1538 1676 1576 1705 et
1595 1668 1724 1719 ejecta,
1746 1680 1843 1705 con-

447 1733 630 1772 valescere
651 1733 857 1786 aliquando
878 1743 914 1771 et
935 1733 1051 1771 sanari
1072 1733 1204 1770 civitas
1225 1732 1361 1784 poffit:
1393 1747 1518 1785 neque
1538 1734 1644 1771 enim
1664 1733 1716 1770 est
1737 1733 1843 1785 quis-

449 1813 581 1852 quam,
613 1799 681 1851 qui
702 1799 919 1843 arbitretur,
941 1798 1017 1836 illis
1039 1797 1192 1836 inclufis
1214 1799 1253 1835 in
1275 1798 1471 1850 republica
1492 1798 1676 1851 pestibus,
1696 1798 1843 1837 diutius

450 1865 531 1903 haec
553 1865 650 1902 stare‘
664 1863 838 1917 potuisse.
872 1865 1006 1916 Itaque
1025 1877 1087 1902 eos
1105 1877 1182 1902 non
1203 1864 1249 1901 ad
1269 1864 1548 1917 perficiendum
1566 1864 1701 1910 scelus,
1719 1864 1780 1902 sed
1800 1865 1847 1903 ad

451 1931 607 1969 luendas
629 1929 848 1982 reipublicae
868 1944 1014 1982 poenas,
1046 1930 1172 1970 Furiae
1193 1931 1369 1983 quaedam
1390 1931 1661 1970 incitaverunt.

509 1997 704 2035 XXVIII.
738 1997 782 2034 In
799 1995 904 2034 hunc
926 1998 1045 2049 igitur
1064 2011 1219 2050 gregem
1236 2011 1302 2035 vos
1320 2011 1422 2035 nunc
1441 1999 1484 2036 P.
1502 1997 1660 2049 Syllam,
1674 1997 1848 2049 Judices‚

453 2077 499 2102 ex
519 2062 596 2108 his,
626 2063 694 2115 qui
726 2075 818 2100 cum
845 2062 920 2101 hoc
952 2064 1101 2108 vivunt,
1133 2073 1247 2116 atque
1273 2064 1465 2109 vixerunt,
1497 2062 1847 2103 honestiffimorum

454 2129 664 2168 hominum
694 2129 890 2181 gregibus,
922 2130 1132 2182 rejicietis?
1164 2144 1210 2169 ex
1244 2129 1320 2169 hoc
1350 2129 1561 2168 hominum
1593 2144 1770 2176 numero,
1801 2145 1849 2169 ex

456 2196 526 2234 hac
548 2194 728 2234 familiari
749 2195 948 2248 dignitate,
978 2196 1018 2234 in
1045 2197 1259 2249 impiorum
1290 2205 1455 2249 partem,
1486 2205 1599 2249 atque
1620 2198 1660 2234 in
1687 2197 1848 2250 parrici-

456 2263 590 2300 darum
611 2270 760 2300 coetum
780 2275 822 2299 ac
844 2275 1066 2308 numerum,
1097 2262 1331 2301 transfereris
1352 2264 1364 2300 ?
1398 2263 1478 2300 Ubi
1507 2264 1578 2300 erit
1604 2263 1723 2315 igitur
1749 2263 1850 2301 illud

459 2328 706 2366 fortissimum
739 2327 954 2380 praefidium
986 2328 1142 2380 pudoris
1162 2330 1175 2366 ?
1213 2342 1292 2380 quo
1326 2329 1367 2366 in
1401 2328 1488 2367 loco
1518 2329 1628 2367 nobis
1659 2329 1736 2367 vita
1765 2338 1851 2367 ante

461 2397 539 2432 aeta
573 2394 739 2447 proderit
760 2395 771 2430 ?
813 2394 918 2447 quod
957 2395 1003 2433 ad
1038 2404 1191 2448 tempus
1228 2394 1520 2434 existimationis
1557 2404 1672 2449 partae
1705 2393 1854 2434 fructus
