2212 2835
392 107 467 133 202
827 89 1227 129 ORATIO
1291 88 1362 127 IV.

389 192 583 229 atrocitate
604 190 723 228 animi
743 201 913 231 moveor,
944 186 1051 237 (quis
1071 185 1176 223 enim
1196 183 1250 222 est
1269 196 1332 221 me
1353 181 1485 222 mitior
1501 184 1539 236 ?)
1563 183 1624 222 sed
1644 183 1774 236 fingu-

389 258 455 295 lari
489 257 651 308 quadam
686 253 938 297 humanitate,
978 261 1016 289 et
1048 249 1319 289 misericordia.
1359 249 1504 287 Videor
1537 249 1643 288 enim
1675 248 1775 288 hanc

389 322 487 360 mihi
520 322 655 359 urbem
687 320 825 363 videre,
861 319 990 356 lucem
1021 318 1123 356 orbis
1154 325 1353 361 terrarum,
1388 323 1502 368 atque
1531 328 1658 354 arcem
1686 328 1775 353 om-

388 388 499 426 nium
520 387 712 439 gentium,
743 385 869 423 subito
887 397 965 422 uno
985 383 1164 422 incendio
1183 382 1454 421 concidentem
1472 396 1482 420 t
1513 395 1628 420 cerno
1647 380 1778 419 animo

388 453 533 505 sepulta
552 454 592 490 in
612 452 733 505 patria
752 449 907 489 miseros
927 458 1042 502 atque
1067 448 1277 502 insepultos
1303 461 1455 486 acervos
1483 447 1631 486 civium
1650 462 1660 485 ε
1691 459 1778 485 ver-

388 519 489 557 satur
508 517 609 556 mihi
629 527 715 556 ante
734 516 867 555 oculos
888 515 1054 569 aspeetus
1077 513 1256 567 Cethegi,
1286 522 1324 552 et
1343 513 1463 559 furor,
1494 513 1535 552 in
1560 513 1678 552 vestra
1702 525 1778 551 cae-

390 585 436 623 de
457 583 692 622 bacchantis.
727 584 832 620 Cum
851 595 939 620 vero
966 579 1064 619 mihi
1091 581 1271 634 proposui
1296 588 1520 633 regnantem
1547 577 1778 622 Lentulum,

389 651 486 690 ficut
505 650 582 704 ipse
603 650 637 688 se
656 663 704 688 ex
722 648 810 688 fatis
830 647 983 702 speraffe
1000 646 1188 686 confeffus
1210 647 1285 691 est;
1306 654 1561 700 purpuratum
1581 644 1652 683 effe
1671 643 1779 683 hunc

388 716 632 760 Gabinium3
664 728 756 753 cum
785 713 955 752 exercitu
985 712 1122 751 veniffe
1149 712 1385 751 Catilinam:
1420 722 1504 750 tum
1532 710 1779 750 lamentatio-

392 796 482 821 nem
512 790 681 820 matrum
711 779 891 824 familias,
923 787 1008 816 tum
1033 777 1169 830 fugam
1194 778 1392 830 virginum
1417 787 1531 830 atque
1556 789 1779 831 puerorum,

393 861 434 886 ac
456 848 696 886 vexationem
717 846 912 898 virginum
933 843 1160 888 Vestalium,
1191 841 1458 896 perhorresco:
1489 851 1542 888 et,
1572 843 1663 895 quia
1681 840 1782 880 mihi

391 913 639 952 vehementer
672 911 753 950 haec
788 911 966 949 videntur
1001 908 1136 948 misera
1164 918 1278 961 atque
1307 907 1531 952 miseranda,
1566 907 1711 945 idcirco
1740 907 1781 944 in

392 993 471 1025 eos,
506 980 575 1032 qui
608 993 650 1016 ea
679 977 858 1031 perficere
887 977 1105 1020 voluerunt,
1141 988 1204 1012 me
1233 974 1405 1012 severum
1435 972 1783 1025 vehementemque

393 1047 555 1099 praebeo.
588 1044 748 1083 Etenim
769 1056 911 1097 quaero‚
941 1042 968 1081 fi
988 1042 1075 1095 quis
1094 1039 1380 1094 paterfamilias,
1410 1039 1540 1078 liberis
1561 1038 1634 1078 suis
1660 1052 1682 1077 a
1707 1038 1783 1077 ser-

391 1126 440 1151 vo
459 1109 683 1156 interfectis,
713 1122 831 1149 uxore
850 1108 986 1153 occisa,
1017 1107 1167 1146 incensa
1185 1107 1317 1151 domo,
1348 1105 1584 1158 supplicium
1610 1105 1658 1144 de
1676 1104 1783 1143 servo

394 1192 470 1217 non
491 1191 609 1230 quam
629 1175 912 1215 acerbiffimum
934 1173 1158 1226 sumpserit3
1181 1182 1313 1211 utrum
1332 1171 1363 1210 is
1383 1171 1550 1210 clemens
1570 1185 1613 1209 ac
1633 1170 1784 1210 miseri-

394 1258 492 1289 cors,
524 1257 571 1281 an
597 1241 936 1280 inhumanissimus
964 1248 1002 1277 et
1026 1237 1321 1282 crudelissimus,
1352 1236 1422 1275 effe
1451 1237 1650 1275 videatur?
1682 1235 1784 1274 mihi

395 1324 483 1349 vero
503 1310 749 1362 importunus
770 1321 812 1345 ac
833 1305 990 1351 ferreus,
1021 1306 1089 1358 qui
1110 1318 1186 1343 non
1207 1304 1336 1342 dolore
1356 1317 1397 1341 ac
1418 1305 1589 1341 cruciatu
1609 1303 1784 1341 nocentis

396 1378 507 1416 suum
528 1376 700 1414 dolorem
721 1374 1014 1424 cruciatumque
1033 1371 1195 1409 lenierit.
1228 1370 1288 1408 Sic
1309 1384 1377 1408 nos
1398 1371 1437 1408 in
1460 1369 1520 1408 his
1540 1369 1783 1414 hominibus,

396 1444 464 1495 qui
484 1456 567 1487 nos,
600 1442 667 1494 qui
686 1441 884 1492 conjuges,
915 1439 982 1490 qui
1001 1437 1140 1475 liberos
1162 1436 1320 1481 nostros,
1348 1436 1534 1474 trucidare
1554 1435 1782 1480 voluerunt;

396 1509 465 1560 qui
495 1497 657 1559 singulas
690 1503 986 1556 uniuscujusque
1016 1501 1187 1540 nostrum
1219 1501 1368 1546 domos,
1399 1510 1437 1539 et
1462 1500 1537 1538 hoc
1566 1500 1786 1538 universum

398 1574 619 1626 reipublicae
645 1571 906 1615 domicilium,
937 1569 1062 1607 delere
1088 1568 1216 1606 conati
1243 1567 1356 1612 sunt;
1387 1567 1455 1619 qui
1478 1567 1517 1604 id
1538 1575 1711 1619 egerunt,
1743 1574 1787 1604 ut

396 1649 552 1693 gentem
583 1638 843 1690 Allobrogum
875 1636 915 1673 in
945 1634 1111 1686 vestigiis
1142 1632 1257 1685 hujus
1289 1633 1409 1677 urbis,
1443 1628 1627 1684 atque'in
1658 1632 1786 1670 cinere

397 1706 591 1757 deflagrati
635 1703 803 1755 imperii,
848 1700 1105 1742 collocarent3
1144 1698 1169 1736 fi
1216 1697 1536 1735 vehementiffimi
1581 1696 1784 1741 fuerimus,

399 1770 657 1810 misericordes
680 1768 936 1806 habebimur:
970 1765 1024 1802 fin
1053 1763 1276 1801 remiffiores
1303 1762 1373 1800 effe
1396 1762 1644 1806 voluerimus,
1676 1761 1783 1799 sum-

400 1852 470 1875 mae
493 1837 602 1875 nobis
633 1833 867 1872 crudelitatis
894 1833 934 1869 in
961 1830 1090 1883 patriae
1118 1829 1341 1881 civiumque
1365 1827 1532 1881 pernicie
1551 1826 1653 1866 fama
1672 1827 1784 1865 sube-

399 1903 499 1941 unda
519 1901 582 1939 est.

456 1968 539 2006 Nisi
568 1980 654 2005 vero
680 1966 849 2018 cuipiam
879 1966 926 2003 L.
957 1963 1093 2008 Caesar,
1125 1965 1180 2001 vir
1207 1961 1429 2000 sortiffimus
1451 1970 1487 1999 et
1507 1960 1785 1999 amantissimus

401 2033 633 2086 reipublicae,
665 2032 853 2069 crudelior
885 2029 1155 2068 nudiustertius
1188 2028 1284 2066 visus
1315 2028 1380 2072 cst,
1412 2041 1503 2064 curn
1534 2026 1666 2064 sororis
1697 2025 1784 2070 suae,

400 2100 569 2139 foeminae
590 2098 831 2141 clefflffimae,
863 2096 988 2134 virum
1009 2095 1245 2148 praesentem‚
1277 2104 1313 2131 et
1335 2094 1567 2136 audientem,
1599 2092 1676 2129 vita
1705 2092 1786 2144 pri-

401 2166 566 2204 vandum
597 2163 666 2201 effe
693 2163 819 2206 dixit;
852 2176 943 2199 cum
970 2160 1201 2211 avumjuffu
1228 2160 1392 2198 consulis
1414 2158 1675 2203 interstetum,
1706 2157 1785 2195 fili-

403 2245 547 2284 umque
581 2232 660 2282 ejus
698 2228 954 2281 impuberem,
986 2228 1154 2279 legatum
1188 2239 1207 2263 a
1237 2235 1339 2277 patre
1371 2224 1539 2269 miffum,
1569 2225 1609 2262 in
1638 2236 1786 2262 carcere

401 2308 595 2341 necatum,
626 2294 696 2332 effe
723 2294 836 2332 dixit.
869 2295 1065 2344 Qorum,
1096 2291 1200 2343 quod
1227 2291 1348 2329 fimile
1374 2290 1550 2328 faetum?
1581 2289 1686 2342 quod
1707 2289 1784 2326 ini-

403 2375 486 2404 tum
504 2361 672 2402 delenda»
692 2360 911 2413 reipublicae
931 2359 1135 2399 confilium
1154 2358 1166 2394 ?
1190 2357 1423 2411 Largitionis
1445 2356 1618 2395 voluntas
1640 2365 1724 2394 tum
1746 2355 1786 2392 in
