2212 2835
394 213 465 240 122
895 195 1296 235 ORATIO

385 298 529 336 nostros
552 295 744 339 homines,
774 302 928 348 propter
948 307 1129 348 agrorum
1155 293 1370 332 bonitatem
1392 302 1429 331 et
1450 294 1631 332 omnium
1652 307 1779 332 rerum

383 365 549 417 copiam.

441 431 527 468 Hac
555 436 658 467 tanta
685 428 731 466 de
757 440 796 466 re
822 429 867 466 P.
900 426 1043 467 Rullus
1070 440 1162 466 cum
1183 427 1325 466 caeteris
1346 426 1590 472 decemviris,
1620 426 1778 480 collegis

384 496 472 541 suis,
490 495 703 549 judicabit?
725 503 763 532 et
784 508 918 533 verum
933 493 1148 547 judicabit?
1177 508 1267 532 nam
1287 503 1497 546 utrumque
1518 494 1571 532 ita
1590 507 1779 546 magnum

382 563 447 608 est,
480 572 522 601 ut
554 562 662 600 nullo
694 561 812 600 modo
839 575 964 614 neque
990 561 1299 606 concedendum,
1331 574 1456 613 neque
1484 560 1687 599 ferendum
1717 561 1775 598 fit.

382 630 497 667 Volet
529 628 601 667 effe
629 628 850 682 popularis:
882 628 1029 681 populo
1055 629 1237 667 Romano
1255 627 1503 680 adjudicabit.
1536 628 1642 680 Ergo
1672 627 1777 665 idem

381 712 428 736 ex
467 698 529 736 sua
566 698 650 749 lege
689 696 827 735 vende-t
865 696 1155 742 Alexandriam,
1203 695 1343 734 vendet
1379 696 1626 748 AEgyptum:
1671 694 1777 733 urbis

382 763 658 817 copiofiffimae,
689 760 1121 815 pulcherrimorumque
1140 775 1334 815 agrorum,
1359 761 1495 814 judex,
1525 761 1680 806 arbiter,
1704 761 1774 799 do-

381 831 526 874 minus,
558 843 623 868 rex
643 829 808 882 denique
828 829 1105 882 opulentissimi
1124 829 1246 881 regni,
1278 828 1498 881 reperietur.
1529 828 1625 866 Non
1653 828 1778 867 sumet

380 896 450 935 fibi
478 905 645 940 tantum,
678 910 755 934 non
784 904 938 949 appetet
954 913 966 940 ;
992 896 1186 948 judicabit
1211 894 1488 933 Alexandriam
1515 895 1614 946 regis
1641 893 1725 938 effe,
1756 907 1777 932 a

380 963 526 1016 populo
547 964 727 1001 Romano
747 962 995 1014 abjudicabit.

435 1031 568 1068 XVII.
601 1029 780 1067 Primum
808 1028 944 1082 populi
971 1028 1141 1067 Romani
1168 1026 1420 1066 hereditatem
1439 1026 1775 1080 decemvirijudi-

379 1105 480 1141 cent,
511 1110 605 1134 cum
637 1109 702 1133 vos
735 1095 932 1133 volueritis
964 1095 1011 1132 de
1036 1095 1192 1147 privatis
1213 1093 1488 1132 hereditatibus
1508 1094 1774 1134 centumviros

374 1163 546 1215 judicare
563 1163 576 1217 ¹?
609 1162 746 1200 deinde
766 1161 852 1213 quis
873 1169 958 1213 aget
978 1161 1128 1198 causam
1149 1160 1285 1214 populi
1306 1160 1476 1199 Romani
1495 1160 1507 1196 ?
1539 1160 1608 1198 ubi
1632 1173 1690 1198 res
1708 1160 1777 1198 ista

378 1230 535 1282 agetur?
555 1229 623 1282 qui
640 1228 728 1266 sunt
743 1228 802 1266 isti
818 1227 1040 1272 decemviri,
1060 1240 1157 1280 quos
1174 1226 1447 1280 perspiciamus
1463 1240 1628 1280 regnum
1647 1227 1773 1265 Alex-

378 1296 516 1334 andriae
544 1294 756 1334 Ptolemaeo
782 1294 897 1348 gratis
917 1294 1227 1347 adjudicaturos?
1261 1294 1382 1346 Qod
1402 1293 1427 1331 fi
1449 1293 1683 1332 Alexandria
1703 1306 1772 1346 pe-

377 1362 528 1401 tebatur
543 1380 555 1408 3
587 1375 656 1400 cur
675 1375 753 1400 non
773 1361 925 1399 eosdem
945 1360 1075 1399 cursus
1096 1360 1172 1399 hoc
1200 1369 1388 1414 tempore,
1419 1373 1531 1413 quos,
1563 1361 1611 1398 L.
1641 1361 1771 1406 Cotta,

376 1431 425 1468 L.
457 1430 674 1482 Torquato,
714 1427 965 1472 Consulibus,
1006 1427 1289 1467 cucurrerunt?
1329 1441 1399 1465 cur
1432 1441 1511 1466 non
1545 1435 1686 1480 aperte,
1727 1436 1771 1466 ut

374 1496 507 1533 antea?
538 1509 606 1533 cur
626 1508 704 1532 non
725 1494 833 1539 item,
856 1502 899 1532 ut
918 1507 1010 1533 cum
1031 1494 1200 1538 decreto,
1221 1502 1259 1532 et
1279 1494 1420 1546 palam,
1441 1493 1640 1545 regionem
1660 1493 1769 1531 illam

376 1562 568 1614 petierunt
586 1562 599 1598 ?
631 1573 677 1598 an
698 1559 839 1612 quietis
859 1560 921 1604 iis,
943 1560 1010 1611 qui
1032 1573 1098 1612 per
1116 1559 1271 1597 cursum
1293 1561 1440 1597 rectum
1460 1572 1624 1611 regnum
1645 1567 1770 1597 tenere

375 1640 454 1665 non
479 1634 702 1681 potuerunt,
735 1638 837 1663 nunc
869 1625 975 1663 tetris
1007 1625 1173 1663 tenebris
1199 1634 1238 1663 et
1256 1624 1422 1678 caligine
1442 1624 1476 1662 se
1496 1623 1771 1663 Alexandriam

376 1702 623 1745 perventuros
642 1691 814 1730 arbitrati
835 1690 921 1728 sunt
939 1690 952 1727 ?

430 1759 563 1811 Atque
590 1757 687 1796 illud
711 1755 998 1809 circumspicite
1022 1755 1150 1792 vestris
1178 1755 1389 1800 mentibus,
1420 1768 1573 1806 unaque
1592 1751 1604 1765 '⁴
1626 1756 1771 1807 legatos

374 1825 535 1870 nostros,
565 1822 744 1861 homines
765 1822 986 1860 auctoritate
1006 1821 1126 1866 tenui,
1157 1820 1226 1873 qui
1252 1834 1380 1858 rerum
1401 1821 1634 1873 privatarum
1661 1822 1771 1860 causa

374 1890 582 1944 legationes
604 1889 739 1928 liberas
760 1889 920 1932 obeunt,
952 1896 1082 1926 tamen
1110 1896 1247 1924 exterae
1277 1887 1449 1925 nationes
1479 1886 1576 1925 ferre
1595 1888 1661 1926 vix
1680 1887 1767 1940 pos-

374 1956 474 1994 sunt.
497 1956 623 1994 Grave
642 1954 694 1992 est
713 1954 819 1992 enim
839 1967 982 1992 nomen
1003 1953 1171 2005 imperii,
1192 1962 1307 2004 atque
1327 1953 1367 1991 id
1388 1953 1503 1990 etiam
1525 1954 1566 1991 in
1583 1954 1658 1991 levi
1678 1967 1767 2006 per-

374 2024 462 2061 sona
492 2020 784 2074 pertimescitur,
816 2029 1013 2072 propterea
1045 2019 1150 2071 quod
1186 2019 1318 2063 vestro,
1357 2033 1433 2057 non
1470 2019 1550 2065 suo,
1591 2021 1769 2064 nomine„

373 2086 579 2127 cumhinc
600 2085 729 2139 egreffi
751 2085 851 2129 sunt,
882 2085 1108 2123 abutuntur.
1140 2084 1249 2136 Qid
1276 2084 1450 2130 censetis,
1479 2099 1572 2123 cum
1603 2085 1663 2123 isti
1696 2086 1765 2124 de-

370 2154 534 2193 cemviri
554 2166 647 2191 cum
668 2152 845 2204 imperio,
876 2164 968 2189 cum
989 2149 1169 2195 fascibus,
1201 2164 1293 2188 cum
1314 2150 1379 2188 illa
1399 2151 1543 2189 deleem
1563 2151 1765 2190 finitorum

366 2222 584 2272 juventute,
604 2232 671 2272 per
690 2218 822 2256 orbem
846 2226 1030 2255 terrarum
1050 2217 1315 2270 vagabuntur?
1347 2231 1425 2269 quo
1446 2217 1600 2256 tandem
1619 2218 1767 2262 animo,

372 2301 450 2340 quo
469 2295 591 2331 metu,
623 2299 701 2338 quo
720 2284 906 2337 periculo,
938 2283 1089 2322 miseras
1112 2284 1284 2321 nationes
1315 2283 1462 2322 futuras
1482 2285 1495 2321 ?
1527 2284 1596 2322 Est
1623 2284 1763 2322 inim-

372 2355 478 2406 perio
504 2363 650 2391 terror:
683 2352 888 2404 patientur.
926 2350 992 2388 Est
1014 2351 1052 2388 in
1074 2350 1237 2388 adventu
1267 2350 1443 2403 sumptus
1466 2365 1477 2389 :
1507 2349 1641 2388 ferent.
1677 2351 1761 2388 Im·—

371 2420 564 2472 perabitur
584 2417 730 2471 aliquid
750 2418 939 2456 muneris:
963 2430 1040 2454 non
1062 2416 1303 2455 recusabunt.
1335 2416 1441 2455 Illud
1461 2430 1551 2454 vero
1570 2424 1762 2467 quantum

370 2484 435 2529 est,
478 2485 667 2535 Qirites,
703 2497 796 2522 cum
832 2484 864 2522 is
903 2483 1110 2528 decemvir,
1148 2483 1217 2535 qui
1253 2483 1421 2534 aliquam
1454 2482 1495 2520 in
1531 2482 1666 2520 urbem
1697 2489 1761 2518 aut
