2212 2835
362 217 435 245 100
861 199 1262 240 ORATIO

356 304 544 345 vendunt,
576 313 690 352 quam
712 300 755 337 P.
780 296 999 343 Africanus,
1030 298 1214 336 nudatam
1234 295 1340 336 tectis
1361 308 1403 335 ac
1422 296 1639 343 moenibus,
1670 298 1742 337 five

356 369 401 406 ad
421 365 627 405 notandam
649 363 1010 416 Carthaginensium
1025 363 1296 408 calamitatem,
1317 363 1391 401 five
1406 362 1453 401 ad
1469 362 1744 402 testificandam

356 433 520 471 nostram
556 430 752 470 vidtoriam
771 457 781 473 ‚
817 429 889 467 slve
922 429 968 467 ad
1002 428 1172 467 oblatam
1206 428 1378 481 aliquam
1411 428 1636 481 religionem
1651 457 1662 474 ‚
1697 428 1745 467 ad

356 507 532 536 aeternam
553 495 762 534 hominum
782 495 1012 532 memoriam
1033 494 1277 533 consecravit.
1301 494 1376 534 His
1398 494 1608 546 infignibus
1629 503 1746 547 atque

357 563 491 602 infulis
523 562 675 615 imperii
709 561 888 606 venditis,
924 561 1066 613 quibus
1100 569 1272 599 ornatam
1303 559 1412 598 vobis
1444 561 1603 612 majores
1634 559 1745 599 vestri

358 630 640 682 rempublicam
671 628 930 672 tradiderunt,
961 627 1102 679 jubent
1132 640 1195 665 eos
1227 640 1334 679 agros
1365 627 1518 672 venire,
1554 639 1648 679 quos
1680 640 1745 664 rex

358 694 608 733 Mithridates
630 695 668 732 in
690 692 964 745 Paphlagonia,
996 694 1135 737 Ponto,
1168 692 1501 745 Cappadociaque,
1530 691 1744 745 possederit.

359 761 472 799 Num
503 759 660 797 obscure
694 758 896 803 videntur,
933 771 1050 810 prope
1080 756 1183 795 hasta
1213 757 1422 809 praeconis,
1458 757 1631 795 insectari
1667 758 1744 795 Cn.

359 826 537 878 Pompeii
557 824 791 869 exercitum,
823 824 891 876 qui
910 824 1037 861 venire
1050 823 1213 874 jubeant
1233 836 1295 860 eos
1315 823 1414 875 ipsos
1435 837 1563 876 agros,
1593 823 1634 861 in
1655 823 1747 876 qui-

360 893 432 931 bus
453 892 519 930 ille
538 892 654 930 etiam
675 904 778 929 nunc
798 891 948 928 bellum
967 898 1087 942 gerat,
1117 898 1231 941 atque
1250 888 1443 927 versetur?

416 959 490 997 III.
522 959 613 996 Hoc
634 970 721 995 vero
741 956 956 1007 cujusmodi
977 955 1042 999 est,
1064 956 1169 1006 quod
1188 956 1267 1006 ejus
1288 954 1486 999 auctionis,
1514 968 1631 1006 quam
1651 967 1748 993 con-

360 1024 537 1068 stituunt,
567 1024 700 1061 locum
720 1022 788 1059 fibi
809 1021 963 1059 nullum
984 1020 1202 1058 definiunt?
1234 1034 1323 1057 nam
1343 1020 1583 1066 decemviris,
1606 1021 1748 1073 quibus

361 1090 401 1128 in
420 1090 514 1127 locis
535 1088 621 1141 ipsis
642 1088 833 1132 videatur,
864 1086 1054 1124 vendendi
1074 1085 1234 1138 potestas
1255 1086 1338 1137 lege
1358 1087 1608 1138 permittitur.
1642 1087 1749 1125 Cen-

361 1154 507 1192 soribus
528 1152 727 1205 veitigalia
745 1152 887 1196 locare,
919 1151 988 1189 nifi
1008 1151 1048 1188 in
1068 1150 1271 1202 conspeetu
1294 1151 1430 1203 populi
1450 1152 1639 1196 Romani,
1671 1165 1750 1190 non

362 1221 479 1258 licet:
511 1219 572 1257 his
600 1218 761 1256 vendere
788 1217 848 1255 vel
874 1218 914 1255 in
941 1216 1091 1254 ultimis
1119 1217 1224 1254 terris
1254 1215 1415 1254 licebit?
1447 1218 1502 1256 At
1530 1216 1605 1255 hoc
1633 1218 1750 1255 etiam

362 1284 579 1338 nequiffimi
599 1283 791 1328 homines,
812 1282 1049 1335 consumptis
1066 1282 1323 1334 patrimoniis,
1346 1281 1506 1328 faciunt,
1529 1292 1572 1320 ut
1587 1283 1627 1320 in
1645 1283 1749 1320 atriis

363 1350 604 1389 auc‘tionariis
626 1349 776 1401 potius,
806 1361 922 1401 quam
943 1348 982 1385 in
1005 1348 1125 1385 triviis
1144 1357 1208 1385 aut
1228 1347 1268 1385 in
1289 1348 1492 1400 compitis,
1524 1348 1749 1386 anchonen-

364 1425 453 1454 tur:
484 1414 550 1453 hic
577 1414 767 1467 permittit
794 1413 857 1451 sua
883 1414 965 1466 lege
991 1413 1236 1458 decemviris,
1268 1422 1311 1451 ut
1336 1413 1376 1450 in
1404 1413 1545 1465 quibus
1568 1427 1750 1452 commo-

364 1483 459 1521 dum
480 1482 524 1520 fit
545 1481 722 1525 tenebris,
745 1489 789 1518 ut
808 1481 848 1518 in
869 1493 944 1532 qua
960 1479 1077 1518 velint
1093 1478 1310 1524 solitudine,
1332 1479 1432 1518 bona
1448 1480 1584 1533 populi
1601 1480 1750 1518 Roma-

364 1548 404 1586 ni
424 1547 563 1600 poffint
583 1546 799 1584 divendere.

417 1614 507 1664 Jam
528 1612 592 1650 illa
612 1612 793 1650 omnibus
815 1611 855 1649 in
875 1611 1096 1663 provinciiS,
1129 1611 1269 1663 regnis,
1296 1611 1427 1649 liberis
1443 1611 1613 1664 populis,
1634 1625 1753 1663 quam

364 1679 509 1724 acerba,
542 1692 658 1731 quam
679 1677 936 1722 formidolosa,
958 1691 1076 1729 quarn
1097 1676 1316 1729 quaestuosa,
1337 1677 1576 1715 concursatio
1595 1677 1752 1714 decem-

364 1745 488 1782 viralis
515 1743 643 1782 futura
671 1743 729 1788 sit,
760 1756 836 1780 non
863 1742 1028 1780 videtis?
1060 1742 1334 1780 Hereditatum
1362 1742 1625 1779 obeundarum
1645 1742 1754 1780 causa

365 1810 506 1862 quibus
528 1822 592 1846 vos
614 1809 820 1860 legationes
841 1807 1008 1852 dedistis,
1031 1808 1100 1860 qui
1120 1816 1157 1845 et
1175 1806 1327 1859 privati,
1349 1815 1387 1844 et
1406 1807 1597 1859 privatum
1617 1807 1662 1844 ad
1683 1820 1752 1845 ne-

365 1868 751 1927 gotiumjexierunt,
780 1886 856 1911 non
879 1873 1059 1911 maximis
1090 1872 1243 1924 opibUS‚
1274 1885 1398 1924 neque
1418 1872 1568 1910 summa
1587 1873 1752 1910 auetori-

366 1950 456 1984 tate,
487 1939 649 1991 praediti‚
680 1947 808 1976 tamen
835 1938 974 1976 auditis
1007 1936 1190 1991 profecto,
1221 1950 1339 1989 quam
1369 1950 1498 1989 graves
1525 1951 1658 1975 eorum
1685 1938 1753 1975 ad-

366 2015 501 2044 ventus
522 2005 631 2042 sociis
658 2004 783 2042 vestris
810 2004 880 2042 effe
905 2004 1060 2042 soleant.
1093 2004 1360 2056 Qamobrem
1386 2004 1481 2056 quid
1507 2004 1649 2056 putatis
1676 2004 1752 2042 im-

368 2071 527 2123 pendere
555 2069 624 2107 hac
653 2070 735 2122 lege
762 2070 944 2108 omnibus
972 2069 1152 2122 gentibus
1180 2069 1331 2107 terroris
1352 2078 1388 2107 et
1409 2069 1514 2114 mali,
1546 2083 1637 2107 cum
1659 2070 1754 2107 mit-

368 2146 496 2175 tantur
515 2138 554 2174 in
575 2137 708 2174 orbem
732 2146 915 2174 terrarum
936 2136 1143 2174 decemviri
1163 2135 1315 2173 summo
1333 2149 1425 2173 cum
1447 2136 1624 2188 imperio,
1647 2135 1750 2173 sum-

368 2216 430 2240 ma
446 2215 536 2240 cum
553 2202 719 2246 avaritia,
742 2202 967 2254 infinitaque
983 2202 1161 2240 omnium
1180 2215 1307 2239 rerum
1323 2201 1553 2253 cupiditate?
1574 2203 1754 2252 Qorum

368 2282 459 2306 cum
475 2268 658 2306 adventus
675 2282 819 2320 graves,
840 2282 931 2306 cum
948 2267 1062 2305 fasces
1080 2267 1330 2312 formidolosi,
1355 2276 1436 2305 tum
1456 2281 1542 2305 vero
1556 2267 1755 2319 judicium

368 2347 409 2371 ac
443 2334 606 2386 potestas
640 2335 711 2372 crit
744 2348 821 2371 non
855 2333 1030 2371 ferenda:
1073 2333 1205 2370 licebit
1239 2333 1343 2370 enim
1357 2362 1368 2377 ,
1409 2333 1512 2384 quod
1547 2332 1754 2376 videbitur,

367 2399 572 2451 publicum
588 2401 784 2452 judicare;
807 2400 912 2452 quod
927 2400 1151 2452 judicarint,
1174 2400 1347 2438 vendere.
1372 2400 1501 2437 Etiam
1518 2398 1629 2443 illud,
1651 2397 1756 2449 quod

368 2464 546 2504 homines
566 2466 678 2505 sanCti
700 2480 777 2505 non
800 2465 954 2511 facient,
987 2474 1029 2504 ut
1049 2466 1251 2519 pecuniam
1272 2466 1475 2519 accipiant,
1498 2478 1544 2503 ne
1564 2463 1753 2507 vendant5
