2212 2835
633 195 722 233 DE
782 194 975 233 LEGE
1036 193 1396 232 AGRARIA.
1664 206 1739 247 ¹25

327 302 365 332 et
392 293 469 332 illis
498 294 715 347 paludibus,
749 302 787 331 et
814 294 998 331 itinerum
1020 293 1219 345 angustiis,
1254 301 1368 345 atque
1389 291 1594 330 altitudine
1621 306 1738 330 mon-

329 361 445 405 tium,
478 360 731 404 defendatur;
764 373 858 397 cum
890 359 1096 411 imperator
1135 359 1175 396 in
1208 359 1311 397 bello
1344 359 1537 403 versetur3
1570 359 1609 396 in
1642 359 1737 398 locis

328 437 458 465 autem
488 427 566 465 illis
595 427 710 464 etiam
741 439 846 463 nunc
878 425 973 462 belli
1004 438 1148 462 nomen
1181 425 1378 477 reliquum
1409 426 1480 463 fit:
1514 439 1577 463 eos
1609 439 1732 478 agros,

329 507 497 545 quorum
519 491 644 530 adhuc
664 505 778 544 penes
801 492 877 529 Cn.
902 491 1136 543 Pompeium
1154 504 1270 529 omne
1284 491 1482 542 judicium
1500 501 1537 529 et
1554 493 1731 544 potestas,

329 572 436 597 more
461 559 669 611 majorum,
702 557 815 595 debet
842 556 927 602 effe,
959 557 1169 595 decemviri
1195 557 1394 596 vendent?
1427 566 1484 602 et,
1515 558 1650 602 credo,
1684 560 1728 596 P.

328 624 470 663 Rullus
495 625 544 677 (is
565 625 672 663 enim
693 623 742 662 fic
764 623 798 661 se
819 623 932 675 gerit,
956 632 999 661 ut
1020 623 1089 661 fibi
1103 624 1187 675 jam
1208 623 1404 662 decemvir
1424 624 1638 676 designatus
1659 624 1730 662 effe

328 692 516 743 videatur)
540 691 585 741 ad
605 704 689 728 eam
710 691 929 728 auftionem
950 689 1192 742 potissimum
1213 689 1490 743 proficiscetur.

380 758 472 796 XX.
505 758 542 796 Is
563 757 756 802 videlicet,
786 765 992 809 antequam
1013 757 1141 794 veniat
1160 756 1200 794 in
1222 758 1408 802 Pontum,
1437 758 1563 795 literas
1584 757 1630 795 ad
1652 759 1728 795 Cn.

329 825 561 878 Pompeium
584 824 714 862 mittet
734 838 743 861 ε
767 836 934 875 quarum
955 836 1026 875 ego
1040 824 1124 875 jam
1145 823 1371 877 exemplum
1393 825 1439 863 ab
1466 824 1544 862 istis
1566 838 1730 878 compo-

328 891 444 930 fitum
464 891 534 929 effe
553 891 728 929 arbitror.
761 891 811 928 P.
835 890 1012 929 Servilius
1031 891 1175 935 Rullus,
1208 890 1378 929 tribunus
1390 891 1517 944 plebis,
1539 891 1729 938 decemvir,

328 959 369 997 S.
406 959 464 997 D.
502 959 572 996 Cn.
609 957 787 1009 Pompeio,
830 958 900 994 Cn.
942 958 991 995 F.
1037 957 1132 994 Non
1168 957 1283 995 credo
1319 957 1603 1011 adscripturum
1643 959 1730 1005 effe,

328 1026 472 1077 Magno
488 1040 502 1063 .·
533 1036 613 1062 non
644 1024 750 1061 enim
778 1023 930 1061 videtur
959 1022 1013 1067 id,
1045 1022 1150 1075 quod
1179 1023 1414 1062 imminuere
1443 1024 1528 1077 lege
1555 1035 1730 1071 conatur,

329 1089 598 1130 concessurum
631 1090 761 1128 verbo.
796 1085 846 1128 ‘Te
877 1089 955 1128 volo
986 1103 1130 1133 curare,
1162 1099 1205 1127 ut
1237 1090 1327 1128 mihi
1358 1091 1484 1144 Sinope
1510 1091 1641 1144 praesto
1658 1094 1729 1143 sts,

328 1158 567 1210 auxiliumque
585 1155 753 1200 adducas,
784 1155 867 1194 dum
887 1169 940 1194 eos
957 1170 1077 1208 agros,
1105 1170 1189 1208 quos
1209 1165 1270 1194 tuo
1288 1156 1407 1195 labore
1427 1157 1554 1209 cepsszss
1576 1173 1636 1211 ego
1655 1173 1732 1198 mea

329 1226 402 1278 lege
426 1223 590 1263 vendam.
622 1224 688 1261 An
714 1222 948 1275 Pompeium
974 1235 1052 1260 non
1080 1220 1312 1261 adhibebit?
1351 1224 1396 1262 In
1424 1225 1504 1276 ejus
1532 1226 1731 1277 provincia

328 1291 465 1330 vendet
486 1289 687 1328 manubias
709 1288 977 1343 imperatoris?
1010 1289 1149 1327 Ponite
1169 1299 1256 1327 ante
1276 1290 1409 1328 oculos
1431 1291 1539 1329 vobis
1560 1292 1729 1331 Rullum

329 1359 371 1396 in
398 1359 538 1402 Ponto,
577 1357 676 1395 inter
703 1356 822 1394 vestra
846 1366 962 1408 atque
987 1355 1158 1394 hostium
1184 1356 1314 1402 castra,
1345 1356 1449 1397 hasta
1474 1357 1606 1411 posita,
1638 1372 1732 1399 cum

328 1425 404 1465 fuis
423 1424 600 1464 formofis
620 1423 840 1463 finitoribus
861 1424 1163 1465 auctionantem.

384 1492 527 1545 Neque
559 1492 600 1529 in
631 1489 708 1529 hoc
738 1490 863 1530 solum
894 1490 991 1529 inest
1020 1490 1272 1536 contumella„
1304 1505 1390 1544 quae
1420 1491 1668 1531 vehementer
1694 1502 1733 1531 et

328 1557 484 1610 infignis
505 1558 570 1602 est,
592 1565 631 1595 et
650 1569 761 1602 nova,
784 1566 827 1594 ut
852 1557 931 1595 ulla
950 1570 1006 1594 res
1028 1565 1134 1609 parta
1153 1557 1269 1601 bello,
1291 1558 1469 1596 nondum
1490 1559 1641 1611 legibus
1662 1560 1730 1598 da-

331 1625 393 1669 tis,
430 1624 547 1662 etiam
582 1632 669 1661 tum
702 1623 933 1676 imperatore
966 1623 1117 1661 bellum
1152 1623 1454 1670 administrante,
1497 1639 1575 1664 non
1610 1627 1729 1665 modo

331 1690 503 1735 venierit,
534 1703 669 1728 verum
695 1690 811 1728 etiam
839 1689 964 1728 locata
989 1689 1046 1728 fit.
1091 1689 1184 1728 Plus
1212 1689 1380 1742 spe&ant
1406 1689 1586 1730 homines
1614 1702 1728 1737 certe,

329 1771 447 1810 quam
466 1756 770 1795 contumeliam:
793 1756 956 1809 sperant,
981 1757 1007 1795 fi
1023 1756 1245 1795 concessum
1262 1757 1306 1795 fit
1322 1758 1492 1796 inimicis
1511 1760 1587 1797 Cn.
1607 1761 1729 1798 Pom-

330 1823 421 1877 peii,
452 1836 546 1863 cum
571 1823 751 1876 imperiO,
783 1836 875 1861 cum
895 1823 1049 1875 judicio
1076 1823 1257 1862 omnium
1284 1838 1428 1869 rerum,
1460 1838 1552 1864 cum
1579 1826 1732 1864 infinita

329 1889 527 1943 potestate,
562 1903 655 1928 cum
675 1890 952 1928 innumerabili
978 1890 1155 1943 pecunia,
1189 1903 1268 1928 non
1294 1890 1418 1929 solum
1451 1891 1533 1930 aliis
1565 1892 1604 1930 in
1636 1893 1731 1931 locis

329 1957 469 2013 vagari,
500 1970 637 1995 verum
657 1958 773 1994 etiarn
793 1957 838 1994 ad
859 1956 974 2009 ipfius
1000 1957 1215 1995 exercitum
1242 1958 1465 2010 pervenire;
1497 1958 1644 2011 aliquid
1671 1960 1731 1997 illi

329 2023 551 2062 infidiarum
572 2022 668 2068 fieri,
690 2023 838 2076 aliquid
859 2023 906 2061 de
926 2024 1007 2076 ejus
1027 2025 1217 2069 exercitu,
1247 2025 1384 2077 copiis,
1418 2025 1554 2077 gloria,
1583 2025 1733 2065 detrahi

329 2090 443 2142 posse.
483 2091 641 2136 Putant,
673 2091 698 2128 fi
719 2104 837 2143 quam
858 2090 964 2143 spem
985 2092 1026 2129 in
1048 2092 1124 2130 Cn.
1150 2093 1338 2144 Pompeio
1357 2093 1548 2131 exercitus
1576 2093 1729 2138 habeat,

329 2164 394 2193 aut
413 2168 606 2207 agrorum,
638 2165 703 2194 aut
722 2156 888 2194 aliorum
908 2158 1224 2203 commodorum,
1256 2156 1356 2196 hanc
1384 2172 1463 2196 non
1485 2158 1727 2203 habitururn,

330 2234 422 2258 cum
456 2221 606 2266 viderit,
643 2235 774 2261 earum
799 2236 926 2260 rerum
958 2224 1140 2262 omnium
1165 2223 1391 2277 potestatem
1420 2224 1466 2262 ad
1492 2224 1729 2264 decemviros

330 2287 401 2326 effe
422 2287 649 2326 transsatam.

386 2354 516 2391 Patior
540 2367 619 2391 non
646 2354 816 2401 moleste,
849 2365 928 2394 tam
954 2356 1089 2395 stultos
1118 2356 1202 2402 effe,
1234 2358 1302 2410 qui
1330 2356 1412 2396 haec
1441 2358 1615 2409 sperent3
1649 2366 1727 2395 tam

330 2419 589 2473 impudentes,
622 2421 689 2472 qui
725 2431 937 2460 conentur:
972 2423 1071 2460 illud
1104 2437 1257 2476 queror,
1290 2434 1369 2461 tam
1403 2436 1465 2460 me
1498 2423 1544 2459 ab
1579 2423 1624 2460 iis
1658 2423 1728 2460 effe

331 2496 619 2540 contemptum,
679 2497 722 2525 ut
770 2486 851 2526 haec
902 2499 1090 2542 portenta,
1142 2504 1205 2528 me
1255 2489 1436 2534 Consule,
1487 2489 1730 2541 potiffimum
