2212 2835
372 170 427 221 46
868 165 1269 206 ORATIO

371 265 681 305 condemnaffent
697 283 707 309 ς
754 263 879 317 ipsum
913 263 1131 316 principem
1171 272 1286 315 atque
1320 261 1575 302 architectum
1610 264 1756 303 sceleris

372 331 633 369 absolverent?
664 339 701 367 et
721 330 788 382 qui
814 338 982 374 caeteros,
1018 329 1127 367 nullo
1157 329 1380 382 praejudicio
1399 328 1513 375 facto,
1549 338 1678 367 tamen
1711 343 1759 368 ex

371 397 450 448 ipsa
469 396 576 434 causa
595 395 905 434 condemnassent
921 414 932 440 5
964 394 1084 441 hunc,
1117 409 1236 448 quem
1267 396 1325 434 bis
1347 396 1651 434 condemnatum
1676 396 1760 448 jam

370 471 605 515 acceperant,
627 462 831 499 liberarent
849 462 862 498 ?

426 528 537 565 Tum
571 540 659 565 vero
690 527 756 564 illa
783 526 931 579 judicia
950 526 1144 572 senatoria,
1175 540 1253 565 non
1285 526 1374 565 falsa
1405 528 1561 572 invidia,
1593 527 1655 565 sed
1676 540 1761 564 vera

371 601 487 645 atque
506 593 643 645 infigni
664 593 916 645 turpitudine,
942 602 1085 638 notata,
1115 602 1230 645 atque
1250 604 1380 646 operta
1399 594 1581 632 dedecore
1601 602 1638 630 et
1658 591 1759 630 infa-

372 659 465 702 mia,
487 657 696 695 defenfioni
716 658 848 696 locum
869 658 1022 696 nullum
1055 658 1301 711 reliquissent.
1335 659 1443 710 Qid
1474 659 1577 696 enim
1605 657 1761 695 tandem

373 723 598 776 illijudices
618 723 900 776 responderent,
932 724 958 762 fi
980 725 1067 776 quis
1088 725 1133 763 ab
1165 725 1210 762 iis
1243 734 1439 777 quaereret‚
1468 723 1759 764 Condemnastis

373 791 666 835 Scamandrum,
701 804 780 842 quo
810 790 1004 828 crimine?
1035 804 1177 844 nempe
1202 792 1307 843 quod
1327 792 1492 830 Avitum
1526 805 1591 844 per
1611 791 1761 828 servum

372 855 515 893 medici
545 868 691 893 veneno
723 868 855 893 necare
887 854 1073 894 voluisset.
1106 855 1215 907 Qid
1234 856 1343 894 Aviti
1378 866 1501 895 morte
1533 855 1761 894 Scamander

372 920 704 973 consequebatur?
735 919 849 965 nihil,
877 921 940 958 sed
960 921 1182 959 administer
1206 931 1285 959 erat
1306 922 1527 974 Oppianici.
1561 921 1761 959 Condem-

372 986 484 1024 nastis
520 987 568 1024 C.
592 986 831 1030 Fabricium,
853 986 950 1037 quid
979 987 1063 1024 ita?
1095 987 1198 1038 quia,
1234 999 1327 1024 cum
1360 986 1438 1039 ipse
1472 985 1762 1024 familiarissime

372 1051 594 1103 Oppianico
614 1050 715 1095 usu5‚
747 1050 908 1088 libertus
938 1059 1069 1089 autem
1099 1051 1179 1102 ejus
1214 1051 1255 1088 in
1286 1051 1476 1090 maleficio
1507 1050 1761 1104 deprehensus

371 1116 473 1161 esset,
496 1117 610 1154 illum
630 1125 826 1168 expertem
846 1118 926 1169 ejus
947 1117 1096 1155 confilii
1115 1116 1226 1155 fuisse
1246 1130 1323 1155 non
1345 1118 1589 1169 probabatur.
1625 1118 1664 1156 Si
1684 1118 1762 1171 igi-

371 1192 434 1220 tur
467 1182 594 1234 ipsum
616 1182 894 1234 Oppianicum,
926 1182 984 1220 bis
1005 1182 1079 1220 suis
1105 1182 1264 1235 judiciis
1291 1183 1608 1228 condemnatum,
1634 1183 1759 1221 absol-

371 1247 519 1291 viffent‚
551 1247 636 1298 quis
658 1256 803 1285 tantam
824 1247 1104 1299 turpitudinem
1131 1248 1385 1300 judiciorum,
1413 1249 1500 1301 quis
1532 1257 1677 1287 tantam
1698 1249 1761 1286 in-

373 1311 624 1350 constantiam
646 1312 1059 1364 rerumjudicatarum,
1077 1314 1163 1366 quis
1184 1322 1330 1352 tantam
1345 1314 1549 1353 libidinem
1563 1314 1760 1366 judicum,

372 1378 470 1416 ferre
489 1377 698 1431 potuisset?
730 1379 848 1433 Qod
880 1379 905 1417 fi
936 1378 1011 1418 hoc
1031 1380 1182 1426 videtis,
1214 1381 1317 1433 quod
1332 1382 1414 1433 jam
1446 1380 1518 1419 hac
1538 1381 1647 1418 omni
1675 1394 1761 1419 ora-

373 1445 478 1482 tione
498 1444 732 1496 patefactum
752 1445 816 1490 est,
851 1445 922 1484 illo
948 1446 1099 1498 judicio
1119 1460 1228 1485 reum
1256 1447 1519 1492 condemnari,
1552 1447 1762 1500 praesertim

351 1502 355 1505 ¹
373 1512 420 1548 ab
440 1511 576 1549 iisdem
592 1512 806 1563 judicibus,
828 1512 897 1564 qui
918 1511 994 1549 duo
1013 1513 1234 1564 praejudicia
1253 1512 1439 1558 feciffent,
1462 1513 1604 1551 necesse
1623 1512 1758 1559 fuiffe3

373 1577 485 1614 simul
520 1577 617 1614 illud
651 1577 807 1615 videatis
842 1577 985 1615 neceffe
1014 1577 1080 1623 est,
1116 1578 1266 1617 nullam
1286 1578 1492 1618 accusatori
1519 1579 1669 1618 causam
1690 1579 1762 1618 effe

373 1642 547 1695 potuisse,
569 1656 637 1680 cur
651 1643 848 1694 judicium
867 1643 982 1681 vellet
1002 1657 1262 1698 corrumpere.

429 1709 583 1747 XXIII.
616 1709 757 1759 Qaero
777 1709 883 1746 enim
903 1709 968 1747 abs
989 1718 1039 1755 te,
1061 1711 1115 1748 T.
1138 1712 1239 1756 Atti,
1271 1712 1410 1750 reliffis
1425 1713 1508 1763 jam
1528 1712 1672 1750 caeteris
1700 1725 1760 1750 ar-

373 1775 568 1826 gumentis
589 1775 786 1819 omnibus,
809 1788 903 1813 num
925 1775 1122 1814 Fabricios
1149 1790 1304 1829 quoque
1325 1778 1546 1815 innocentes
1573 1777 1760 1816 condem-

374 1849 480 1877 natos
501 1840 724 1877 existimes?
761 1854 858 1878 num
891 1841 1008 1878 etiam
1038 1841 1105 1878 illa
1128 1841 1275 1893 judicia
1294 1843 1455 1894 pecunia
1485 1852 1663 1896 corrupta
1690 1843 1762 1882 effe

373 1906 490 1950 dicas,
521 1906 662 1958 quibus
690 1907 848 1957 judiciis
882 1907 975 1945 alter
1007 1921 1027 1945 a
1048 1908 1201 1946 Staleno
1232 1908 1310 1947 solo
1343 1909 1537 1947 absolutus
1572 1909 1637 1954 est,
1669 1910 1763 1948 alter

373 1972 490 2009 etiam
510 1972 586 2024 ipse
606 1972 640 2009 se
658 1972 928 2010 condemnavit
949 1973 962 2009 ?
994 1974 1093 2025 Age,
1125 1973 1149 2011 fi
1170 1983 1346 2012 nocentes
1364 1993 1376 2020 ;
1408 1976 1517 2026 cujus
1546 1975 1727 2013 maleficii
1746 1977 1760 2013 ?

374 2037 584 2088 Numquid
605 2046 738 2089 praeter
758 2051 948 2075 venenum
970 2038 1185 2089 quaefitum,
1207 2053 1285 2091 quo
1300 2041 1439 2078 Avitus
1461 2050 1671 2086 necaretur,
1688 2041 1761 2079 ob-

368 2104 517 2155 jectum
539 2103 589 2140 est
608 2103 620 2139 ?
652 2103 845 2155 numquid
865 2104 969 2141 aliud
989 2105 1028 2141 in
1049 2104 1124 2142 illis
1147 2105 1306 2157 judiciis
1327 2107 1514 2144 versatum
1533 2107 1598 2151 est,
1628 2116 1762 2159 praeter

374 2168 482 2207 hasce
503 2169 650 2207 infidias
671 2170 790 2208 Avito
815 2170 861 2207 ab
884 2170 1102 2222 Oppianico
1132 2185 1199 2224 per
1228 2172 1422 2211 Fabricios
1451 2172 1598 2211 facias?
1630 2173 1760 2219 Nihil,

374 2234 473 2272 nihil
495 2235 668 2287 inquam,
690 2235 808 2280 aliud,
831 2236 1001 2286 Judices,
1035 2237 1241 2289 reperietis.
1284 2239 1401 2276 Extat
1422 2239 1608 2277 memoria
1629 2254 1638 2277 :
1675 2239 1762 2278 sunt

375 2300 512 2338 tabulae
533 2301 719 2353 publicae:
753 2302 931 2353 redargue
952 2314 1027 2346 me,
1057 2302 1080 2339 si
1102 2303 1292 2340 mentior:
1327 2303 1479 2341 testium
1500 2304 1599 2342 dieta
1618 2305 1759 2342 recita:

376 2366 482 2409 doce,
512 2366 551 2403 in
573 2366 727 2404 illorum
754 2366 913 2418 judiciis
935 2367 1044 2418 quid,
1066 2377 1200 2419 praeter
1219 2367 1294 2405 hoc
1324 2383 1515 2407 venenum
1537 2369 1759 2421 Oppianici,

375 2445 453 2470 non
475 2433 590 2472 modo
608 2434 649 2472 in
670 2433 859 2479 criminis,
882 2432 942 2472 sed
963 2434 1002 2472 in
1025 2434 1232 2481 maledicti,
1255 2435 1342 2475 loco
1362 2436 1406 2475 sit
1424 2436 1634 2489 objectum.
