2212 2835
640 163 730 201 DE
789 162 982 201 LEGE
1041 161 1402 201 AGRARIA.
1649 175 1721 216 133

323 261 462 315 opibus
493 261 750 306 obsidebunt5
783 260 903 298 iidem
929 259 1089 299 vestram
1121 260 1339 298 libertatem
1371 259 1446 297 suis
1475 258 1654 311 praefidiis
1684 269 1722 298 et

322 329 486 367 coloniis
508 328 751 367 interclusam
774 328 961 365 tenebunt
979 342 988 364 ε
1020 341 1105 379 quae
1126 326 1207 379 spes
1235 327 1405 371 tandem,
1437 340 1522 378 quae
1542 325 1720 373 facultas,

323 396 585 448 recuperandae
606 395 733 433 vestrae
754 394 941 431 libertatis
963 394 1204 444 relinquetur
1223 394 1235 430 ?

378 465 433 500 At
452 463 556 500 enirn
578 475 665 513 ager
686 462 908 512 Campanus
929 458 1001 497 hac
1022 459 1106 511 lege
1126 459 1330 504 dividetur,
1361 459 1464 498 orbis
1493 469 1598 499 terrae
1626 462 1718 515 pul-

323 526 552 571 cherrimus,
584 536 621 564 et
649 528 823 579 Capuam
850 525 1001 563 colonia
1020 525 1246 570 deducetur,
1278 525 1417 562 urbem
1444 527 1718 578 ampliffimam

322 602 437 646 atque
462 593 752 631 ornatiffimam.
785 592 911 644 Atqui
937 591 1033 644 quid
1059 591 1105 629 ad
1131 590 1213 629 haec
1239 590 1438 644 possumus
1466 591 1591 630 dicere
1612 593 1625 630 ?
1657 596 1720 633 De

321 659 532 697 commodo
552 658 672 697 vestro
692 658 798 712 prius
819 658 961 703 dicam,
984 657 1179 709 Qirite83
1202 657 1339 695 deinde
1355 658 1400 695 ad
1417 658 1719 711 amplitudinem

320 734 360 764 et
380 726 606 778 dignitatem
630 734 816 763 revertar:
849 734 906 770 ut,
937 725 963 763 fi
991 726 1077 777 quis
1105 724 1184 776 agri
1215 733 1280 762 aut
1300 725 1435 778 oppidi
1456 725 1627 765 bonitate
1649 728 1717 765 de-

319 790 494 837 lectetur,
526 806 574 830 ne
593 792 689 845 quid
709 793 910 845 expee‘tet5
943 791 969 829 fi
997 804 1117 843 quem
1137 791 1190 828 rei
1216 790 1384 844 dignitas
1405 802 1642 839 commovet,
1675 803 1718 832 ut

320 856 414 896 huic
435 859 619 897 fimulatae
639 858 835 911 largitioni
856 857 1008 896 resistat.

375 926 437 963 Ac
457 925 632 978 primum
652 925 698 962 de
718 924 863 977 oppido
883 925 1025 969 dicam,
1058 924 1083 962 fi
1105 925 1192 976 quis
1219 924 1271 962 est
1298 924 1412 971 forte,
1445 940 1564 978 quem
1585 928 1718 981 Capua

319 991 457 1043 magis,
478 1004 596 1043 quarn
618 992 759 1035 Roma,
781 990 955 1029 delectat.
979 991 1166 1043 Qinque
1187 991 1312 1028 millia
1331 992 1560 1031 colonorum
1583 995 1716 1047 Capu-

318 1070 382 1095 am
399 1057 511 1096 scribi
521 1057 652 1109 jubet:
671 1057 717 1095 ad
731 1056 837 1095 hunc
850 1071 1059 1095 numerum
1075 1057 1292 1109 quingenos
1306 1058 1375 1096 fibi
1391 1059 1531 1111 finguli
1548 1060 1717 1100 sument.

321 1124 474 1175 Qaeso,
502 1124 623 1162 nolite
643 1123 890 1176 vosmetipsos
910 1123 1095 1162 consolari
1114 1137 1122 1160 :
1155 1137 1240 1161 vere
1260 1133 1298 1162 et
1317 1125 1522 1177 diligenter
1542 1127 1717 1165 confide-

321 1199 411 1229 rate.
443 1191 558 1229 Num
578 1189 702 1235 vobis,
733 1198 799 1227 aut
822 1189 932 1228 vestri
958 1189 1164 1234 fimilibus,
1195 1189 1369 1242 integris,
1401 1191 1557 1242 quietis,
1588 1194 1716 1232 otiofis

319 1255 560 1301 hominibus,
591 1255 632 1293 in
651 1254 727 1294 hoc
747 1269 911 1293 numero
931 1255 1063 1293 locum
1084 1254 1166 1293 fore
1186 1256 1328 1308 putatis
1348 1255 1361 1292 ?
1394 1257 1431 1294 Si
1451 1257 1504 1295 est
1530 1260 1714 1298 omnibus

318 1321 442 1368 vobis,
473 1330 539 1359 aut
573 1322 708 1374 majori
737 1322 905 1360 vestrum
936 1322 1063 1374 parti:
1095 1335 1320 1374 quanquam
1350 1336 1414 1360 me
1444 1324 1560 1362 vester
1589 1324 1715 1364 honos

317 1388 475 1441 vigilare
504 1389 584 1427 dies
614 1398 729 1441 atque
759 1390 904 1435 n06‘oes,
935 1397 974 1427 et
1004 1388 1162 1426 intentis
1193 1388 1316 1426 oculis
1338 1403 1471 1427 omnes
1493 1391 1716 1443 reipublicae

316 1465 441 1508 partes
457 1456 612 1502 intueri,
628 1456 768 1508 jubet3
790 1465 918 1494 tamen
935 1454 1139 1508 paulisper,
1161 1455 1187 1492 fi
1205 1455 1257 1493 ita
1271 1457 1529 1495 commodum
1546 1458 1716 1498 vestrum

317 1520 428 1566 feret,
459 1522 689 1560 connivebo.
723 1521 793 1559 Sed
822 1521 847 1559 fi
878 1522 1053 1573 quinque
1078 1519 1290 1559 hominum
1321 1522 1512 1568 millibus,
1544 1524 1590 1562 ad
1618 1526 1713 1572 vim,

318 1586 483 1633 facinus,
506 1588 729 1640 caedemque
749 1587 920 1632 delectis,
940 1587 1048 1625 locus
1070 1595 1184 1639 atque
1206 1588 1310 1632 urbs,
1333 1602 1418 1640 quae
1438 1590 1587 1629 bellum
1607 1591 1714 1630 face-

320 1666 359 1690 re
390 1662 504 1706 atque
535 1653 718 1691 instruere
742 1653 869 1706 poffit,
900 1653 1106 1705 quaeritur;
1139 1661 1319 1690 tamenne
1344 1655 1561 1706 patiemini,
1593 1658 1715 1695 vestro

317 1720 476 1758 nomine
497 1729 630 1758 contra
652 1733 718 1758 vos
745 1720 891 1758 firmari
916 1733 1022 1772 opes,
1054 1720 1191 1757 armari
1217 1719 1398 1771 praesidia,
1431 1722 1555 1767 urbes,
1587 1737 1710 1775 agros,

317 1785 444 1838 copias
464 1786 699 1838 comparari?
722 1785 829 1824 Nam
850 1799 986 1838 agrum
1001 1785 1161 1838 quidem
1183 1786 1444 1838 Campanum,
1465 1802 1583 1840 quem
1603 1790 1712 1829 vobis

316 1852 518 1899 ostentant,
550 1854 618 1906 ipsi
639 1854 971 1906 concupiverunt:
1003 1853 1196 1892 deducent
1226 1853 1326 1899 suos,
1358 1869 1526 1906 quorum
1555 1859 1714 1896 nomine

316 1918 385 1970 ipfi
416 1928 582 1964 teneant,
613 1929 651 1958 et
682 1919 881 1958 fruantur:
913 1929 1091 1958 coement
1122 1929 1327 1972 praeterea:
1360 1921 1427 1958 ista
1457 1922 1552 1960 dena
1576 1924 1714 1976 jugera

317 1984 612 2024 continuabunt.
646 1987 767 2031 Nam,
799 1987 825 2024 fi
847 1986 976 2024 dicent
996 2000 1063 2039 per
1083 1986 1207 2039 legem
1237 1986 1275 2024 id
1300 2000 1379 2025 non
1400 1987 1542 2033 licere;
1574 2003 1622 2027 ne
1645 2004 1713 2043 per

318 2050 541 2090 Corneliam
561 2051 720 2104 quidem
741 2052 833 2090 licet
850 2066 859 2090 :
892 2061 929 2090 at
949 2052 1124 2091 videmus
1148 2052 1162 2103 (
1181 2061 1224 2090 ut
1243 2052 1457 2105 longinqua
1477 2054 1679 2093 mittamus
1696 2057 1709 2107 )

316 2130 451 2168 agrum
473 2119 749 2157 Praenestinum
769 2132 789 2156 a
810 2119 940 2172 paucis
961 2118 1161 2171 poffideri:
1194 2132 1319 2171 neque
1349 2119 1509 2158 istorum
1536 2123 1710 2174 pecuniis

317 2183 531 2235 quidquam
565 2185 669 2223 aliud
703 2185 822 2223 deeffe
860 2186 984 2230 video,
1028 2185 1096 2222 nisi
1129 2185 1318 2237 ejusmodi
1351 2185 1506 2231 fundos,
1543 2202 1709 2239 quorum

317 2249 484 2287 subfidio
498 2248 733 2290 familiarum
755 2252 1057 2305 magnitudines,
1074 2260 1112 2288 et
1130 2252 1398 2290 Cumanorum
1415 2266 1457 2290 ac
1474 2254 1708 2291 Puteolano-

318 2328 407 2352 rum
438 2315 669 2367 praediorum
701 2316 890 2369 sumptus,
924 2318 1126 2355 sustentare
1154 2317 1308 2369 poffint.
1342 2318 1460 2368 Qod
1490 2318 1515 2355 s1
1543 2318 1709 2356 vestrum

318 2382 573 2419 commodum
594 2381 759 2433 spec‘tat5
791 2384 931 2430 veniat,
962 2393 999 2423 et
1020 2397 1149 2423 coram
1169 2396 1328 2422 mecum
1348 2383 1394 2421 de
1418 2383 1496 2435 agri
1518 2384 1708 2436 Campani

317 2447 500 2487 divifione
519 2447 702 2499 disputet.
