2212 2835
676 160 815 199 PRO
876 158 982 198 CN.
1044 159 1398 198 PLANcm.
1655 173 1734 212 439

392 260 546 300 XXIX.
580 260 642 298 De
674 259 826 298 Calidio
857 259 930 297 tibi
958 266 1109 297 tantum
1138 257 1358 311 respondeo,
1390 259 1494 310 quod
1522 257 1599 311 ipse
1625 258 1734 296 vidi:

337 327 627 379 QMetellum
660 327 792 371 Pium,
823 325 1037 370 consulem,
1068 325 1254 377 praetoriis
1289 324 1474 369 comitiis,
1506 333 1658 378 petente
1679 326 1747 377 Q

335 394 502 438 Calidio,
520 393 666 447 populo
682 394 862 431 Romano
882 389 1115 444 supplicasse,
1134 404 1227 428 cum
1247 390 1407 442 quidem
1429 404 1505 429 non
1527 391 1734 435 dubitaret,

336 467 375 496 et
405 460 553 505 consul,
585 469 623 498 et
652 458 774 497 homo
809 457 1083 501 nobiliffimus,
1114 465 1322 508 patronum
1353 456 1467 494 illum
1502 457 1573 495 effe
1608 457 1735 501 suum,

337 534 374 564 et
396 524 554 564 familiae
574 526 647 563 suae
668 524 925 568 nobiliffimae,
956 522 1096 560 dicere.
1129 522 1222 573 Qo
1242 521 1330 559 loco
1350 535 1480 574 quaero
1499 537 1545 561 ex
1568 533 1617 567 te,
1641 537 1738 561 num

336 590 377 628 id
398 591 605 642 injudicio
625 590 767 628 Calidii
787 598 897 642 putes
912 618 923 634 ‚
955 587 1062 640 quod
1082 601 1154 640 ego
1172 587 1213 625 in
1235 587 1382 625 Plancii
1402 586 1502 626 facio
1516 617 1526 632 ‚
1558 598 1623 626 aut
1644 589 1734 626 Me-

336 656 477 693 tellum
498 657 629 700 Pium,
660 655 687 693 fi
708 656 845 693 Romae
865 653 937 692 effe
956 653 1150 707 potuisset,
1181 661 1246 691 aut
1271 662 1419 706 patrem
1445 654 1540 706 ejus,
1573 654 1598 692 fi
1620 654 1736 692 vixis-

335 720 400 765 set,
419 734 496 760 non
517 720 627 759 fuiffe
646 719 856 759 faciurum.
880 720 988 758 Nam
1010 718 1164 772 Opimii
1185 718 1346 771 quidem
1367 718 1563 757 calamitas
1585 720 1734 758 utinam

334 800 383 826 ex
411 786 620 825 hominurn
654 787 843 824 memoria
873 784 993 838 poffet
1019 784 1158 823 evelli!
1192 784 1345 822 Vulnus
1372 785 1471 823 illud
1498 785 1734 838 reipub11cae,

335 853 500 892 dedecus
520 852 636 905 hujus
656 853 824 906 imperii,
846 851 1046 904 turpitudo
1066 850 1201 904 populi
1222 851 1407 896 Romani,
1430 864 1507 890 non
1522 851 1734 904 judicium,

335 920 553 972 putandum
573 919 639 958 est.
672 920 803 971 Qam
826 919 933 956 enim
954 918 1012 955 illi
1027 918 1193 970 judices,
1224 917 1249 955 s1
1264 917 1431 969 judices,
1459 926 1496 955 et
1517 931 1593 956 non
1614 919 1735 971 parri-

335 985 432 1024 cidae
463 987 605 1039 patriae,
637 984 863 1023 nominandi
893 983 995 1029 sunt,
1027 983 1240 1036 graviorem
1272 992 1480 1036 potuerunt
1515 984 1737 1037 reipublicae

335 1051 509 1106 infligere
540 1052 717 1097 securim,
750 1065 882 1104 quam,
913 1064 1006 1089 cum
1036 1049 1152 1088 illum
1184 1063 1204 1087 e
1234 1050 1389 1088 civitate
1421 1050 1630 1102 ejecerunt,
1665 1051 1736 1103 qui
1790 1092 1792 1097 ‚

336 1128 475 1172 praetor
495 1119 680 1164 finitimo,
698 1118 830 1157 consul
851 1117 1062 1156 domestico
1082 1116 1199 1161 bello,
1223 1116 1506 1170 rempublicam
1526 1117 1702 1155 liberarat
1721 1117 1734 1154 ?

392 1187 448 1224 At
478 1186 584 1224 enirn
615 1185 733 1223 nimis
765 1198 837 1237 ego
868 1197 1056 1236 magnum
1086 1182 1320 1221 beneficium
1347 1183 1506 1221 Plancio
1535 1183 1650 1228 facio,
1682 1193 1733 1229 et,

337 1259 381 1290 ut
413 1252 492 1297 ais,
522 1251 563 1289 id
597 1251 720 1290 verbis
755 1263 956 1303 exaggero.
991 1248 1107 1301 Qafi
1141 1262 1230 1286 vero
1265 1262 1328 1286 me
1360 1257 1428 1286 tuo
1459 1248 1667 1294 arbitratu,
1698 1257 1738 1288 et

337 1331 416 1356 non
439 1331 527 1356 meo
545 1346 556 1362 ,
586 1326 739 1370 gratum
769 1315 840 1354 effe
861 1323 1048 1368 oporteat.
1095 1314 1214 1365 Qod
1234 1313 1340 1352 istius
1362 1322 1513 1353 tantum
1534 1314 1736 1360 meritum,

335 1383 494 1436 inquit?
512 1397 559 1422 an
580 1383 671 1436 quia
691 1392 728 1421 te
748 1396 826 1421 non
841 1381 1034 1436 jugulavit
1050 1381 1062 1418 ?
1081 1381 1213 1418 Immo
1234 1393 1336 1425 vero,
1358 1380 1631 1433 quiajugulari
1651 1380 1737 1433 pas-

337 1449 398 1488 sus
418 1464 495 1488 non
516 1450 582 1488 est.
616 1450 709 1500 Qo
729 1448 888 1500 quidem
911 1456 953 1485 tu
973 1447 1060 1484 loco
1074 1475 1084 1490 ‚
1118 1446 1216 1483 Caffi
1231 1474 1242 1490 ,
1273 1446 1390 1484 etiam
1413 1446 1580 1499 purgasti
1600 1447 1738 1484 inimi-

337 1529 402 1554 cos
425 1529 545 1560 meos,
577 1528 749 1566 meaeque
770 1515 855 1552 vitae
875 1513 998 1551 nullas
1019 1512 1065 1550 ab
1087 1512 1164 1550 illis
1185 1511 1335 1549 infidias
1355 1510 1465 1550 fuiffe
1486 1512 1626 1551 dixisti.
1659 1514 1738 1552 Po·-

336 1581 413 1619 suit
432 1580 507 1619 hoc
529 1580 632 1619 idem
660 1579 884 1618 Laterensis.
917 1578 1186 1630 Qamobrem
1212 1577 1259 1614 de
1284 1576 1355 1615 isto
1381 1577 1495 1630 paulo
1522 1578 1605 1631 post
1629 1577 1740 1631 plura

338 1647 492 1686 dicam:
526 1646 571 1684 de
593 1655 629 1683 te
650 1655 800 1683 tantum
824 1645 976 1697 requiro
995 1673 1005 1689 ,
1038 1653 1171 1682 utrum
1200 1652 1307 1696 putes
1334 1643 1471 1681 odium
1498 1644 1537 1681 in
1567 1657 1629 1681 me
1651 1658 1735 1682 me·-

339 1714 468 1752 diocre
488 1712 739 1751 inimicorum
761 1711 884 1750 fuisse.
908 1711 1027 1762 Qod
1047 1709 1125 1748 fuit
1145 1708 1316 1747 ullorum
1338 1718 1491 1748 tantum
1510 1710 1523 1747 ?
1546 1710 1735 1762 Requiro,

339 1789 473 1819 utrum
502 1789 612 1833 putes
640 1779 776 1817 odium
804 1791 976 1830 unquam
1006 1777 1253 1815 barbarorum
1279 1785 1357 1814 tam
1385 1776 1556 1814 immane
1583 1790 1625 1814 ac
1658 1786 1738 1815 tam

339 1847 493 1886 crudele
512 1848 553 1885 in
574 1845 751 1885 hostem:
784 1859 830 1883 an
851 1844 960 1883 fuisse
987 1845 1027 1882 in
1054 1845 1100 1882 iis
1126 1844 1296 1896 aliquem
1325 1853 1389 1881 aut
1415 1842 1526 1881 famae
1553 1852 1705 1881 metum
1724 1872 1735 1888 ,

339 1922 411 1951 aut.
425 1926 547 1965 poenae
561 1941 572 1957 ,
604 1925 770 1964 quorum
791 1911 919 1949 vidisti
941 1920 1022 1949 toto
1041 1910 1112 1948 illo
1131 1923 1231 1947 anno
1252 1908 1395 1947 ferrum
1419 1910 1457 1946 in
1480 1908 1592 1961 foro„
1624 1909 1737 1947 flam-

338 1993 444 2018 mam
466 1979 505 2017 in
527 1978 711 2023 delubris,
729 1979 808 2016 vim
830 1978 870 2016 in
892 1987 970 2017 tota
991 1978 1098 2022 urbe,
1120 1976 1278 2015 versari?
1304 1976 1388 2014 Nifi
1412 1975 1509 2014 forte
1529 1975 1734 2021 existimas,

339 2058 403 2084 eos
424 2044 570 2083 idcirco
589 2045 676 2083 vitae
698 2058 790 2083 meae
809 2043 1013 2097 peperciffe
1031 2073 1042 2089 ,
1073 2043 1177 2096 quod
1197 2042 1243 2080 de
1269 2042 1393 2080 reditu
1416 2056 1501 2080 meo
1522 2056 1598 2080 non
1620 2042 1736 2080 timc-

342 2119 439 2150 rent.
472 2111 525 2149 Et
547 2124 785 2162 quemquam
806 2119 917 2162 putas
937 2109 1046 2148 fuisse
1067 2119 1146 2148 tarn
1172 2108 1392 2152 excordem,
1424 2108 1505 2159 qui,
1538 2108 1632 2145 vivis
1659 2107 1734 2152 his,

342 2177 460 2216 stante
481 2177 575 2214 urbe
595 2186 632 2214 et
653 2177 756 2214 curia
772 2205 782 2221 ,
815 2177 1028 2214 rediturum
1056 2189 1119 2214 me
1136 2204 1146 2220 ,
1179 2175 1203 2212 s1
1227 2175 1393 2212 viverem
1413 2202 1423 2218 ,
1456 2187 1532 2211 non
1553 2181 1703 2225 putaret
1721 2172 1733 2208 ἒ

343 2243 611 2294 Qamobrem
633 2256 708 2281 non
727 2243 840 2281 debet
865 2243 896 2281 is
917 2242 1037 2280 homo
1052 2271 1062 2286 ‚
1094 2251 1131 2279 et
1153 2241 1183 2279 is
1205 2240 1297 2278 civis
1315 2270 1325 2284 ‚
1357 2240 1558 2292 praedicare
1573 2266 1583 2281 ,
1614 2238 1735 2276 vitam

343 2322 484 2353 meam,
517 2322 601 2360 quae
622 2308 803 2346 fidelitate
824 2309 1038 2347 amicorum
1059 2306 1273 2345 conservata
1293 2305 1350 2349 fit,
1373 2304 1623 2342 inimicorum
1646 2317 1733 2341 mo-

343 2375 458 2415 destia
479 2388 554 2412 non
576 2374 646 2412 effe
666 2375 890 2427 appetitam.

398 2442 532 2481 XXX.
564 2440 818 2494 Respondebo
857 2440 928 2479 tibi
967 2453 1069 2479 nunc
1087 2468 1096 2484 ,
1140 2436 1348 2477 Laterensis
1366 2464 1377 2480 ‚
1419 2435 1548 2474 minus
1586 2434 1735 2475 fortasse

1188 2503 1237 2544 M
1270 2516 1309 2541 m
1340 2515 1378 2540 m
1413 2513 1433 2539 2
