2212 2835
438 158 514 197 370
931 136 1334 176 ORATIO

436 245 645 297 cupiditate
667 242 843 279 videntur
863 239 903 278 in
925 238 1169 277 tribunitiam
1189 237 1438 291 potestatem,
1470 237 1648 290 collegia,
1680 238 1830 276 medius

436 312 563 355 fidius,
583 309 830 347 tribunorum
852 306 976 360 plebis
999 314 1079 344 tota
1099 305 1348 358 reperientur,
1364 302 1440 342 hoc
1454 304 1541 357 jure
1561 303 1728 349 firmato,
1744 318 1831 356 quae

437 385 570 415 coeant
591 375 637 412 de
658 373 867 411 hominum
889 371 1278 425 locupletiffimorum
1307 371 1417 409 bonis
1434 400 1445 416 ,
1477 370 1602 424 praeda
1624 369 1832 423 praesertim

438 442 624 496 populari,
657 451 693 478 et
715 440 775 493 spe
797 439 1024 492 largitionis,
1054 438 1194 477 oblata.

492 510 546 546 At
567 507 660 559 quid
685 506 775 544 tulit
804 505 936 557 legum
963 504 1122 557 scriptor
1148 504 1291 556 peritus
1318 512 1355 541 et
1382 502 1576 541 callidus?
1607 503 1832 547 VEL1T1s,

438 586 663 625 JUBEATIS
680 602 691 617 ‚
722 582 765 611 ut
795 573 858 610 M.
882 568 995 610 Tullio
1024 585 1121 624 aqua
1148 580 1183 608 et
1209 570 1302 623 zjgm's
1331 569 1574 608 interdicatur
1590 569 1610 608 ,ἓ
1640 568 1832 614 Crudele,

434 639 639 683 nefarium,
671 651 718 676 ne
747 638 789 675 in
821 636 1102 675 sceleratiffimo
1132 636 1292 688 quidem
1320 636 1404 674 cive
1429 636 1505 674 fine
1525 635 1677 688 judicio
1703 633 1834 672 feren-

436 707 546 745 dum.
580 706 674 743 Non
694 704 798 748 tulit,
823 713 865 741 ut
885 702 1135 740 interdicatur
1152 717 1160 740 ε
1193 702 1289 754 quid
1309 715 1399 754 ergo
1417 702 1430 739 ?
1455 703 1506 741 Ut
1525 701 1830 752 interdzfflumstt.

437 775 475 812 O
497 785 676 815 coenum,
710 771 746 806 O
769 778 1016 821 portentum,
1049 769 1086 806 O
1108 767 1229 805 scelus
1248 767 1256 805 !
1289 768 1406 806 Hanc
1427 768 1501 806 tibi
1519 769 1647 821 legem
1669 767 1833 807 Clodius

438 838 581 892 scripfit
595 867 606 882 ,
638 835 874 889 spurciorem
895 834 1028 887 lingua
1047 833 1110 872 sua
1127 862 1138 879 ,
1170 843 1213 871 ut
1233 833 1484 871 interdictum
1504 833 1549 871 fit
1565 862 1576 878 ‚
1607 833 1672 871 cui
1692 846 1770 871 non
1790 833 1835 871 fit

436 904 686 944 interdidtum
704 903 717 940 ?
750 903 862 940 Sexte
882 901 1006 939 noster
1024 930 1035 946 ,
1067 901 1168 939 bona
1188 900 1296 938 venia
1312 929 1323 945 ,
1355 899 1540 952 quoniam
1556 900 1639 952 jam
1660 899 1834 937 (1131εὲὶὶ-

435 985 503 1010 cus
523 984 577 1017 es,
606 979 644 1008 et
664 969 739 1008 hoc
759 981 915 1021 quoque
935 968 1069 1021 liguris
1086 986 1098 1013 3
1130 967 1236 1020 quod
1259 966 1404 1005 factum
1426 980 1505 1005 non
1524 966 1591 1012 est,
1622 975 1667 1004 ut
1686 965 1731 1004 fit
1750 964 1834 1004 fac-

436 1048 521 1075 tum
540 1066 550 1082 ,
581 1035 673 1074 ferri
692 1035 738 1074 ad
758 1035 949 1088 populum
966 1063 978 1080 ,
1009 1043 1075 1072 aut
1094 1033 1219 1073 verbis
1248 1033 1337 1072 ullis
1365 1032 1500 1071 sanciri
1518 1061 1528 1077 ,
1560 1041 1626 1070 aut
1646 1031 1834 1084 suffragiis

435 1103 669 1148 confirmari,
702 1101 856 1156 potest?
888 1102 981 1140 Hoc
1002 1110 1045 1139 tu
1065 1100 1261 1154 scriptore,
1293 1098 1369 1138 hoc
1397 1099 1626 1144 confiliario,
1656 1098 1731 1138 hoc
1756 1098 1835 1137 mi-

437 1171 567 1215 nistro,
599 1169 779 1207 omnium
803 1181 880 1206 non
900 1167 1089 1220 bipedum
1118 1166 1256 1210 solum,
1289 1166 1351 1204 sed
1377 1166 1494 1204 etiam
1523 1165 1834 1218 quadrupedum,

436 1235 707 1290 impuriffimo,
726 1233 1010 1286 rempublicam
1031 1233 1239 1286 perdidisti.
1259 1233 1400 1284 Neque
1421 1241 1463 1270 tu
1484 1246 1563 1270 eras
1585 1241 1663 1270 tam
1684 1244 1833 1275 excors,

437 1313 595 1355 tamque
626 1302 783 1339 demens
802 1329 812 1345 ,
845 1309 888 1338 ut
922 1299 1082 1337 nescires
1113 1298 1220 1337 hunc
1254 1299 1441 1336 Clodium
1471 1297 1572 1343 effe,
1603 1299 1672 1350 qui
1701 1306 1835 1335 contra

436 1370 538 1421 leges
560 1367 699 1406 faceret
717 1385 728 1411 ;
759 1366 852 1404 alios
870 1395 881 1410 ,
915 1365 983 1417 qui
1012 1365 1112 1417 leges
1137 1364 1298 1402 scribere
1319 1364 1496 1402 solerent.
1529 1365 1599 1401 Sed
1621 1376 1745 1416 neque
1764 1375 1833 1400 eo-

437 1449 524 1474 rum
538 1464 549 1480 ,
582 1447 707 1486 neque
728 1442 953 1470 caeterorum
972 1459 982 1475 ,
1014 1431 1054 1469 in
1076 1424 1218 1482 quibus
1238 1429 1327 1468 effet
1347 1430 1493 1482 aliquid
1514 1430 1705 1468 modestiae
1719 1459 1730 1475 ,
1761 1443 1833 1467 cu-

432 1502 613 1555 jusquam
635 1500 706 1538 tibi
725 1498 886 1552 potestas
907 1497 1013 1542 fuit;
1044 1510 1170 1549 neque
1198 1506 1241 1534 tu
1268 1497 1402 1549 legum
1430 1496 1678 1550 scriptoribus
1700 1496 1835 1534 iisdem

437 1568 593 1622 potuisti
626 1567 697 1611 uti,
728 1565 871 1618 quibus
906 1564 1046 1609 caeteri‚
1078 1577 1203 1616 neque
1237 1577 1400 1616 operum
1434 1562 1678 1609 archstefffis,
1712 1575 1836 1616 neque

438 1634 664 1688 pontificem
691 1632 872 1670 adhibere
899 1644 1017 1684 quem
1045 1630 1189 1675 velles;
1221 1630 1415 1683 postremo
1440 1643 1488 1668 ne
1514 1631 1554 1668 in
1582 1631 1714 1683 praedae
1743 1630 1834 1682 qui-

439 1703 527 1741 dem
549 1701 726 1739 societate
747 1699 983 1751 mancipem,
1013 1705 1079 1735 aut
1098 1697 1231 1749 praedae
1253 1696 1416 1742 socium,
1446 1706 1552 1735 extra
1572 1696 1834 1748 tuorumrgla-

439 1752 635 1806 diatorum'
664 1778 901 1809 numerum3
934 1773 999 1802 aut
1029 1762 1195 1814 denique
1222 1761 1391 1815 suffragii
1419 1762 1580 1800 latorem
1608 1763 1647 1800 in
1674 1762 1741 1799 ista
1770 1771 1836 1800 tua

439 1834 715 1887 proscriptione
750 1843 987 1884 quemquam
1006 1859 1017 1875 ,
1058 1829 1128 1868 nisi
1163 1828 1292 1867 furem
1325 1838 1391 1867 aut
1429 1828 1606 1867 ficarium
1624 1858 1634 1874 ,
1672 1829 1834 1882 reperire

437 1900 608 1954 potuisti.

493 1967 606 2006 XIX.
640 1967 788 2018 Itaque,
820 1977 913 2003 cum
940 1973 983 2002 tu
1010 1963 1148 2002 florens
1175 1976 1218 2001 ac
1247 1971 1383 2016 potens
1410 1975 1478 2016 per
1503 1962 1680 2001 medium
1703 1961 1834 2001 forum

437 2032 631 2088 popularis
652 2031 828 2070 volitares
846 2049 858 2076 ς
890 2030 1008 2068 amici
1027 2029 1086 2067 illi
1108 2030 1163 2068 tui
1181 2058 1192 2074 ‚
1224 2038 1261 2068 te
1282 2042 1360 2067 uno
1379 2029 1506 2067 amico
1533 2028 1623 2066 teeti
1642 2037 1680 2067 et
1705 2029 1804 2067 beati
1821 2055 1833 2074 ,

441 2101 509 2154 qui
529 2100 563 2138 se
584 2099 729 2153 populo
749 2097 1045 2142 commiserant,
1076 2098 1129 2135 ita
1148 2096 1430 2150 repellebantur
1443 2125 1454 2141 ,
1486 2105 1529 2134 ut
1550 2096 1668 2134 etiam
1692 2096 1834 2134 Palati-

440 2182 530 2207 nam
552 2177 660 2205 tuam
680 2165 894 2219 perderent.
915 2164 998 2217 Qi
1017 2164 1058 2203 in
1073 2164 1271 2217 judicium
1291 2172 1485 2209 venerant,
1507 2163 1581 2201 five
1601 2163 1833 2202 accusatores

439 2243 544 2274 erant
560 2263 571 2279 ,
607 2233 680 2271 five
715 2232 769 2270 rei
787 2261 798 2277 ,
834 2241 872 2270 te
907 2231 1131 2285 deprecante
1165 2230 1459 2269 damnabantur.
1501 2230 1682 2282 Denique
1716 2229 1834 2267 etiam

438 2302 504 2339 ille
525 2300 693 2339 novitius
714 2299 837 2352 Ligur
851 2327 863 2343 ,
893 2298 1034 2336 venalis
1055 2297 1264 2350 adscriptor
1283 2305 1321 2335 et
1340 2295 1573 2348 subscriptor
1593 2305 1681 2334 tuus
1696 2324 1708 2341 ,
1739 2309 1833 2333 cum

438 2368 502 2406 M.
526 2367 667 2419 Papirii
682 2395 692 2411 ,
725 2365 780 2403 sui
801 2364 925 2403 fratris
941 2393 952 2409 ,
984 2363 1072 2402 esset
1093 2364 1321 2403 testamento
1340 2372 1377 2401 et
1392 2362 1542 2415 judicio
1562 2362 1804 2415 improbatus
1820 2389 1831 2405 ,

438 2442 606 2473 mortem
640 2434 719 2484 ejus
756 2431 791 2471 se
826 2431 922 2472 velle
955 2430 1128 2485 persequi
1163 2430 1263 2470 dixit
1282 2446 1291 2469 ι
1324 2443 1470 2470 nomen
1504 2429 1609 2468 Sexti
1645 2427 1835 2481 Propertii
