2212 2835
640 190 730 228 DE
788 190 980 228 LEGE
1038 191 1400 229 AGRARIA.
1663 207 1735 245 147

337 285 582 324 vehementer
615 286 832 325 defendere.
865 289 921 325 At
950 288 976 326 si
1007 288 1073 325 illa
1102 287 1228 326 solum
1261 288 1434 333 sanciret,
1466 302 1550 341 quae
1582 303 1601 326 a
1634 289 1735 341 Sylla

336 351 452 390 ess'ent
471 352 570 397 data,
600 361 797 398 tacerem;
829 353 948 392 modo
974 353 1051 406 ipse
1077 354 1114 391 se
1143 354 1343 405 Syllanum
1371 354 1442 392 effe
1469 355 1733 393 confiteretur.

336 419 408 456 Sed
436 433 517 457 non
548 419 666 457 modo
696 419 773 457 illis
804 429 927 464 cavet,
958 433 1091 456 verum
1119 420 1239 457 etiam
1268 420 1373 458 aliud
1394 422 1590 473 quoddam
1611 435 1733 474 genus

336 484 551 522 donationis
572 484 724 523 inducit
743 499 752 522 ε
785 494 823 522 et
841 486 888 530 is,
917 485 985 538 qui
1005 498 1025 521 a
1043 498 1109 523 me
1130 485 1298 536 Syllanas
1319 486 1557 538 poffeffiones
1578 487 1734 526 defendi

335 551 578 597 criminatur,
602 565 680 589 non
701 564 761 589 eas
780 551 907 589 solum
929 551 1061 596 sancit,
1082 565 1217 590 verum
1237 552 1317 605 ipse
1334 566 1448 592 novas
1469 553 1732 606 affignationes

335 616 514 663 instituit,
543 627 583 656 et
602 617 823 671 repentinus
845 617 948 670 Sylla
966 617 1079 656 nobis
1099 618 1285 657 exoritur.

388 684 496 722 Nam
524 685 723 729 attendite,
755 693 915 738 quantas
941 685 1194 724 conceffiones
1222 699 1402 738 agrorum
1431 685 1496 724 hic
1515 686 1639 725 noster
1659 688 1731 725 ob—

329 751 504 803 jurgator
534 739 613 790 urio
642 753 760 790 verbo
789 751 915 790 facere
941 761 1116 791 conetur.
1148 754 1241 804 Qtae
1259 753 1362 798 data,
1392 753 1538 799 donata,
1569 755 1732 809 concffz,

334 817 497 857 vendita.
528 819 673 857 Patior.
707 818 852 856 Audio.
890 818 999 870 Qid
1033 818 1202 858 deinde?
1226 820 1380 874 poſjeffiz.
1417 821 1516 859 Haec
1553 821 1733 860 tribunus

335 884 459 937 plebis
486 885 732 938 promulgare
757 884 867 923 ausus
894 885 961 930 est,
992 894 1049 930 ut,
1081 886 1186 938 quod
1212 887 1376 940 quisque
1395 887 1479 940 post
1499 888 1675 926 Marium
1694 897 1735 926 et

336 951 558 989 Carbonem
579 951 765 990 Consules
786 951 960 1005 pofiidet‚
990 952 1031 989 id
1047 965 1092 990 eo
1106 953 1194 1004 jure
1214 961 1371 999 teneret,
1394 967 1473 1005 quo
1492 954 1561 1006 qui
1581 955 1735 1007 optimo

335 1017 561 1071 privatum?
593 1018 776 1056 Etiamne
801 1017 828 1055 fi
856 1017 895 1055 vi
921 1018 1064 1070 ejecit?
1095 1018 1263 1056 etiamne
1290 1019 1316 1056 fi
1343 1019 1459 1065 clam,
1490 1020 1516 1058 s1
1548 1024 1731 1074 precario,

334 1084 440 1122 venit
458 1085 500 1122 in
521 1084 784 1137 poffeffionem
802 1085 816 1121 ?
848 1085 954 1137 Ergo
974 1084 1045 1122 hac
1066 1084 1149 1137 lege
1163 1086 1228 1137 jus
1248 1085 1376 1131 civile,
1401 1086 1518 1125 causae
1538 1087 1732 1140 poffeffio-

334 1164 446 1196 num,
479 1152 689 1189 Praetorum
711 1150 925 1195 interdieta,
954 1150 1153 1189 tollentur.

389 1216 485 1255 Non
517 1217 722 1255 mediocris
755 1230 826 1261 res,
858 1230 983 1269 neque
1013 1230 1177 1270 parvum
1208 1216 1278 1255 sub
1310 1215 1386 1255 hoc
1416 1219 1535 1257 verbo
1566 1219 1731 1266 furtum,

335 1283 523 1334 Qirites‚
553 1283 659 1323 latet.
693 1284 791 1322 Sunt
817 1285 923 1322 enim
952 1284 1070 1322 multi
1097 1284 1177 1336 agri
1204 1283 1289 1336 lege
1316 1284 1498 1322 Cornelia
1526 1287 1731 1339 publicati,

335 1363 406 1388 nec
426 1351 614 1403 cuiquam
640 1350 827 1404 affignati,
858 1364 984 1404 neque
1010 1350 1171 1395 venditi,
1203 1352 1273 1404 qui
1299 1364 1321 1388 a
1346 1351 1478 1404 paucis
1505 1351 1734 1392 hominibus

333 1422 664 1475 impudentiffime
684 1422 932 1476 poffidentur.
965 1423 1042 1461 His
1062 1431 1184 1466 cavet,
1210 1421 1282 1461 hos
1303 1422 1491 1469 defendit,
1513 1423 1585 1463 hos
1605 1426 1734 1478 priva-

335 1497 394 1526 tos
413 1488 535 1534 facit3
567 1489 653 1535 hos,
683 1491 859 1543 inquam,
887 1503 1011 1542 agros,
1034 1503 1131 1542 quos
1153 1489 1255 1540 Sylla
1276 1490 1427 1528 nemini
1447 1490 1568 1536 dedit,
1590 1491 1734 1530 Rullus

336 1568 416 1593 non
453 1555 563 1594 vobis
601 1557 781 1609 assignare
820 1556 918 1601 vult,
958 1556 1020 1593 sed
1059 1556 1112 1593 eis
1151 1555 1381 1600 condonare,
1421 1557 1490 1609 qui
1528 1558 1732 1610 poffident.

338 1620 502 1659 Causam
524 1635 667 1674 quaero,
689 1636 758 1660 cur
777 1635 833 1667 ea,
854 1636 940 1674 quae
961 1622 1123 1674 majores
1145 1621 1253 1659 vobis
1269 1621 1310 1659 in
1328 1622 1449 1667 Italia,
1473 1623 1616 1669 Sicilia,
1638 1624 1734 1663 dua-

339 1686 410 1724 bus
431 1687 644 1739 Hispaniis,
676 1688 921 1733 Macedonia,
953 1688 1054 1732 Afia,
1079 1687 1345 1740 quaefiverunt,
1369 1688 1496 1726 venire
1516 1690 1733 1742 patiamini,

336 1765 429 1791 cum
460 1767 516 1799 ea,
547 1767 633 1806 quae
664 1753 782 1792 vestra
812 1754 914 1800 sunt,
950 1753 1160 1792 condonari
1190 1753 1453 1806 poffefforibus
1485 1756 1618 1794 eadem
1650 1756 1735 1809 lege

337 1820 508 1859 videatis.

390 1889 480 1939 Jam
501 1896 623 1926 totam
644 1888 769 1941 legem
795 1888 1035 1941 intelligetis,
1067 1902 1159 1926 cum
1183 1888 1229 1926 ad
1256 1901 1467 1941 paucorum
1494 1889 1733 1929 dominatio-

337 1966 428 1992 nem
447 1953 585 2007 scripta
605 1954 663 2000 fit,
685 1963 771 1992 turn
788 1954 834 1992 ad
851 1954 1010 2005 Syllanae
1026 1954 1284 2006 affignationis
1301 1956 1463 1993 rationes
1485 1955 1556 1993 effe
1575 1969 1732 1994 accom-

337 2019 648 2058 modatiffimam.
681 2020 789 2058 Nam
810 2019 914 2058 socer
933 2019 1049 2072 hujus
1071 2020 1127 2058 vir
1148 2019 1322 2058 multum
1347 2021 1471 2059 bonus
1498 2021 1577 2060 est:
1610 2035 1734 2075 neque

337 2097 408 2138 ego
427 2099 531 2124 nunc
553 2086 599 2124 de
619 2086 725 2125 illius
747 2086 932 2131 bonitate,
965 2086 1027 2124 sed
1048 2086 1094 2124 de
1114 2086 1244 2139 generi
1265 2087 1520 2139 impudentia,
1551 2087 1731 2140 disputo:

338 2151 403 2189 ille
433 2153 554 2198 enim,
585 2153 690 2206 quod
721 2152 851 2198 habet,
883 2153 1044 2192 retinere
1075 2153 1183 2198 vult;
1216 2166 1341 2206 neque
1367 2153 1403 2191 se
1431 2153 1632 2205 Syllanum
1660 2153 1733 2192 effe

338 2215 562 2256 diffimulat.

394 2283 466 2320 IV.
499 2283 594 2328 Hic,
620 2294 664 2323 ut
682 2284 760 2338 ipse
775 2283 913 2324 habeat
933 2285 1037 2338 quod
1053 2299 1131 2323 non
1151 2284 1281 2330 habet,
1303 2299 1389 2337 quae
1406 2285 1524 2323 dubia
1544 2285 1645 2328 sunt,
1666 2297 1733 2336 per

341 2362 405 2388 vos
427 2348 569 2387 sancire
589 2350 699 2389 vult:
732 2360 783 2396 et,
813 2365 906 2390 cum
926 2352 1014 2404 plus
1035 2360 1201 2405 appetat,
1233 2364 1350 2404 quam
1378 2351 1456 2403 ipse
1480 2349 1609 2401 Sylla3
1641 2351 1731 2402 qui-

340 2417 411 2454 bus
443 2429 515 2469 ego
540 2416 654 2454 rebus
681 2417 819 2462 refisto,
851 2418 1018 2469 Syllanas
1050 2431 1108 2456 res
1137 2417 1341 2455 defendere
1369 2416 1567 2454 criminor.
1601 2416 1733 2454 Habet

342 2495 449 2535 agros
471 2481 693 2529 nonnullos,
724 2481 867 2535 inquit,
899 2483 1002 2522 socer
1021 2496 1129 2522 meus
1151 2483 1315 2521 desertos
1335 2490 1449 2533 atque
1469 2481 1702 2534 longinquos
1721 2496 1731 2519 ε

1336 2548 1374 2586 Τ
1407 2561 1428 2586 2
