<?xml version="1.0" encoding="UTF-8"?>
<!DOCTYPE html PUBLIC "-//W3C//DTD XHTML 1.0 Transitional//EN"
    "http://www.w3.org/TR/xhtml1/DTD/xhtml1-transitional.dtd">
<html xmlns="http://www.w3.org/1999/xhtml" xml:lang="en" lang="en">
 <head>
  <title>
</title>
<meta http-equiv="Content-Type" content="text/html;charset=utf-8" />
  <meta name='ocr-system' content='tesseract 3.04.00' />
  <meta name='ocr-capabilities' content='ocr_page ocr_carea ocr_par ocr_line ocrx_word'/>
</head>
<body>
  <div class='ocr_page' id='page_1' title='image "./operacumindicibu05ciceuoft_0428.png"; bbox 0 0 2212 2835; ppageno 0'>
   <div class='ocr_carea' id='block_1_1' title="bbox 510 184 1410 241">
    <p class='ocr_par' dir='ltr' id='par_1_1' title="bbox 510 184 1410 241">
     <span class='ocr_line' id='line_1_1' title="bbox 510 184 1410 241; baseline -0.008 -13"><span class='ocrx_word' id='word_1_1' title='bbox 510 203 590 241; x_wconf 80' lang='lat'><strong>414</strong></span> <span class='ocrx_word' id='word_1_2' title='bbox 1007 184 1410 222; x_wconf 88' lang='lat' dir='ltr'><strong>ORATIO</strong></span> 
     </span>
    </p>
   </div>
   <div class='ocr_carea' id='block_1_2' title="bbox 502 281 1957 2524">
    <p class='ocr_par' dir='ltr' id='par_1_2' title="bbox 502 281 1907 472">
     <span class='ocr_line' id='line_1_2' title="bbox 507 281 1906 340; baseline -0.004 -15"><span class='ocrx_word' id='word_1_3' title='bbox 507 288 591 340; x_wconf 88' lang='lat' dir='ltr'><strong>post</strong></span> <span class='ocrx_word' id='word_1_4' title='bbox 627 285 770 338; x_wconf 82' lang='lat' dir='ltr'><strong>Syllani</strong></span> <span class='ocrx_word' id='word_1_5' title='bbox 807 283 1053 336; x_wconf 81' lang='lat' dir='ltr'>Cinnanique</span> <span class='ocrx_word' id='word_1_6' title='bbox 1084 282 1267 335; x_wconf 86' lang='lat' dir='ltr'><strong>temporis</strong></span> <span class='ocrx_word' id='word_1_7' title='bbox 1299 290 1519 320; x_wconf 80' lang='lat' dir='ltr'><strong>extremum</strong></span> <span class='ocrx_word' id='word_1_8' title='bbox 1550 294 1647 334; x_wconf 86' lang='lat' dir='ltr'><strong>pene</strong></span> <span class='ocrx_word' id='word_1_9' title='bbox 1677 281 1906 328; x_wconf 85' lang='lat' dir='ltr'><strong>discrimen,</strong></span> 
     </span>
     <span class='ocr_line' id='line_1_3' title="bbox 508 348 1907 401; baseline -0.004 -10"><span class='ocrx_word' id='word_1_10' title='bbox 508 363 594 391; x_wconf 87' lang='lat' dir='ltr'><strong>tum</strong></span> <span class='ocrx_word' id='word_1_11' title='bbox 616 351 715 390; x_wconf 82' lang='lat' dir='ltr'><strong>hanc</strong></span> <span class='ocrx_word' id='word_1_12' title='bbox 737 360 932 390; x_wconf 84' lang='lat' dir='ltr'><strong>recentem</strong></span> <span class='ocrx_word' id='word_1_13' title='bbox 953 350 1058 388; x_wconf 91' lang='lat' dir='ltr'><strong>urbis</strong></span> <span class='ocrx_word' id='word_1_14' title='bbox 1078 349 1362 387; x_wconf 67' lang='lat' dir='ltr'><strong>inflammandae</strong></span> <span class='ocrx_word' id='word_1_15' title='bbox 1387 348 1617 401; x_wconf 87' lang='lat' dir='ltr'><strong>delendique</strong></span> <span class='ocrx_word' id='word_1_16' title='bbox 1638 349 1792 401; x_wconf 89' lang='lat' dir='ltr'><strong>imperii</strong></span> <span class='ocrx_word' id='word_1_17' title='bbox 1812 362 1907 387; x_wconf 89' lang='lat' dir='ltr'><strong>con-</strong></span> 
     </span>
     <span class='ocr_line' id='line_1_4' title="bbox 502 416 1695 472; baseline -0.004 -15"><span class='ocrx_word' id='word_1_18' title='bbox 502 420 753 472; x_wconf 87' lang='lat' dir='ltr'><strong>jurationem,</strong></span> <span class='ocrx_word' id='word_1_19' title='bbox 784 432 863 456; x_wconf 87' lang='lat' dir='ltr'><strong>non</strong></span> <span class='ocrx_word' id='word_1_20' title='bbox 883 417 1042 455; x_wconf 83' lang='lat' dir='ltr'><strong>obscure</strong></span> <span class='ocrx_word' id='word_1_21' title='bbox 1063 416 1171 454; x_wconf 84' lang='lat' dir='ltr'><strong>vobis</strong></span> <span class='ocrx_word' id='word_1_22' title='bbox 1193 416 1308 468; x_wconf 90' lang='lat' dir='ltr'><strong>paulo</strong></span> <span class='ocrx_word' id='word_1_23' title='bbox 1330 424 1415 453; x_wconf 83' lang='lat' dir='ltr'><strong>ante</strong></span> <span class='ocrx_word' id='word_1_24' title='bbox 1436 416 1695 468; x_wconf 60' lang='lat' dir='ltr'><strong>praedixerint.</strong></span> 
     </span>
    </p>

    <p class='ocr_par' dir='ltr' id='par_1_3' title="bbox 508 480 1919 1594">
     <span class='ocr_line' id='line_1_5' title="bbox 564 480 1909 536; baseline -0.004 -13"><span class='ocrx_word' id='word_1_25' title='bbox 564 485 718 524; x_wconf 89' lang='lat' dir='ltr'><strong>Deinde</strong></span> <span class='ocrx_word' id='word_1_26' title='bbox 738 484 855 522; x_wconf 89' lang='lat' dir='ltr'><strong>etiam</strong></span> <span class='ocrx_word' id='word_1_27' title='bbox 876 482 1040 536; x_wconf 82' lang='lat' dir='ltr'><strong>cognovi</strong></span> <span class='ocrx_word' id='word_1_28' title='bbox 1058 511 1068 527; x_wconf 90' lang='lat'><em>,</em></span> <span class='ocrx_word' id='word_1_29' title='bbox 1101 483 1224 520; x_wconf 84' lang='lat' dir='ltr'><strong>multa</strong></span> <span class='ocrx_word' id='word_1_30' title='bbox 1251 481 1429 519; x_wconf 81' lang='lat' dir='ltr'><strong>homines</strong></span> <span class='ocrx_word' id='word_1_31' title='bbox 1458 481 1692 520; x_wconf 70' lang='lat' dir='ltr'><strong>doctiffimos</strong></span> <span class='ocrx_word' id='word_1_32' title='bbox 1714 480 1909 534; x_wconf 89' lang='lat' dir='ltr'><strong>sapientis-</strong></span> 
     </span>
     <span class='ocr_line' id='line_1_6' title="bbox 508 547 1911 604; baseline -0.004 -14"><span class='ocrx_word' id='word_1_33' title='bbox 508 551 698 604; x_wconf 88' lang='lat' dir='ltr'><strong>fimosque</strong></span> <span class='ocrx_word' id='word_1_34' title='bbox 718 558 756 589; x_wconf 89' lang='lat' dir='ltr'><strong>et</strong></span> <span class='ocrx_word' id='word_1_35' title='bbox 777 549 923 595; x_wconf 85' lang='lat' dir='ltr'><strong>dixiffe,</strong></span> <span class='ocrx_word' id='word_1_36' title='bbox 954 559 992 588; x_wconf 89' lang='lat' dir='ltr'><strong>et</strong></span> <span class='ocrx_word' id='word_1_37' title='bbox 1013 549 1152 601; x_wconf 85' lang='lat' dir='ltr'><strong>scripta</strong></span> <span class='ocrx_word' id='word_1_38' title='bbox 1174 548 1221 586; x_wconf 87' lang='lat' dir='ltr'><strong>de</strong></span> <span class='ocrx_word' id='word_1_39' title='bbox 1243 549 1419 586; x_wconf 79' lang='lat' dir='ltr'><strong>Deorum</strong></span> <span class='ocrx_word' id='word_1_40' title='bbox 1441 548 1727 586; x_wconf 85' lang='lat' dir='ltr'><strong>immortalium</strong></span> <span class='ocrx_word' id='word_1_41' title='bbox 1748 547 1911 585; x_wconf 87' lang='lat' dir='ltr'><strong>numine</strong></span> 
     </span>
     <span class='ocr_line' id='line_1_7' title="bbox 509 611 1911 670; baseline -0.004 -15"><span class='ocrx_word' id='word_1_42' title='bbox 509 617 720 670; x_wconf 81' lang='lat' dir='ltr'><strong>reliquiffe:</strong></span> <span class='ocrx_word' id='word_1_43' title='bbox 739 630 824 668; x_wconf 81' lang='lat' dir='ltr'><strong>quae</strong></span> <span class='ocrx_word' id='word_1_44' title='bbox 844 628 1068 669; x_wconf 85' lang='lat' dir='ltr'><strong>quanquam</strong></span> <span class='ocrx_word' id='word_1_45' title='bbox 1088 614 1273 652; x_wconf 85' lang='lat' dir='ltr'><strong>divinitus</strong></span> <span class='ocrx_word' id='word_1_46' title='bbox 1295 613 1501 666; x_wconf 84' lang='lat' dir='ltr'><strong>perscripta</strong></span> <span class='ocrx_word' id='word_1_47' title='bbox 1521 614 1645 662; x_wconf 88' lang='lat' dir='ltr'><strong>video,</strong></span> <span class='ocrx_word' id='word_1_48' title='bbox 1663 623 1793 652; x_wconf 84' lang='lat' dir='ltr'><strong>tamen</strong></span> <span class='ocrx_word' id='word_1_49' title='bbox 1809 611 1911 665; x_wconf 91' lang='lat' dir='ltr'><strong>ejus-</strong></span> 
     </span>
     <span class='ocr_line' id='line_1_8' title="bbox 509 678 1912 732; baseline -0.004 -10"><span class='ocrx_word' id='word_1_50' title='bbox 509 684 619 722; x_wconf 87' lang='lat' dir='ltr'><strong>modi</strong></span> <span class='ocrx_word' id='word_1_51' title='bbox 638 683 724 721; x_wconf 88' lang='lat' dir='ltr'><strong>sunt</strong></span> <span class='ocrx_word' id='word_1_52' title='bbox 741 712 752 727; x_wconf 88' lang='lat'>‚</span> <span class='ocrx_word' id='word_1_53' title='bbox 784 691 827 720; x_wconf 90' lang='lat' dir='ltr'><strong>ut</strong></span> <span class='ocrx_word' id='word_1_54' title='bbox 846 695 888 720; x_wconf 87' lang='lat' dir='ltr'><strong>ea</strong></span> <span class='ocrx_word' id='word_1_55' title='bbox 907 682 1069 732; x_wconf 84' lang='lat' dir='ltr'><strong>majores</strong></span> <span class='ocrx_word' id='word_1_56' title='bbox 1090 680 1208 718; x_wconf 88' lang='lat' dir='ltr'><strong>nostri</strong></span> <span class='ocrx_word' id='word_1_57' title='bbox 1228 680 1396 718; x_wconf 84' lang='lat' dir='ltr'><strong>docuiffe</strong></span> <span class='ocrx_word' id='word_1_58' title='bbox 1423 680 1510 718; x_wconf 84' lang='lat' dir='ltr'><strong>illos</strong></span> <span class='ocrx_word' id='word_1_59' title='bbox 1527 709 1539 725; x_wconf 90' lang='lat'>‚</span> <span class='ocrx_word' id='word_1_60' title='bbox 1571 693 1649 718; x_wconf 91' lang='lat' dir='ltr'><strong>non</strong></span> <span class='ocrx_word' id='word_1_61' title='bbox 1675 680 1723 717; x_wconf 87' lang='lat' dir='ltr'><strong>ab</strong></span> <span class='ocrx_word' id='word_1_62' title='bbox 1750 679 1829 717; x_wconf 89' lang='lat' dir='ltr'><strong>illis</strong></span> <span class='ocrx_word' id='word_1_63' title='bbox 1850 678 1912 716; x_wconf 90' lang='lat' dir='ltr'><strong>di-</strong></span> 
     </span>
     <span class='ocr_line' id='line_1_9' title="bbox 509 745 1913 798; baseline -0.004 -11"><span class='ocrx_word' id='word_1_64' title='bbox 509 749 639 787; x_wconf 81' lang='lat' dir='ltr'><strong>diciffe</strong></span> <span class='ocrx_word' id='word_1_65' title='bbox 655 778 666 794; x_wconf 91' lang='lat'><strong><em>,</em></strong></span> <span class='ocrx_word' id='word_1_66' title='bbox 697 749 910 786; x_wconf 87' lang='lat' dir='ltr'><strong>videantur.</strong></span> <span class='ocrx_word' id='word_1_67' title='bbox 952 745 1114 784; x_wconf 88' lang='lat' dir='ltr'><strong>Etenim</strong></span> <span class='ocrx_word' id='word_1_68' title='bbox 1134 745 1220 797; x_wconf 90' lang='lat' dir='ltr'><strong>quis</strong></span> <span class='ocrx_word' id='word_1_69' title='bbox 1242 745 1294 783; x_wconf 85' lang='lat' dir='ltr'><strong>est</strong></span> <span class='ocrx_word' id='word_1_70' title='bbox 1315 754 1394 782; x_wconf 82' lang='lat' dir='ltr'><strong>tam</strong></span> <span class='ocrx_word' id='word_1_71' title='bbox 1415 759 1546 783; x_wconf 88' lang='lat' dir='ltr'><strong>vecors</strong></span> <span class='ocrx_word' id='word_1_72' title='bbox 1563 775 1575 791; x_wconf 95' lang='lat'><strong><em>,</em></strong></span> <span class='ocrx_word' id='word_1_73' title='bbox 1607 746 1676 798; x_wconf 92' lang='lat' dir='ltr'><strong>qui</strong></span> <span class='ocrx_word' id='word_1_74' title='bbox 1695 754 1788 791; x_wconf 91' lang='lat' dir='ltr'><strong>aut,</strong></span> <span class='ocrx_word' id='word_1_75' title='bbox 1819 758 1913 783; x_wconf 90' lang='lat' dir='ltr'><strong>cum</strong></span> 
     </span>
     <span class='ocr_line' id='line_1_10' title="bbox 510 810 1914 868; baseline -0.004 -15"><span class='ocrx_word' id='word_1_76' title='bbox 510 814 716 868; x_wconf 82' lang='lat' dir='ltr'><strong>suspexerit</strong></span> <span class='ocrx_word' id='word_1_77' title='bbox 747 814 786 851; x_wconf 91' lang='lat' dir='ltr'><strong>in</strong></span> <span class='ocrx_word' id='word_1_78' title='bbox 821 812 975 857; x_wconf 82' lang='lat' dir='ltr'><strong>caelum,</strong></span> <span class='ocrx_word' id='word_1_79' title='bbox 1008 813 1113 850; x_wconf 84' lang='lat' dir='ltr'><strong>Deos</strong></span> <span class='ocrx_word' id='word_1_80' title='bbox 1146 810 1217 849; x_wconf 88' lang='lat' dir='ltr'><strong>effe</strong></span> <span class='ocrx_word' id='word_1_81' title='bbox 1249 824 1327 848; x_wconf 90' lang='lat' dir='ltr'><strong>non</strong></span> <span class='ocrx_word' id='word_1_82' title='bbox 1358 810 1507 856; x_wconf 84' lang='lat' dir='ltr'><strong>sentiat,</strong></span> <span class='ocrx_word' id='word_1_83' title='bbox 1539 820 1577 849; x_wconf 91' lang='lat' dir='ltr'><strong>et</strong></span> <span class='ocrx_word' id='word_1_84' title='bbox 1608 824 1663 855; x_wconf 84' lang='lat' dir='ltr'><strong>ea,</strong></span> <span class='ocrx_word' id='word_1_85' title='bbox 1694 825 1778 863; x_wconf 88' lang='lat' dir='ltr'><strong>quae</strong></span> <span class='ocrx_word' id='word_1_86' title='bbox 1809 820 1914 849; x_wconf 88' lang='lat' dir='ltr'><strong>tanta</strong></span> 
     </span>
     <span class='ocr_line' id='line_1_11' title="bbox 511 876 1912 931; baseline -0.004 -12"><span class='ocrx_word' id='word_1_87' title='bbox 511 890 640 919; x_wconf 88' lang='lat' dir='ltr'><strong>mente</strong></span> <span class='ocrx_word' id='word_1_88' title='bbox 667 880 793 925; x_wconf 87' lang='lat' dir='ltr'><strong>fiunt,</strong></span> <span class='ocrx_word' id='word_1_89' title='bbox 826 888 869 917; x_wconf 88' lang='lat' dir='ltr'><strong>ut</strong></span> <span class='ocrx_word' id='word_1_90' title='bbox 897 879 962 917; x_wconf 86' lang='lat' dir='ltr'><strong>vix</strong></span> <span class='ocrx_word' id='word_1_91' title='bbox 989 877 1194 931; x_wconf 84' lang='lat' dir='ltr'><strong>quisquam</strong></span> <span class='ocrx_word' id='word_1_92' title='bbox 1220 886 1298 915; x_wconf 86' lang='lat' dir='ltr'><strong>arte</strong></span> <span class='ocrx_word' id='word_1_93' title='bbox 1325 876 1404 915; x_wconf 84' lang='lat' dir='ltr'><strong>ulla</strong></span> <span class='ocrx_word' id='word_1_94' title='bbox 1429 877 1606 915; x_wconf 86' lang='lat' dir='ltr'><strong>ordinem</strong></span> <span class='ocrx_word' id='word_1_95' title='bbox 1628 890 1759 915; x_wconf 89' lang='lat' dir='ltr'><strong>rerum</strong></span> <span class='ocrx_word' id='word_1_96' title='bbox 1779 890 1822 914; x_wconf 91' lang='lat' dir='ltr'><strong>ac</strong></span> <span class='ocrx_word' id='word_1_97' title='bbox 1842 890 1912 914; x_wconf 91' lang='lat' dir='ltr'><strong>ne-</strong></span> 
     </span>
     <span class='ocr_line' id='line_1_12' title="bbox 511 942 1914 998; baseline -0.004 -13"><span class='ocrx_word' id='word_1_98' title='bbox 511 947 777 985; x_wconf 86' lang='lat' dir='ltr'><strong>ceffitudinem</strong></span> <span class='ocrx_word' id='word_1_99' title='bbox 799 944 974 998; x_wconf 87' lang='lat' dir='ltr'><strong>persequi</strong></span> <span class='ocrx_word' id='word_1_100' title='bbox 1000 945 1141 997; x_wconf 87' lang='lat' dir='ltr'><strong>poffit,</strong></span> <span class='ocrx_word' id='word_1_101' title='bbox 1173 943 1259 982; x_wconf 89' lang='lat' dir='ltr'><strong>casu</strong></span> <span class='ocrx_word' id='word_1_102' title='bbox 1286 942 1369 981; x_wconf 89' lang='lat' dir='ltr'><strong>fieri</strong></span> <span class='ocrx_word' id='word_1_103' title='bbox 1395 952 1532 996; x_wconf 84' lang='lat' dir='ltr'><strong>putet;</strong></span> <span class='ocrx_word' id='word_1_104' title='bbox 1565 952 1657 988; x_wconf 87' lang='lat' dir='ltr'><strong>aut,</strong></span> <span class='ocrx_word' id='word_1_105' title='bbox 1689 956 1782 981; x_wconf 90' lang='lat' dir='ltr'><strong>cum</strong></span> <span class='ocrx_word' id='word_1_106' title='bbox 1809 942 1914 980; x_wconf 88' lang='lat' dir='ltr'><strong>Deos</strong></span> 
     </span>
     <span class='ocr_line' id='line_1_13' title="bbox 511 1008 1915 1063; baseline -0.004 -12"><span class='ocrx_word' id='word_1_107' title='bbox 511 1013 583 1051; x_wconf 83' lang='lat' dir='ltr'><strong>effe</strong></span> <span class='ocrx_word' id='word_1_108' title='bbox 605 1012 852 1056; x_wconf 82' lang='lat' dir='ltr'><strong>intellexerit,</strong></span> <span class='ocrx_word' id='word_1_109' title='bbox 885 1025 963 1050; x_wconf 89' lang='lat' dir='ltr'><strong>non</strong></span> <span class='ocrx_word' id='word_1_110' title='bbox 983 1011 1190 1063; x_wconf 86' lang='lat' dir='ltr'><strong>intelligat,</strong></span> <span class='ocrx_word' id='word_1_111' title='bbox 1222 1023 1357 1048; x_wconf 89' lang='lat' dir='ltr'><strong>eorum</strong></span> <span class='ocrx_word' id='word_1_112' title='bbox 1379 1010 1542 1048; x_wconf 88' lang='lat' dir='ltr'><strong>numine</strong></span> <span class='ocrx_word' id='word_1_113' title='bbox 1566 1008 1643 1048; x_wconf 91' lang='lat' dir='ltr'><strong>hoc</strong></span> <span class='ocrx_word' id='word_1_114' title='bbox 1664 1017 1817 1047; x_wconf 84' lang='lat' dir='ltr'><strong>tantum</strong></span> <span class='ocrx_word' id='word_1_115' title='bbox 1837 1009 1915 1047; x_wconf 90' lang='lat' dir='ltr'><strong>im-</strong></span> 
     </span>
     <span class='ocr_line' id='line_1_14' title="bbox 511 1074 1917 1133; baseline -0.004 -16"><span class='ocrx_word' id='word_1_116' title='bbox 511 1080 663 1133; x_wconf 88' lang='lat' dir='ltr'><strong>perium</strong></span> <span class='ocrx_word' id='word_1_117' title='bbox 685 1078 756 1116; x_wconf 81' lang='lat' dir='ltr'><strong>effe</strong></span> <span class='ocrx_word' id='word_1_118' title='bbox 776 1087 912 1116; x_wconf 85' lang='lat' dir='ltr'><strong>natum</strong></span> <span class='ocrx_word' id='word_1_119' title='bbox 931 1106 942 1123; x_wconf 95' lang='lat'><strong><em>,</em></strong></span> <span class='ocrx_word' id='word_1_120' title='bbox 973 1086 1012 1115; x_wconf 90' lang='lat' dir='ltr'><strong>et</strong></span> <span class='ocrx_word' id='word_1_121' title='bbox 1037 1079 1194 1115; x_wconf 70' lang='lat' dir='ltr'><strong>austum</strong></span> <span class='ocrx_word' id='word_1_122' title='bbox 1212 1105 1223 1121; x_wconf 94' lang='lat'>‚</span> <span class='ocrx_word' id='word_1_123' title='bbox 1254 1085 1293 1114; x_wconf 89' lang='lat' dir='ltr'><strong>et</strong></span> <span class='ocrx_word' id='word_1_124' title='bbox 1322 1084 1517 1114; x_wconf 88' lang='lat' dir='ltr'><strong>retentum</strong></span> <span class='ocrx_word' id='word_1_125' title='bbox 1537 1076 1549 1113; x_wconf 87' lang='lat'>?</span> <span class='ocrx_word' id='word_1_126' title='bbox 1583 1076 1715 1127; x_wconf 86' lang='lat' dir='ltr'><strong>Qam</strong></span> <span class='ocrx_word' id='word_1_127' title='bbox 1736 1074 1917 1113; x_wconf 87' lang='lat' dir='ltr'><strong>volumus</strong></span> 
     </span>
     <span class='ocr_line' id='line_1_15' title="bbox 512 1143 1919 1197; baseline -0.004 -12"><span class='ocrx_word' id='word_1_128' title='bbox 512 1147 632 1191; x_wconf 88' lang='lat' dir='ltr'><strong>licet,</strong></span> <span class='ocrx_word' id='word_1_129' title='bbox 665 1147 793 1184; x_wconf 86' lang='lat' dir='ltr'><strong>Patres</strong></span> <span class='ocrx_word' id='word_1_130' title='bbox 822 1144 1058 1197; x_wconf 87' lang='lat' dir='ltr'><strong>conscripti,</strong></span> <span class='ocrx_word' id='word_1_131' title='bbox 1090 1143 1157 1197; x_wconf 88' lang='lat' dir='ltr'><strong>ipfi</strong></span> <span class='ocrx_word' id='word_1_132' title='bbox 1187 1156 1256 1181; x_wconf 90' lang='lat' dir='ltr'><strong>nos</strong></span> <span class='ocrx_word' id='word_1_133' title='bbox 1278 1156 1479 1181; x_wconf 82' lang='lat' dir='ltr'><strong>amemus:</strong></span> <span class='ocrx_word' id='word_1_134' title='bbox 1514 1151 1642 1181; x_wconf 87' lang='lat' dir='ltr'><strong>tamen</strong></span> <span class='ocrx_word' id='word_1_135' title='bbox 1662 1155 1734 1180; x_wconf 86' lang='lat' dir='ltr'><strong>nec</strong></span> <span class='ocrx_word' id='word_1_136' title='bbox 1755 1154 1919 1180; x_wconf 90' lang='lat' dir='ltr'><strong>numero</strong></span> 
     </span>
     <span class='ocr_line' id='line_1_16' title="bbox 513 1208 1917 1265; baseline -0.004 -14"><span class='ocrx_word' id='word_1_137' title='bbox 513 1212 708 1265; x_wconf 85' lang='lat' dir='ltr'><strong>Hispanos</strong></span> <span class='ocrx_word' id='word_1_138' title='bbox 726 1241 737 1256; x_wconf 94' lang='lat'>‚</span> <span class='ocrx_word' id='word_1_139' title='bbox 769 1225 838 1248; x_wconf 88' lang='lat' dir='ltr'><strong>nec</strong></span> <span class='ocrx_word' id='word_1_140' title='bbox 860 1210 996 1248; x_wconf 90' lang='lat' dir='ltr'><strong>robore</strong></span> <span class='ocrx_word' id='word_1_141' title='bbox 1024 1209 1160 1247; x_wconf 87' lang='lat' dir='ltr'><strong>Gallos</strong></span> <span class='ocrx_word' id='word_1_142' title='bbox 1178 1237 1190 1254; x_wconf 93' lang='lat'>‚</span> <span class='ocrx_word' id='word_1_143' title='bbox 1221 1222 1292 1247; x_wconf 90' lang='lat' dir='ltr'><strong>nec</strong></span> <span class='ocrx_word' id='word_1_144' title='bbox 1320 1208 1530 1247; x_wconf 86' lang='lat' dir='ltr'><strong>calliditate</strong></span> <span class='ocrx_word' id='word_1_145' title='bbox 1557 1210 1697 1247; x_wconf 85' lang='lat' dir='ltr'><strong>Poenos</strong></span> <span class='ocrx_word' id='word_1_146' title='bbox 1715 1237 1726 1253; x_wconf 95' lang='lat'><strong><em>,</em></strong></span> <span class='ocrx_word' id='word_1_147' title='bbox 1757 1221 1828 1246; x_wconf 89' lang='lat' dir='ltr'><strong>nec</strong></span> <span class='ocrx_word' id='word_1_148' title='bbox 1855 1220 1917 1245; x_wconf 89' lang='lat' dir='ltr'><strong>ar-</strong></span> 
     </span>
     <span class='ocr_line' id='line_1_17' title="bbox 513 1273 1917 1327; baseline -0.004 -10"><span class='ocrx_word' id='word_1_149' title='bbox 513 1279 618 1317; x_wconf 87' lang='lat' dir='ltr'><strong>tibus</strong></span> <span class='ocrx_word' id='word_1_150' title='bbox 641 1279 798 1316; x_wconf 83' lang='lat' dir='ltr'><strong>Graecos</strong></span> <span class='ocrx_word' id='word_1_151' title='bbox 816 1306 826 1322; x_wconf 93' lang='lat'>,</span> <span class='ocrx_word' id='word_1_152' title='bbox 858 1290 930 1315; x_wconf 87' lang='lat' dir='ltr'><strong>nec</strong></span> <span class='ocrx_word' id='word_1_153' title='bbox 959 1276 1125 1327; x_wconf 92' lang='lat' dir='ltr'><strong>denique</strong></span> <span class='ocrx_word' id='word_1_154' title='bbox 1152 1274 1228 1313; x_wconf 93' lang='lat' dir='ltr'><strong>hoc</strong></span> <span class='ocrx_word' id='word_1_155' title='bbox 1256 1275 1337 1327; x_wconf 90' lang='lat' dir='ltr'><strong>ipso</strong></span> <span class='ocrx_word' id='word_1_156' title='bbox 1362 1273 1479 1327; x_wconf 89' lang='lat' dir='ltr'><strong>hujus</strong></span> <span class='ocrx_word' id='word_1_157' title='bbox 1505 1275 1631 1327; x_wconf 88' lang='lat' dir='ltr'><strong>gentis</strong></span> <span class='ocrx_word' id='word_1_158' title='bbox 1652 1287 1695 1312; x_wconf 89' lang='lat' dir='ltr'><strong>ac</strong></span> <span class='ocrx_word' id='word_1_159' title='bbox 1716 1283 1822 1312; x_wconf 85' lang='lat' dir='ltr'><strong>terrae</strong></span> <span class='ocrx_word' id='word_1_160' title='bbox 1845 1274 1917 1311; x_wconf 93' lang='lat' dir='ltr'><strong>do-</strong></span> 
     </span>
     <span class='ocr_line' id='line_1_18' title="bbox 514 1339 1918 1394; baseline -0.004 -11"><span class='ocrx_word' id='word_1_161' title='bbox 514 1344 674 1383; x_wconf 85' lang='lat' dir='ltr'><strong>mestico</strong></span> <span class='ocrx_word' id='word_1_162' title='bbox 705 1343 914 1394; x_wconf 85' lang='lat' dir='ltr'><strong>nativoque</strong></span> <span class='ocrx_word' id='word_1_163' title='bbox 948 1341 1055 1379; x_wconf 87' lang='lat' dir='ltr'><strong>sensu</strong></span> <span class='ocrx_word' id='word_1_164' title='bbox 1090 1341 1206 1379; x_wconf 88' lang='lat' dir='ltr'><strong>Italos</strong></span> <span class='ocrx_word' id='word_1_165' title='bbox 1240 1341 1340 1394; x_wconf 85' lang='lat' dir='ltr'><strong>ipsos</strong></span> <span class='ocrx_word' id='word_1_166' title='bbox 1379 1353 1420 1378; x_wconf 90' lang='lat' dir='ltr'><strong>ac</strong></span> <span class='ocrx_word' id='word_1_167' title='bbox 1455 1341 1615 1379; x_wconf 88' lang='lat' dir='ltr'><strong>Latinos</strong></span> <span class='ocrx_word' id='word_1_168' title='bbox 1631 1358 1644 1385; x_wconf 66' lang='grc' dir='ltr'><strong><em>ς</em></strong></span> <span class='ocrx_word' id='word_1_169' title='bbox 1681 1339 1742 1378; x_wconf 88' lang='lat' dir='ltr'><strong>sed</strong></span> <span class='ocrx_word' id='word_1_170' title='bbox 1776 1340 1918 1392; x_wconf 83' lang='lat' dir='ltr'><strong>pietate</strong></span> 
     </span>
     <span class='ocr_line' id='line_1_19' title="bbox 515 1406 1918 1463; baseline -0.004 -15"><span class='ocrx_word' id='word_1_171' title='bbox 515 1425 558 1448; x_wconf 86' lang='lat' dir='ltr'><strong>ac</strong></span> <span class='ocrx_word' id='word_1_172' title='bbox 580 1410 765 1463; x_wconf 84' lang='lat' dir='ltr'><strong>religione</strong></span> <span class='ocrx_word' id='word_1_173' title='bbox 782 1438 793 1454; x_wconf 94' lang='lat'><strong>,</strong></span> <span class='ocrx_word' id='word_1_174' title='bbox 825 1417 940 1460; x_wconf 87' lang='lat' dir='ltr'><strong>atque</strong></span> <span class='ocrx_word' id='word_1_175' title='bbox 960 1406 1032 1445; x_wconf 86' lang='lat' dir='ltr'><strong>hac</strong></span> <span class='ocrx_word' id='word_1_176' title='bbox 1055 1421 1130 1445; x_wconf 87' lang='lat' dir='ltr'><strong>una</strong></span> <span class='ocrx_word' id='word_1_177' title='bbox 1149 1407 1330 1460; x_wconf 83' lang='lat' dir='ltr'><strong>sapientia</strong></span> <span class='ocrx_word' id='word_1_178' title='bbox 1343 1435 1355 1451; x_wconf 93' lang='lat'>,</span> <span class='ocrx_word' id='word_1_179' title='bbox 1387 1407 1493 1459; x_wconf 88' lang='lat' dir='ltr'><strong>quod</strong></span> <span class='ocrx_word' id='word_1_180' title='bbox 1514 1407 1690 1444; x_wconf 89' lang='lat' dir='ltr'><strong>Deorum</strong></span> <span class='ocrx_word' id='word_1_181' title='bbox 1711 1406 1918 1444; x_wconf 87' lang='lat' dir='ltr'><strong>immorta-</strong></span> 
     </span>
     <span class='ocr_line' id='line_1_20' title="bbox 514 1473 1917 1526; baseline -0.004 -11"><span class='ocrx_word' id='word_1_182' title='bbox 514 1478 615 1516; x_wconf 88' lang='lat' dir='ltr'><strong>lium</strong></span> <span class='ocrx_word' id='word_1_183' title='bbox 632 1477 793 1514; x_wconf 90' lang='lat' dir='ltr'><strong>numine</strong></span> <span class='ocrx_word' id='word_1_184' title='bbox 813 1475 945 1513; x_wconf 87' lang='lat' dir='ltr'><strong>omnia</strong></span> <span class='ocrx_word' id='word_1_185' title='bbox 963 1474 1044 1526; x_wconf 87' lang='lat' dir='ltr'><strong>regi</strong></span> <span class='ocrx_word' id='word_1_186' title='bbox 1063 1473 1346 1526; x_wconf 86' lang='lat' dir='ltr'><strong>gubernarique</strong></span> <span class='ocrx_word' id='word_1_187' title='bbox 1365 1473 1644 1526; x_wconf 83' lang='lat' dir='ltr'><strong>perspeximus,</strong></span> <span class='ocrx_word' id='word_1_188' title='bbox 1664 1486 1800 1512; x_wconf 88' lang='lat' dir='ltr'><strong>omnes</strong></span> <span class='ocrx_word' id='word_1_189' title='bbox 1820 1486 1917 1526; x_wconf 90' lang='lat' dir='ltr'><strong>gen-</strong></span> 
     </span>
     <span class='ocr_line' id='line_1_21' title="bbox 514 1540 1134 1594; baseline -0.008 -12"><span class='ocrx_word' id='word_1_190' title='bbox 514 1552 570 1582; x_wconf 88' lang='lat' dir='ltr'><strong>tes</strong></span> <span class='ocrx_word' id='word_1_191' title='bbox 592 1542 839 1594; x_wconf 87' lang='lat' dir='ltr'><strong>nationesque</strong></span> <span class='ocrx_word' id='word_1_192' title='bbox 859 1540 1134 1593; x_wconf 87' lang='lat' dir='ltr'><strong>superavimus.</strong></span> 
     </span>
    </p>

    <p class='ocr_par' dir='ltr' id='par_1_4' title="bbox 517 1603 1957 2323">
     <span class='ocr_line' id='line_1_22' title="bbox 570 1603 1921 1661; baseline -0.005 -12"><span class='ocrx_word' id='word_1_193' title='bbox 570 1611 624 1649; x_wconf 90' lang='lat' dir='ltr'><strong>X.</strong></span> <span class='ocrx_word' id='word_1_194' title='bbox 657 1610 798 1661; x_wconf 85' lang='lat' dir='ltr'><strong>Qare,</strong></span> <span class='ocrx_word' id='word_1_195' title='bbox 821 1621 869 1645; x_wconf 91' lang='lat' dir='ltr'><strong>ne</strong></span> <span class='ocrx_word' id='word_1_196' title='bbox 889 1607 999 1660; x_wconf 89' lang='lat' dir='ltr'><strong>plura</strong></span> <span class='ocrx_word' id='word_1_197' title='bbox 1017 1606 1064 1645; x_wconf 91' lang='lat' dir='ltr'><strong>de</strong></span> <span class='ocrx_word' id='word_1_198' title='bbox 1083 1619 1123 1644; x_wconf 93' lang='lat' dir='ltr'><strong>re</strong></span> <span class='ocrx_word' id='word_1_199' title='bbox 1143 1605 1309 1644; x_wconf 88' lang='lat' dir='ltr'><strong>minime</strong></span> <span class='ocrx_word' id='word_1_200' title='bbox 1328 1605 1464 1658; x_wconf 90' lang='lat' dir='ltr'><strong>loquar</strong></span> <span class='ocrx_word' id='word_1_201' title='bbox 1484 1605 1614 1651; x_wconf 90' lang='lat' dir='ltr'><strong>dubia,</strong></span> <span class='ocrx_word' id='word_1_202' title='bbox 1636 1603 1816 1644; x_wconf 87' lang='lat' dir='ltr'><strong>adhibete</strong></span> <span class='ocrx_word' id='word_1_203' title='bbox 1835 1604 1921 1642; x_wconf 87' lang='lat' dir='ltr'><strong>ani-</strong></span> 
     </span>
     <span class='ocr_line' id='line_1_23' title="bbox 517 1671 1922 1725; baseline -0.005 -10"><span class='ocrx_word' id='word_1_204' title='bbox 517 1691 602 1715; x_wconf 86' lang='lat' dir='ltr'><strong>mos</strong></span> <span class='ocrx_word' id='word_1_205' title='bbox 618 1695 630 1722; x_wconf 87' lang='lat'>3</span> <span class='ocrx_word' id='word_1_206' title='bbox 662 1686 699 1714; x_wconf 90' lang='lat' dir='ltr'><strong>et</strong></span> <span class='ocrx_word' id='word_1_207' title='bbox 719 1684 868 1714; x_wconf 89' lang='lat' dir='ltr'><strong>mentes</strong></span> <span class='ocrx_word' id='word_1_208' title='bbox 888 1673 1038 1718; x_wconf 84' lang='lat' dir='ltr'><strong>vestras,</strong></span> <span class='ocrx_word' id='word_1_209' title='bbox 1061 1686 1139 1711; x_wconf 89' lang='lat' dir='ltr'><strong>non</strong></span> <span class='ocrx_word' id='word_1_210' title='bbox 1160 1672 1284 1711; x_wconf 88' lang='lat' dir='ltr'><strong>solum</strong></span> <span class='ocrx_word' id='word_1_211' title='bbox 1304 1685 1426 1717; x_wconf 86' lang='lat' dir='ltr'><strong>aures,</strong></span> <span class='ocrx_word' id='word_1_212' title='bbox 1448 1673 1495 1710; x_wconf 85' lang='lat' dir='ltr'><strong>ad</strong></span> <span class='ocrx_word' id='word_1_213' title='bbox 1515 1671 1763 1725; x_wconf 86' lang='lat' dir='ltr'><strong>haruspicum</strong></span> <span class='ocrx_word' id='word_1_214' title='bbox 1785 1684 1922 1710; x_wconf 89' lang='lat' dir='ltr'><strong>vocem</strong></span> 
     </span>
     <span class='ocr_line' id='line_1_24' title="bbox 519 1737 1918 1794; baseline -0.005 -12"><span class='ocrx_word' id='word_1_215' title='bbox 519 1744 746 1782; x_wconf 83' lang='lat' dir='ltr'><strong>admovete:</strong></span> <span class='ocrx_word' id='word_1_216' title='bbox 778 1741 885 1794; x_wconf 78' lang='lat' dir='ltr'><strong>Qod</strong></span> <span class='ocrx_word' id='word_1_217' title='bbox 905 1741 942 1779; x_wconf 87' lang='lat' dir='ltr'><strong>in</strong></span> <span class='ocrx_word' id='word_1_218' title='bbox 968 1755 1058 1793; x_wconf 81' lang='lat' dir='ltr'><strong>agro</strong></span> <span class='ocrx_word' id='word_1_219' title='bbox 1085 1739 1293 1790; x_wconf 73' lang='lat' dir='ltr'><strong>Latz‘nie73fi</strong></span> <span class='ocrx_word' id='word_1_220' title='bbox 1314 1738 1460 1777; x_wconf 82' lang='lat' dir='ltr'><strong>auditus</strong></span> <span class='ocrx_word' id='word_1_221' title='bbox 1486 1738 1716 1792; x_wconf 73' lang='lat' dir='ltr'><strong>eststrepitus</strong></span> <span class='ocrx_word' id='word_1_222' title='bbox 1740 1737 1918 1789; x_wconf 84' lang='lat' dir='ltr'><strong>cumfre-</strong></span> 
     </span>
     <span class='ocr_line' id='line_1_25' title="bbox 518 1803 1919 1863; baseline -0.006 -15"><span class='ocrx_word' id='word_1_223' title='bbox 518 1810 627 1863; x_wconf 28' lang='lat' dir='ltr'><strong>mita.-</strong></span> <span class='ocrx_word' id='word_1_224' title='bbox 667 1810 792 1847; x_wconf 84' lang='lat' dir='ltr'><strong>Mitto</strong></span> <span class='ocrx_word' id='word_1_225' title='bbox 820 1806 1039 1859; x_wconf 88' lang='lat' dir='ltr'><strong>haruspices</strong></span> <span class='ocrx_word' id='word_1_226' title='bbox 1056 1834 1067 1851; x_wconf 90' lang='lat'>,</span> <span class='ocrx_word' id='word_1_227' title='bbox 1099 1805 1216 1843; x_wconf 90' lang='lat' dir='ltr'><strong>mitto</strong></span> <span class='ocrx_word' id='word_1_228' title='bbox 1236 1804 1344 1842; x_wconf 85' lang='lat' dir='ltr'><strong>illam</strong></span> <span class='ocrx_word' id='word_1_229' title='bbox 1366 1813 1532 1842; x_wconf 90' lang='lat' dir='ltr'><strong>veterem</strong></span> <span class='ocrx_word' id='word_1_230' title='bbox 1554 1804 1601 1840; x_wconf 88' lang='lat' dir='ltr'><strong>ab</strong></span> <span class='ocrx_word' id='word_1_231' title='bbox 1622 1803 1710 1856; x_wconf 77' lang='lat' dir='ltr'><strong>ipsis</strong></span> <span class='ocrx_word' id='word_1_232' title='bbox 1731 1803 1819 1841; x_wconf 86' lang='lat' dir='ltr'><strong>Diis</strong></span> <span class='ocrx_word' id='word_1_233' title='bbox 1840 1803 1919 1841; x_wconf 88' lang='lat' dir='ltr'><strong>im-</strong></span> 
     </span>
     <span class='ocr_line' id='line_1_26' title="bbox 520 1869 1918 1922; baseline -0.004 -9"><span class='ocrx_word' id='word_1_234' title='bbox 520 1875 765 1918; x_wconf 82' lang='lat' dir='ltr'><strong>mortalibus,</strong></span> <span class='ocrx_word' id='word_1_235' title='bbox 798 1883 840 1911; x_wconf 87' lang='lat' dir='ltr'><strong>ut</strong></span> <span class='ocrx_word' id='word_1_236' title='bbox 859 1872 1070 1910; x_wconf 89' lang='lat' dir='ltr'><strong>hominum</strong></span> <span class='ocrx_word' id='word_1_237' title='bbox 1091 1870 1194 1909; x_wconf 90' lang='lat' dir='ltr'><strong>fama</strong></span> <span class='ocrx_word' id='word_1_238' title='bbox 1213 1870 1278 1915; x_wconf 90' lang='lat' dir='ltr'><strong>est,</strong></span> <span class='ocrx_word' id='word_1_239' title='bbox 1312 1870 1476 1908; x_wconf 86' lang='lat' dir='ltr'><strong>Etruriae</strong></span> <span class='ocrx_word' id='word_1_240' title='bbox 1496 1869 1624 1908; x_wconf 90' lang='lat' dir='ltr'><strong>datam</strong></span> <span class='ocrx_word' id='word_1_241' title='bbox 1645 1869 1889 1922; x_wconf 86' lang='lat' dir='ltr'><strong>disciplinam</strong></span> <span class='ocrx_word' id='word_1_242' title='bbox 1909 1883 1918 1907; x_wconf 91' lang='lat'>:</span> 
     </span>
     <span class='ocr_line' id='line_1_27' title="bbox 520 1935 1921 1992; baseline -0.004 -13"><span class='ocrx_word' id='word_1_243' title='bbox 520 1955 589 1979; x_wconf 85' lang='lat' dir='ltr'><strong>nos</strong></span> <span class='ocrx_word' id='word_1_244' title='bbox 611 1953 739 1979; x_wconf 89' lang='lat' dir='ltr'><strong>nonne</strong></span> <span class='ocrx_word' id='word_1_245' title='bbox 758 1939 973 1992; x_wconf 84' lang='lat' dir='ltr'><strong>haruspices</strong></span> <span class='ocrx_word' id='word_1_246' title='bbox 994 1937 1064 1975; x_wconf 84' lang='lat' dir='ltr'><strong>effe</strong></span> <span class='ocrx_word' id='word_1_247' title='bbox 1084 1936 1281 1990; x_wconf 84' lang='lat' dir='ltr'><strong>poffumus</strong></span> <span class='ocrx_word' id='word_1_248' title='bbox 1300 1937 1313 1974; x_wconf 89' lang='lat'>?</span> <span class='ocrx_word' id='word_1_249' title='bbox 1336 1935 1544 1974; x_wconf 79' lang='lat' dir='ltr'><strong>Exauditus</strong></span> <span class='ocrx_word' id='word_1_250' title='bbox 1561 1936 1598 1974; x_wconf 84' lang='lat' dir='ltr'><strong>in</strong></span> <span class='ocrx_word' id='word_1_251' title='bbox 1618 1950 1707 1988; x_wconf 84' lang='lat' dir='ltr'><strong>agro</strong></span> <span class='ocrx_word' id='word_1_252' title='bbox 1720 1935 1921 1988; x_wconf 85' lang='lat' dir='ltr'><strong>propinquo</strong></span> 
     </span>
     <span class='ocr_line' id='line_1_28' title="bbox 520 2001 1923 2061; baseline -0.004 -15"><span class='ocrx_word' id='word_1_253' title='bbox 520 2017 556 2046; x_wconf 84' lang='lat' dir='ltr'><strong>et</strong></span> <span class='ocrx_word' id='word_1_254' title='bbox 569 2006 782 2061; x_wconf 80' lang='lat' dir='ltr'><strong>suburbano</strong></span> <span class='ocrx_word' id='word_1_255' title='bbox 812 2006 856 2058; x_wconf 68' lang='lat' dir='ltr'><strong>est</strong></span> <span class='ocrx_word' id='word_1_256' title='bbox 869 2005 1048 2058; x_wconf 84' lang='lat' dir='ltr'><strong>strepitus</strong></span> <span class='ocrx_word' id='word_1_257' title='bbox 1074 2003 1216 2058; x_wconf 83' lang='lat' dir='ltr'><strong>quidam</strong></span> <span class='ocrx_word' id='word_1_258' title='bbox 1243 2002 1442 2042; x_wconf 77' lang='lat' dir='ltr'><strong>reconditus</strong></span> <span class='ocrx_word' id='word_1_259' title='bbox 1459 2031 1470 2048; x_wconf 91' lang='lat'>,</span> <span class='ocrx_word' id='word_1_260' title='bbox 1502 2011 1537 2041; x_wconf 86' lang='lat' dir='ltr'><strong>et</strong></span> <span class='ocrx_word' id='word_1_261' title='bbox 1557 2002 1737 2040; x_wconf 80' lang='lat' dir='ltr'><strong>horribilis</strong></span> <span class='ocrx_word' id='word_1_262' title='bbox 1742 2001 1923 2055; x_wconf 79' lang='lat' dir='ltr'><strong>fremitus</strong></span> 
     </span>
     <span class='ocr_line' id='line_1_29' title="bbox 520 2068 1957 2124; baseline -0.006 -11"><span class='ocrx_word' id='word_1_263' title='bbox 520 2088 716 2113; x_wconf 83' lang='lat' dir='ltr'><strong>armorum.</strong></span> <span class='ocrx_word' id='word_1_264' title='bbox 794 2073 851 2110; x_wconf 83' lang='lat' dir='ltr'><strong>uis</strong></span> <span class='ocrx_word' id='word_1_265' title='bbox 871 2072 922 2110; x_wconf 85' lang='lat' dir='ltr'><strong>est</strong></span> <span class='ocrx_word' id='word_1_266' title='bbox 943 2085 989 2110; x_wconf 86' lang='lat' dir='ltr'><strong>ex</strong></span> <span class='ocrx_word' id='word_1_267' title='bbox 1009 2071 1230 2124; x_wconf 86' lang='lat' dir='ltr'><strong>gigantibus</strong></span> <span class='ocrx_word' id='word_1_268' title='bbox 1251 2069 1344 2115; x_wconf 90' lang='lat' dir='ltr'><strong>illis,</strong></span> <span class='ocrx_word' id='word_1_269' title='bbox 1366 2083 1463 2122; x_wconf 89' lang='lat' dir='ltr'><strong>quos</strong></span> <span class='ocrx_word' id='word_1_270' title='bbox 1486 2078 1604 2122; x_wconf 86' lang='lat' dir='ltr'><strong>poetae</strong></span> <span class='ocrx_word' id='word_1_271' title='bbox 1624 2068 1754 2107; x_wconf 87' lang='lat' dir='ltr'><strong>ferunt</strong></span> <span class='ocrx_word' id='word_1_272' title='bbox 1774 2068 1924 2106; x_wconf 88' lang='lat' dir='ltr'><strong>bellum</strong></span> <span class='ocrx_word' id='word_1_273' title='bbox 1954 2113 1957 2115; x_wconf 36' lang='grc'><strong>,</strong></span> 
     </span>
     <span class='ocr_line' id='line_1_30' title="bbox 524 2134 1922 2189; baseline -0.006 -10"><span class='ocrx_word' id='word_1_274' title='bbox 524 2141 612 2179; x_wconf 89' lang='lat' dir='ltr'><strong>Diis</strong></span> <span class='ocrx_word' id='word_1_275' title='bbox 633 2138 920 2179; x_wconf 84' lang='lat' dir='ltr'><strong>immortalibus</strong></span> <span class='ocrx_word' id='word_1_276' title='bbox 941 2137 1122 2182; x_wconf 73' lang='lat' dir='ltr'><strong>intulisse,</strong></span> <span class='ocrx_word' id='word_1_277' title='bbox 1146 2146 1225 2175; x_wconf 86' lang='lat' dir='ltr'><strong>tam</strong></span> <span class='ocrx_word' id='word_1_278' title='bbox 1246 2137 1405 2189; x_wconf 85' lang='lat' dir='ltr'><strong>impius,</strong></span> <span class='ocrx_word' id='word_1_279' title='bbox 1429 2136 1498 2188; x_wconf 90' lang='lat' dir='ltr'><strong>qui</strong></span> <span class='ocrx_word' id='word_1_280' title='bbox 1518 2134 1593 2173; x_wconf 91' lang='lat' dir='ltr'><strong>hoc</strong></span> <span class='ocrx_word' id='word_1_281' title='bbox 1615 2143 1694 2172; x_wconf 86' lang='lat' dir='ltr'><strong>tam</strong></span> <span class='ocrx_word' id='word_1_282' title='bbox 1715 2147 1815 2173; x_wconf 89' lang='lat' dir='ltr'><strong>novo</strong></span> <span class='ocrx_word' id='word_1_283' title='bbox 1836 2142 1922 2171; x_wconf 88' lang='lat' dir='ltr'><strong>tan-</strong></span> 
     </span>
     <span class='ocr_line' id='line_1_31' title="bbox 524 2201 1922 2259; baseline -0.005 -14"><span class='ocrx_word' id='word_1_284' title='bbox 524 2216 642 2259; x_wconf 91' lang='lat' dir='ltr'><strong>toque</strong></span> <span class='ocrx_word' id='word_1_285' title='bbox 671 2215 782 2244; x_wconf 87' lang='lat' dir='ltr'><strong>motu</strong></span> <span class='ocrx_word' id='word_1_286' title='bbox 815 2219 893 2243; x_wconf 91' lang='lat' dir='ltr'><strong>non</strong></span> <span class='ocrx_word' id='word_1_287' title='bbox 920 2212 1108 2257; x_wconf 82' lang='lat' dir='ltr'><strong>magnum</strong></span> <span class='ocrx_word' id='word_1_288' title='bbox 1135 2203 1284 2255; x_wconf 87' lang='lat' dir='ltr'><strong>aliquid</strong></span> <span class='ocrx_word' id='word_1_289' title='bbox 1310 2203 1415 2241; x_wconf 86' lang='lat' dir='ltr'><strong>Deos</strong></span> <span class='ocrx_word' id='word_1_290' title='bbox 1442 2201 1590 2255; x_wconf 92' lang='lat' dir='ltr'><strong>populo</strong></span> <span class='ocrx_word' id='word_1_291' title='bbox 1617 2202 1798 2239; x_wconf 90' lang='lat' dir='ltr'><strong>Romano</strong></span> <span class='ocrx_word' id='word_1_292' title='bbox 1824 2213 1922 2253; x_wconf 84' lang='lat' dir='ltr'><strong>prae-</strong></span> 
     </span>
     <span class='ocr_line' id='line_1_32' title="bbox 526 2269 1232 2323; baseline -0.007 -12"><span class='ocrx_word' id='word_1_293' title='bbox 526 2272 733 2312; x_wconf 83' lang='lat' dir='ltr'><strong>monstrare</strong></span> <span class='ocrx_word' id='word_1_294' title='bbox 754 2281 792 2310; x_wconf 86' lang='lat' dir='ltr'><strong>et</strong></span> <span class='ocrx_word' id='word_1_295' title='bbox 812 2271 1015 2323; x_wconf 68' lang='lat' dir='ltr'><strong>praecinere</strong></span> <span class='ocrx_word' id='word_1_296' title='bbox 1035 2269 1199 2308; x_wconf 88' lang='lat' dir='ltr'><strong>fateatur</strong></span> <span class='ocrx_word' id='word_1_297' title='bbox 1219 2269 1232 2306; x_wconf 91' lang='lat'>?</span> 
     </span>
    </p>

    <p class='ocr_par' dir='ltr' id='par_1_5' title="bbox 526 2332 1923 2524">
     <span class='ocr_line' id='line_1_33' title="bbox 581 2332 1922 2390; baseline -0.006 -13"><span class='ocrx_word' id='word_1_298' title='bbox 581 2340 643 2377; x_wconf 90' lang='lat' dir='ltr'><strong>De</strong></span> <span class='ocrx_word' id='word_1_299' title='bbox 663 2352 705 2376; x_wconf 86' lang='lat' dir='ltr'><strong>ea</strong></span> <span class='ocrx_word' id='word_1_300' title='bbox 725 2351 763 2376; x_wconf 91' lang='lat' dir='ltr'><strong>re</strong></span> <span class='ocrx_word' id='word_1_301' title='bbox 783 2338 968 2390; x_wconf 88' lang='lat' dir='ltr'><strong>scripturn</strong></span> <span class='ocrx_word' id='word_1_302' title='bbox 990 2336 1056 2381; x_wconf 89' lang='lat' dir='ltr'><strong>est,</strong></span> <span class='ocrx_word' id='word_1_303' title='bbox 1087 2335 1360 2389; x_wconf 86' lang='lat' dir='ltr'><strong>postulationes</strong></span> <span class='ocrx_word' id='word_1_304' title='bbox 1381 2334 1452 2372; x_wconf 80' lang='lat' dir='ltr'><strong>effe</strong></span> <span class='ocrx_word' id='word_1_305' title='bbox 1473 2334 1577 2385; x_wconf 88' lang='lat' dir='ltr'><strong>Jovi‚</strong></span> <span class='ocrx_word' id='word_1_306' title='bbox 1603 2334 1777 2378; x_wconf 89' lang='lat' dir='ltr'><strong>Saturno,</strong></span> <span class='ocrx_word' id='word_1_307' title='bbox 1808 2332 1922 2383; x_wconf 92' lang='lat' dir='ltr'><strong>Nep-</strong></span> 
     </span>
     <span class='ocr_line' id='line_1_34' title="bbox 527 2399 1923 2454; baseline -0.005 -11"><span class='ocrx_word' id='word_1_308' title='bbox 527 2414 635 2450; x_wconf 85' lang='lat' dir='ltr'><strong>tuno,</strong></span> <span class='ocrx_word' id='word_1_309' title='bbox 668 2405 834 2450; x_wconf 90' lang='lat' dir='ltr'><strong>Telluri,</strong></span> <span class='ocrx_word' id='word_1_310' title='bbox 867 2404 954 2443; x_wconf 89' lang='lat' dir='ltr'><strong>Diis</strong></span> <span class='ocrx_word' id='word_1_311' title='bbox 976 2403 1202 2442; x_wconf 84' lang='lat' dir='ltr'><strong>caelestibus.</strong></span> <span class='ocrx_word' id='word_1_312' title='bbox 1235 2403 1381 2447; x_wconf 90' lang='lat' dir='ltr'><strong>Audio,</strong></span> <span class='ocrx_word' id='word_1_313' title='bbox 1413 2401 1555 2454; x_wconf 88' lang='lat' dir='ltr'><strong>quibus</strong></span> <span class='ocrx_word' id='word_1_314' title='bbox 1577 2400 1664 2439; x_wconf 86' lang='lat' dir='ltr'><strong>Diis</strong></span> <span class='ocrx_word' id='word_1_315' title='bbox 1685 2399 1833 2438; x_wconf 88' lang='lat' dir='ltr'><strong>violatis</strong></span> <span class='ocrx_word' id='word_1_316' title='bbox 1854 2411 1923 2435; x_wconf 87' lang='lat' dir='ltr'><strong>ex-</strong></span> 
     </span>
     <span class='ocr_line' id='line_1_35' title="bbox 526 2462 1923 2524; baseline -0.006 -14"><span class='ocrx_word' id='word_1_317' title='bbox 526 2471 645 2524; x_wconf 85' lang='lat' dir='ltr'><strong>piatio</strong></span> <span class='ocrx_word' id='word_1_318' title='bbox 664 2471 845 2510; x_wconf 84' lang='lat' dir='ltr'><strong>debeatur</strong></span> <span class='ocrx_word' id='word_1_319' title='bbox 859 2489 871 2517; x_wconf 76' lang='lat'>5</span> <span class='ocrx_word' id='word_1_320' title='bbox 903 2469 965 2509; x_wconf 88' lang='lat' dir='ltr'><strong>sed</strong></span> <span class='ocrx_word' id='word_1_321' title='bbox 981 2499 992 2517; x_wconf 92' lang='lat'><strong>,</strong></span> <span class='ocrx_word' id='word_1_322' title='bbox 1023 2468 1234 2509; x_wconf 86' lang='lat' dir='ltr'><strong>hominum</strong></span> <span class='ocrx_word' id='word_1_323' title='bbox 1255 2483 1340 2522; x_wconf 86' lang='lat' dir='ltr'><strong>quae</strong></span> <span class='ocrx_word' id='word_1_324' title='bbox 1360 2468 1410 2507; x_wconf 92' lang='lat' dir='ltr'><strong>ob</strong></span> <span class='ocrx_word' id='word_1_325' title='bbox 1430 2467 1566 2507; x_wconf 64' lang='lat' dir='ltr'><strong>delicta</strong></span> <span class='ocrx_word' id='word_1_326' title='bbox 1581 2496 1594 2514; x_wconf 89' lang='lat'>‚</span> <span class='ocrx_word' id='word_1_327' title='bbox 1625 2479 1768 2519; x_wconf 83' lang='lat' dir='ltr'><strong>quaero.</strong></span> <span class='ocrx_word' id='word_1_328' title='bbox 1800 2462 1923 2504; x_wconf 82' lang='lat' dir='ltr'><em>Ludos</em></span> 
     </span>
    </p>
   </div>
  </div>
 </body>
</html>
