2212 2835
510 172 592 210 440
1006 153 1411 192 ORATIO

510 254 736 295 ornatiffimi
771 261 886 305 atque
919 251 1063 305 optimi
1096 251 1182 296 viri,
1215 252 1291 290 Cn.
1315 250 1525 296 Saturnini,
1558 260 1705 304 patrem
1743 251 1908 298 aedilem,

511 337 604 360 cum
632 331 834 374 praetorem
854 349 865 365 ,
896 319 1076 357 viderunt
1095 346 1107 363 ,
1138 317 1243 370 quod
1269 318 1419 370 primus
1441 317 1507 355 ille
1529 331 1606 355 non
1626 317 1744 356 modo
1766 318 1806 356 in
1827 332 1913 357 eam

510 388 702 427 familiam
721 415 733 432 ,
765 386 827 425 sed
847 386 963 424 etiam
984 385 1025 423 in
1045 383 1311 438 praestituram
1331 384 1441 423 illam
1459 413 1470 429 ,
1502 384 1632 423 sellam
1654 384 1832 422 curulem
1853 393 1912 423 at—

508 454 653 493 tuliffet
667 472 680 499 ;
712 452 934 492 mirandum
955 454 996 490 in
1018 451 1183 490 modum
1203 451 1321 490 laetati
1340 451 1442 489 sunt.
1464 451 1620 490 Alteros
1644 451 1791 503 (credo,
1823 451 1914 503 quia

511 520 697 560 refertum
717 520 769 558 est
789 518 1056 571 municipium
1076 517 1339 555 consularibus
1355 536 1366 563 3
1399 531 1489 556 nam
1516 517 1724 556 malevolos
1745 531 1824 556 non
1843 515 1914 554 effe

510 595 616 626 certo
648 586 744 638 scio)
778 598 982 639 nunquam
1011 583 1188 623 intellexi
1220 582 1489 621 vehementius
1521 582 1722 637 hospitum
1758 583 1914 622 suorum

510 653 655 692 honore
676 653 807 691 laetari.

567 720 773 758 Habemus
802 717 879 755 hoc
911 730 1007 755 nos:
1039 715 1186 754 habent
1216 715 1341 754 nostra
1366 717 1595 769 municipia.
1627 717 1738 769 Qid
1764 730 1836 770 ego
1867 715 1914 754 de

513 800 576 824 me
594 815 604 831 ,
637 786 682 823 de
703 784 817 822 fratre
839 796 927 821 meo
943 813 955 828 ,
987 783 1123 834 loquar
1141 782 1154 819 ?
1186 795 1357 834 quorum
1376 781 1590 820 honoribus
1611 784 1692 835 agri
1711 796 1829 836 prope
1850 782 1912 820 di-

512 867 598 891 cam
619 853 686 905 ipfi
708 851 935 903 montesque
954 849 1146 888 faverunt.
1188 848 1304 887 Num
1332 848 1487 900 quando
1513 849 1617 887 vides
1644 849 1914 888 Tusculanum

511 920 683 972 aliquem
710 918 756 956 de
785 918 849 956 M.
873 918 1022 956 Catone
1048 916 1117 955 illo
1146 916 1186 954 in
1213 916 1324 954 omni
1350 915 1492 953 virtute
1519 917 1720 969 principe,
1751 929 1850 954 num
1870 916 1915 953 de

512 987 566 1025 T.
589 985 837 1024 Coruncanio
855 1013 866 1029 ,
899 983 1098 1036 municipe
1118 982 1185 1021 suo
1202 1012 1213 1028 ,
1246 996 1342 1020 num
1363 982 1409 1020 de
1430 991 1488 1020 tot
1515 982 1665 1021 Fulviis
1685 1012 1696 1027 ,
1726 982 1882 1035 gloriari
1901 982 1914 1019 ?

512 1053 676 1091 verbum
699 1065 814 1090 nemo
836 1050 942 1089 facit.
976 1052 1031 1089 At
1049 1079 1060 1095 ‚
1092 1050 1132 1088 in
1153 1062 1430 1102 quemcunque
1451 1049 1683 1102 Arpinatem
1703 1048 1883 1087 incideris
1903 1076 1914 1093 ‚

511 1119 631 1157 etiam
659 1119 685 1156 fi
714 1118 812 1156 nolis
832 1147 842 1163 ,
874 1117 946 1155 erit
973 1125 1102 1155 tamen
1129 1116 1202 1154 tibi
1228 1114 1379 1159 fortaffe
1400 1116 1517 1154 etiam
1539 1116 1585 1154 de
1606 1115 1718 1154 nobis
1739 1115 1887 1168 aliquid
1903 1143 1916 1160 ‚

512 1185 662 1237 aliquid
683 1193 783 1222 certe
804 1184 850 1221 de
871 1184 920 1222 C.
943 1184 1073 1222 Mario
1090 1212 1101 1228 ‚
1132 1182 1384 1220 audiendum.
1418 1182 1599 1220 Primum
1619 1182 1738 1235 igitur
1758 1181 1823 1220 hic
1844 1180 1916 1219 ha-

515 1252 602 1289 buit
623 1251 745 1289 studia
765 1250 923 1289 suorum
942 1250 1136 1294 ardentia;
1160 1259 1203 1287 tu
1225 1258 1341 1294 tanta,
1365 1257 1508 1300 quanta
1529 1249 1568 1286 in
1589 1247 1817 1287 hominibus
1832 1248 1915 1300 jam

514 1318 687 1356 saturatis
708 1316 922 1355 honoribus
943 1315 1015 1353 effe
1035 1324 1260 1368 potuerunt.

571 1384 725 1423 Deinde
754 1383 811 1421 tui
839 1382 1057 1435 municipes
1085 1381 1172 1420 sunt
1200 1381 1260 1419 illi
1287 1381 1449 1433 quidem
1470 1380 1761 1433 splendidissimi
1780 1379 1915 1418 homi-

515 1464 582 1489 nes
599 1469 611 1495 3
643 1450 705 1488 sed
727 1459 856 1487 tamen
876 1449 989 1501 pauci
1006 1477 1017 1493 ,
1049 1448 1075 1486 fi
1094 1447 1254 1500 quidem
1274 1460 1368 1485 cum
1388 1447 1614 1485 Atinatibus
1641 1446 1886 1485 conferantur
1904 1461 1914 1484 :

514 1516 632 1569 hujus
654 1514 875 1569 p1·aefe6tura
895 1514 1007 1567 plena
1026 1514 1199 1552 virorum
1219 1511 1531 1557 fortiffimorum,
1563 1513 1627 1557 fic,
1649 1522 1693 1551 ut
1711 1512 1818 1550 nulla
1839 1520 1920 1550 tota

516 1584 627 1622 Italia
645 1581 885 1634 frequentior
905 1581 984 1619 dici
1002 1581 1129 1634 poffit.
1161 1580 1294 1631 Qam
1314 1579 1474 1632 quidem
1496 1593 1600 1617 nunc
1621 1579 1920 1617 multitudinem

516 1650 654 1688 videtis
674 1679 685 1695 ‚
716 1649 875 1701 Judices
893 1677 904 1694 ,
936 1648 976 1686 in
997 1648 1169 1700 squalore
1188 1656 1227 1686 et
1247 1647 1353 1685 luctu
1375 1646 1591 1700 supplicem
1612 1646 1737 1685 vobis.
1780 1646 1839 1685 Hi
1859 1654 1918 1685 tot

516 1718 665 1769 equites
687 1715 883 1760 Romani,
916 1724 973 1753 tot
994 1715 1142 1753 tribuni
1162 1714 1280 1752 aerarii
1294 1743 1305 1759 ,
1339 1715 1452 1765 (narn
1476 1714 1629 1766 plebem
1650 1727 1670 1751 a
1684 1713 1835 1765 judicio
1854 1712 1916 1750 di-

518 1784 709 1827 mifimus,
741 1796 825 1834 quae
851 1783 989 1819 cundhr
1014 1780 1185 1819 comitiis
1211 1779 1354 1832 adfuit)
1388 1780 1483 1831 quid
1510 1780 1671 1823 roboris,
1705 1779 1801 1831 quid
1828 1778 1915 1831 dig-

518 1850 648 1888 nitatis
663 1878 674 1893 ,
705 1847 822 1900 hujus
844 1847 1024 1900 petitioni
1043 1846 1256 1884 attulerunt
1274 1846 1286 1883 ?
1320 1846 1414 1884 Non
1435 1846 1540 1883 enim
1562 1846 1710 1884 tribum
1732 1846 1916 1884 Terenti-

520 1930 630 1960 nam,
662 1915 708 1952 de
738 1928 815 1966 qua
844 1914 972 1952 dicam
1004 1914 1079 1951 alio
1110 1914 1212 1958 loco,
1244 1912 1306 1950 sed
1337 1912 1588 1965 dignitatem,
1621 1912 1683 1951 sed
1714 1912 1917 1950 oculorum

520 1984 754 2035 conjestum,
786 1981 848 2019 sed
868 1981 1042 2026 solidam,
1073 1990 1110 2019 et
1131 1980 1339 2025 robustam,
1371 1990 1409 2018 et
1435 1980 1615 2018 affiduam
1643 1979 1916 2033 frequentiam,

521 2050 779 2102 praebuerunt.
812 2049 899 2100 Jam
932 2048 1146 2101 municipia
1176 2047 1447 2099 conjunitione
1473 2048 1588 2085 etiam
1616 2047 1825 2086 vicinitatis
1852 2061 1919 2085 ve-

520 2117 722 2155 hementer
746 2123 964 2153 moventur.

579 2184 650 2222 IX.
684 2182 843 2227 Omnia,
875 2196 959 2234 quae
990 2181 1078 2220 dico
1110 2181 1156 2219 de
1182 2181 1354 2226 Plancio,
1386 2181 1473 2219 dico
1501 2190 1679 2234 expertus
1706 2181 1746 2219 in
1773 2181 1915 2219 nobis:

522 2251 653 2289 sumus
675 2251 779 2288 enim
802 2249 962 2287 finitimi
982 2249 1222 2287 Atinatibus.
1246 2248 1454 2287 Laudanda
1475 2249 1540 2294 est,
1567 2248 1625 2286 vel
1646 2250 1761 2286 etiam
1783 2261 1918 2286 aman-

519 2318 582 2363 da,
601 2317 777 2355 vicinitas
800 2317 964 2354 retinens
985 2325 1152 2354 veterem
1173 2316 1287 2354 illum
1309 2315 1425 2354 officii
1450 2329 1612 2361 morem,
1636 2329 1712 2353 non
1733 2314 1919 2353 infuscata

524 2384 807 2429 malevolentia,
826 2397 901 2422 non
923 2383 1061 2422 assueta
1080 2383 1305 2427 mendaciis,
1329 2397 1405 2421 non
1428 2382 1568 2429 fucata,
1591 2397 1668 2421 non
1689 2382 1818 2426 fallax,
1841 2394 1918 2420 non

524 2451 670 2489 erudita
690 2450 852 2490 artificio
872 2449 1125 2490 simulationis
1139 2479 1151 2496 ,
1181 2449 1242 2488 vel
1263 2450 1481 2488 suburbano
1497 2479 1508 2496 ,
1540 2449 1599 2488 vel
1620 2450 1736 2488 etiam
1758 2448 1915 2487 urbano.
