2212 2835
370 172 442 208 106
789 165 1205 212 ORATIO,
1263 169 1338 206 δίε.

365 265 610 303 deseremini:
643 263 852 315 conspirate
872 262 1099 301 nobiscum:
1131 262 1343 302 consentite
1362 276 1455 302 cum
1473 264 1609 304 bonis:
1640 279 1752 306 com-

364 344 524 368 munem
555 329 837 381 rempublicam
866 329 1069 366 communi
1098 328 1223 366 studio
1248 338 1363 382 atque
1387 343 1517 368 amore
1546 330 1751 369 defendite.

366 395 497 432 Multa
513 394 599 431 sunt
615 394 768 432 occulta
784 394 1004 447 reipublicae
1020 393 1188 439 vulnera,
1209 394 1334 432 multa
1350 393 1584 434 nefariorum
1603 396 1753 435 civium

358 459 573 512 ‚perniciosa
602 458 779 497 confilia:
811 459 966 497 nullum
985 468 1187 497 externum
1216 460 1435 512 periculum
1465 460 1531 505 est,
1561 474 1639 499 non
1670 475 1751 506 rex,

361 538 440 563 non
460 537 552 576 gens
574 524 664 569 ulla,
695 537 773 562 non
794 525 919 569 natio,
950 524 1248 577 pertimescenda
1266 525 1341 563 est:
1372 525 1567 564 inclusum
1587 526 1750 572 malum,

361 590 602 635 intestinum,
634 603 676 628 ac
707 589 962 628 domesticum
991 589 1056 629 est.
1089 591 1198 629 Huic
1228 604 1298 644 pro
1328 590 1364 629 se
1389 591 1551 644 quisque
1577 592 1750 631 nostrum

359 656 519 700 mederi,
549 664 664 708 atque
684 654 759 693 hoc
779 669 912 694 omnes
932 655 1057 694 sanare
1076 656 1174 694 velle
1203 656 1402 695 debemus.
1738 668 1741 670 ·

415 722 582 766 Erratis,
613 722 639 759 fi
659 721 830 760 senatum
849 721 1008 775 probare
1025 735 1086 766 ea,
1117 735 1202 774 quae
1220 721 1402 761 dicuntur
1419 736 1441 761 a
1460 734 1525 762 me
1537 750 1549 768 ,
1579 723 1722 776 putatis
1734 750 1749 769 ,

359 786 552 839 populum
572 795 702 824 autem
722 786 792 824 effe
811 788 853 825 in
872 787 945 825 alia
963 787 1172 825 voluntate.
1203 788 1367 833 Omnes,
1387 788 1457 841 qui
1475 787 1512 826 se
1531 788 1748 827 incolumes

359 851 510 895 volunt,
539 850 744 903 sequentur
762 852 1026 890 austoritatem
1047 851 1240 897 Consulis,
1271 851 1385 890 soluti
1410 865 1431 890 a
1455 853 1748 905 cupiditatibus,

358 915 471 954 liberi
490 929 512 954 a
530 916 693 961 delictis,
714 917 816 954 cauti
835 917 876 955 in
896 916 1090 969 periculis,
1112 930 1191 955 non
1210 917 1340 954 timidi
1359 917 1401 955 in
1416 918 1748 957 contentionibus.

358 980 479 1032 Qod
508 980 534 1018 fi
566 981 653 1031 quis
683 981 851 1018 vestrum
877 981 941 1033 spe
967 980 1135 1025 ducitur,
1166 979 1203 1018 se
1229 980 1331 1034 poffe
1357 981 1579 1020 turbulenta
1602 982 1748 1021 ratione

354 1042 494 1083 honori
513 1045 695 1083 velificari
715 1045 806 1090 su03
839 1045 1026 1097 primum,
1056 1059 1121 1083 me
1141 1045 1322 1091 Consule,
1352 1046 1392 1085 id
1411 1046 1555 1099 sperare
1574 1047 1719 1086 defistat
1731 1065 1744 1093 3

357 1110 494 1150 deinde
518 1109 657 1149 habeat
682 1123 746 1149 me
771 1110 899 1163 ipsum
925 1111 995 1149 fibi
1017 1111 1264 1156 document0,
1296 1126 1414 1164 quem
1433 1113 1597 1165 equestri
1615 1122 1747 1153 ortum

356 1176 444 1215 loco
479 1175 689 1215 Consulem
724 1176 842 1221 videt,
872 1189 958 1229 quae
989 1176 1077 1215 vitae
1108 1177 1169 1215 via
1198 1175 1386 1216 facillime
1416 1178 1515 1216 viros
1547 1179 1669 1218 bonos
1698 1180 1746 1219 ad

354 1240 545 1280 honorem
576 1241 884 1294 dignitatemque
915 1242 1110 1295 perducat.
1146 1242 1265 1292 Qod
1294 1243 1320 1281 fi
1349 1257 1415 1282 vos
1446 1244 1613 1282 vestrum
1644 1244 1747 1284 mihi

355 1306 540 1352 studium,
572 1307 617 1345 P.
648 1307 695 1346 C.
724 1307 770 1345 ad
797 1320 1049 1346 communem
1076 1307 1304 1361 dignitatem
1325 1307 1603 1348 defendendam
1622 1310 1744 1363 profi-

356 1372 508 1417 temini,
530 1371 728 1425 perficiam
746 1372 918 1426 profecto
932 1373 987 1418 id,
1007 1373 1113 1426 quod
1128 1374 1299 1413 maxime
1316 1374 1530 1427 respublica
1546 1375 1741 1421 desiderat,

355 1447 399 1475 ut
418 1435 534 1490 hujus
550 1438 693 1476 ordinis
709 1439 924 1484 auctoritas,
946 1452 1030 1490 quae
1045 1439 1145 1492 apud
1160 1440 1321 1492 majores
1337 1440 1481 1479 nostros
1497 1439 1588 1487 fuit,
1608 1441 1742 1480 eadem

356 1515 460 1541 nunc
479 1502 596 1555 longo
616 1503 815 1543 intervallo
835 1503 1055 1557 reipublicae
1074 1504 1243 1544 restituta
1260 1504 1331 1544 effe
1350 1505 1534 1545 videatur.
