2212 2835
496 173 576 225 466
996 165 1399 206 ORATIO

497 270 569 309 effe
597 267 801 308 defendit?
833 266 937 307 Effet
963 266 1083 319 igitur
1109 266 1363 320 pugnandum
1391 280 1483 305 cum
1512 265 1763 305 consulibus:
1796 266 1896 306 nihil

498 337 664 389 amplius
685 335 788 379 dico,
806 333 874 372 nisl
895 332 1017 372 illud:
1043 333 1223 371 Vietoriae
1244 332 1375 371 nostrae
1396 347 1525 386 graves
1544 333 1769 372 adversarios
1789 347 1898 387 para-

498 413 571 448 tos,
602 402 781 441 interitus
803 400 929 438 nullos
951 399 1108 445 ultores,
1140 399 1211 438 effe
1231 399 1422 437 videbam.

554 468 674 508 Hisce
704 481 776 520 ego
806 466 958 505 auxiliis
991 465 1119 504 salutis
1153 480 1246 504 meae
1278 466 1303 503 fi
1335 466 1482 504 idcirco
1512 465 1633 512 defui,
1665 466 1755 519 quia
1789 465 1899 504 nolui

499 537 711 580 ditnicare3
743 533 905 578 fatebor,
937 533 977 571 id
1012 533 1117 587 quod
1153 534 1222 577 vig,
1255 547 1331 571 non
1367 533 1467 571 mihi
1502 534 1708 578 auxilium,
1739 533 1802 571 sed
1835 546 1900 570 me

499 603 659 647 auxilio,
691 600 860 640 defuifl‘e.
896 600 962 637 Sin
982 609 1127 644 autem,
1160 614 1238 652 quo
1262 601 1404 652 majora
1423 600 1544 638 studia
1563 601 1602 638 in
1625 614 1688 638 me
1709 601 1902 639 bonorum

499 669 672 713 fuerunt,
703 666 778 705 hoc
806 666 851 704 iis
883 666 1004 718 magis
1033 666 1313 704 consulendum
1338 675 1377 704 et
1404 667 1638 719 parcendum
1668 667 1825 719 putavi3
1859 675 1901 704 tu

499 736 538 774 id
570 737 610 773 in
643 747 704 772 me
736 731 996 784 reprehendis,
1028 732 1133 783 quod
1166 733 1410 783 QlWetello
1436 734 1538 770 laudi
1566 734 1701 770 datum
1727 733 1793 778 est,
1825 731 1899 771 ho-

499 802 638 853 dieque
669 799 736 844 est,
767 807 805 836 et
837 797 982 849 semper
1014 798 1099 841 erit,
1132 798 1313 835 maximae
1343 797 1505 849 gloriae?
1538 799 1685 848 Qem‚
1718 807 1760 837 ut
1792 807 1900 851 potes

500 881 547 907 ex
570 867 703 906 multis
725 865 855 904 audire
874 893 884 908 ,
917 864 986 916 qui
1015 873 1101 902 turn
1129 862 1322 901 affuerunt
1340 893 1351 908 ‚
1383 864 1529 902 constat
1556 864 1791 902 invitiffimis
1812 865 1902 902 viris

500 935 613 974 bonis
648 932 814 977 ceffiffe3
847 945 917 971 nec
952 929 1062 969 fuiffe
1096 931 1278 975 dubium,
1310 932 1406 983 quin
1442 932 1691 969 contentione
1721 940 1758 968 et
1786 931 1903 968 armis

500 1001 671 1055 superior
705 999 825 1052 poffet
857 997 941 1036 effe.
975 999 1081 1050 Ergo
1110 997 1190 1042 ille,
1221 1011 1313 1035 cum
1346 997 1472 1042 suum,
1505 1011 1583 1036 non
1616 1011 1708 1036 cum
1739 997 1903 1042 senatus,

500 1067 649 1106 factum
688 1065 936 1109 defenderet;
977 1077 1070 1102 cum
1105 1064 1419 1117 perseverantiam
1454 1064 1650 1102 sententiae
1685 1063 1787 1108 suae,
1826 1077 1905 1102 non

501 1134 664 1173 salutem
698 1131 948 1185 reipublicae,
980 1129 1219 1176 retinuiffet3
1256 1139 1385 1168 tamen
1419 1130 1470 1168 ob
1502 1130 1609 1168 illam
1628 1159 1638 1175 ‚
1669 1129 1773 1182 quod
1808 1128 1907 1168 illud

502 1199 764 1240 voluntarium
802 1199 941 1237 vulnus
976 1198 1148 1250 accepit,
1173 1197 1398 1250 justissimos
1432 1197 1613 1235 omnium
1648 1196 1906 1235 Metellorum

502 1276 542 1306 et
570 1266 794 1306 clariffimos
826 1263 1047 1317 triumphos
1077 1263 1209 1316 gloriae
1240 1264 1351 1301 laude
1381 1263 1584 1316 superavit,
1616 1263 1721 1316 quod
1751 1272 1789 1301 et
1817 1263 1905 1300 illos

502 1333 603 1387 ipsos
623 1331 927 1384 improbiffimos
949 1330 1050 1367 cives
1070 1329 1236 1367 interfici
1258 1329 1399 1374 noluit,
1430 1339 1482 1374 et,
1513 1343 1561 1367 ne
1587 1330 1674 1381 quis
1695 1329 1819 1367 bonus
1841 1329 1904 1366 in-

503 1400 634 1440 teriret
655 1399 696 1437 in
716 1398 848 1436 eadem
869 1397 984 1442 caede,
1016 1396 1210 1449 providit:
1243 1410 1329 1449 ego,
1351 1397 1466 1434 tantis
1487 1396 1667 1449 periculis
1688 1395 1905 1450 propositis,

503 1480 618 1511 cum,
648 1465 675 1504 sl
696 1465 817 1504 vistus
837 1463 974 1508 effem,
1004 1462 1182 1500 interitus
1203 1462 1424 1515 reipublicae
1438 1492 1449 1508 ‚
1481 1463 1507 1500 fi
1527 1462 1696 1501 vicissem
1712 1492 1723 1507 ,
1754 1462 1907 1500 infinita

504 1532 706 1572 dimicatio
723 1561 734 1577 ,
765 1539 985 1584 pararetur5
1018 1530 1307 1568 committerem
1325 1557 1336 1574 ‚
1369 1538 1411 1567 ut
1434 1529 1539 1567 idem
1559 1529 1729 1581 perditor
1749 1528 1906 1582 reipub-

504 1601 588 1639 licae
608 1599 841 1643 nominarer,
872 1597 941 1649 qui
960 1596 1123 1635 servator
1141 1594 1295 1634 fuiffem
1315 1595 1328 1633 ?

559 1666 775 1705 XXXVII.
809 1665 985 1703 Mortem
1007 1676 1071 1702 me
1091 1661 1260 1701 timuisse
1280 1662 1390 1701 dicis.
1418 1663 1506 1716 Ego
1525 1675 1613 1700 vero
1634 1675 1681 1700 ne
1701 1661 1907 1700 immorta-

505 1734 655 1772 litatem
676 1732 834 1785 quidem
855 1739 989 1769 contra
1008 1729 1292 1782 rempublicam
1312 1729 1579 1781 accipiendam
1600 1737 1776 1781 putarem
1793 1756 1805 1772 ,
1837 1741 1906 1766 ne-

505 1800 602 1838 dum
623 1798 745 1837 emori
769 1811 862 1835 cum
882 1796 1053 1849 pernicie
1074 1795 1297 1848 reipublicae
1322 1795 1480 1833 vellem.
1513 1795 1635 1840 Nam,
1667 1795 1734 1846 qui
1755 1807 1825 1847 pro
1847 1807 1906 1831 re·

505 1856 664 1918 publica
684 1864 803 1902 vitam
824 1862 1052 1900 dediderunt
1069 1891 1080 1907 ‚
1115 1861 1235 1914 (licet
1254 1874 1317 1899 me
1337 1860 1500 1914 defipere
1521 1860 1680 1912 dicatis)
1705 1873 1907 1912 nunquam

507 1930 730 1972 mehercule
749 1943 813 1967 eos
834 1937 1004 1967 mortem
1024 1929 1167 1982 potius,
1201 1941 1318 1980 quam
1343 1926 1694 1972 immortalitatem,
1724 1927 1908 1966 assecutos

506 1998 639 2053 putavi
657 2011 666 2036 :
698 2010 770 2049 ego
790 2010 878 2035 vero
899 1996 924 2034 fi
946 2005 1032 2034 tum
1054 1995 1213 2033 illorum
1234 1995 1447 2048 impiorum
1475 1993 1575 2032 ferro
1601 2008 1644 2032 ac
1673 2008 1790 2032 manu
1811 2008 1908 2033 con-

506 2064 678 2105 cidiffem
695 2093 707 2108 ,
738 2064 779 2102 in
807 2072 1040 2117 perpetuum
1069 2061 1282 2115 respublica
1308 2061 1421 2100 civile
1449 2061 1664 2115 praesidium
1685 2059 1814 2099 salutis
1834 2061 1909 2100 suae

509 2130 740 2186 perdidiffet.
772 2130 882 2182 Qin
903 2130 1035 2175 etiam,
1057 2129 1082 2168 fi
1104 2142 1168 2167 me
1186 2129 1241 2167 vis
1262 2129 1391 2181 aliqua
1412 2129 1555 2174 morbi,
1578 2137 1642 2166 aut
1662 2137 1796 2166 natura
1815 2127 1908 2181 ipsa,
1942 2126 1945 2128 ’

507 2196 817 2251 consumpfiffet3
851 2206 979 2235 tamen
1000 2196 1142 2235 auxilia
1161 2195 1389 2249 posteritatis
1410 2194 1527 2233 effent
1548 2194 1772 2239 imminuta,
1804 2193 1909 2247 quod

508 2272 756 2318 peremptum
778 2262 866 2301 effet
888 2275 972 2300 mea
993 2271 1118 2301 morte
1140 2261 1178 2300 id
1199 2261 1442 2314 exemplum,
1464 2261 1588 2314 qualis
1608 2260 1762 2299 futurus
1784 2261 1824 2298 in
1846 2273 1910 2298 me

507 2330 708 2370 retinendo
733 2328 860 2367 fuiss'et
880 2328 1042 2374 senatus,
1064 2327 1305 2381 populusque
1327 2327 1542 2365 Romanus.
1576 2328 1655 2372 An,
1687 2326 1712 2365 fi
1735 2339 1908 2378 unquam

507 2398 548 2435 in
576 2410 638 2434 me
663 2397 749 2435 vitae
775 2395 966 2448 cupiditas
987 2394 1113 2433 fuiffet
1131 2423 1143 2440 ,
1173 2407 1245 2447 ego
1271 2393 1400 2432 mense
1426 2393 1639 2432 Decembri
1665 2393 1742 2431 mei
1770 2391 1907 2430 consu-

509 2464 607 2502 latus
638 2463 817 2501 omnium
850 2462 1126 2515 parricidarum
1158 2461 1231 2500 tela
1261 2460 1545 2500 commoffem?
1577 2466 1676 2513 quir,
1708 2459 1733 2497 fi
1767 2457 1908 2510 viginti
