2212 2835
475 199 554 240 274
979 179 1381 219 ORATIO

527 282 722 321 XXXIII.
754 278 917 318 Habetis
945 278 1096 317 causam
1120 278 1444 322 inimicitiarum;
1475 290 1550 332 qua
1576 277 1684 316 causa
1702 278 1857 317 inflam-

472 358 597 386 matus
630 347 823 384 Decianus
850 345 896 383 ad
923 344 1090 383 Laelium
1120 344 1300 383 detulerit
1325 343 1425 381 hanc
1451 343 1623 396 opimam
1649 343 1857 382 accusatio-

472 427 577 452 nem.
614 412 719 451 Nam
751 412 805 450 ita
834 410 988 463 questus
1019 411 1072 449 est
1103 410 1275 456 Laelius5
1301 423 1393 448 curn
1426 409 1472 448 de
1504 409 1663 462 perfidia
1695 408 1860 447 Deciani

472 479 616 517 diceret
634 493 642 516 :
676 478 757 530 Qi
778 476 878 516 mihi
898 478 1027 515 auctor
1047 475 1136 522 fuit,
1159 476 1227 528 qui
1247 476 1396 514 causam
1416 475 1463 514 ad
1483 489 1546 514 me
1566 475 1719 520 detulit,
1741 488 1861 528 quem

472 558 543 597 ego
568 544 653 582 sum
678 544 842 588 secutus,
875 543 905 581 is
932 556 953 580 a
979 543 1120 581 Flacco
1145 552 1347 595 corruptus
1373 541 1440 586 est,
1471 542 1502 580 is
1530 555 1593 580 me
1623 541 1786 580 deseruit
1815 553 1862 578 ac

471 611 654 663 prodidit.
696 610 846 648 Siccine
880 619 922 647 tu
957 611 1086 647 auctor
1121 609 1277 647 tandem
1308 622 1413 653 eum,
1452 608 1515 646 cui
1550 617 1593 646 tu
1627 608 1667 645 in
1701 607 1860 646 consilio

471 675 624 720 fuisses,
663 676 764 728 apud
799 688 918 727 quem
952 688 1085 712 omnes
1120 675 1258 727 gradus
1292 674 1489 726 dignitatis
1523 683 1597 712 tuae
1635 672 1861 718 retinuiffes,

472 741 789 795 pudentissimum
810 740 1027 784 hominem,
1059 740 1292 777 nobiliffima
1307 739 1455 777 familia
1475 749 1624 785 natum,
1646 740 1795 792 optime
1815 739 1862 777 de

473 807 669 860 republica
689 806 888 850 meritum,
906 805 946 842 in
968 803 1173 842 discrimen
1194 805 1374 842 omnium
1393 803 1637 843 fortunarum
1656 805 1858 844 vocavisti?

473 873 628 912 Scilicet
647 871 850 910 defendam
872 870 1091 909 Decianum
1108 888 1119 915 ς
1151 870 1219 922 qui
1240 870 1311 908 tibi
1334 870 1373 907 in
1394 869 1647 922 suspicionem
1666 870 1776 908 nullo
1796 870 1863 909 suo

474 938 613 976 delicto
632 938 749 975 venit.
783 937 877 975 Non
896 936 963 980 est,
994 934 1094 974 mihi
1114 936 1238 980 crede,
1267 944 1484 988 corruptus·
1517 935 1626 988 Qid
1645 935 1751 974 enirn
1770 934 1861 981 fuit,

474 1003 579 1056 quod
605 1003 652 1040 ab
679 1015 722 1040 eo
748 1002 1028 1040 redimeretur?
1060 1010 1104 1039 ut
1129 1001 1286 1039 duceret
1309 1000 1537 1053 judicium?
1569 1001 1633 1039 cui
1663 1000 1725 1039 sex
1750 999 1862 1039 horas

473 1069 635 1107 omnino
655 1068 716 1106 lex
737 1067 855 1106 dedit.
887 1064 1092 1119 Qantum
1113 1067 1268 1105 tandem
1286 1080 1334 1104 ex
1359 1064 1420 1104 his
1446 1065 1552 1105 horis
1579 1065 1805 1112 detraheret,
1835 1067 1863 1105 fi

473 1135 546 1174 tibi
566 1148 716 1173 morem
737 1147 863 1187 gerere
882 1132 1086 1171 voluisset?
1117 1133 1322 1172 Nimirum
1342 1132 1440 1170 illud
1459 1132 1524 1177 est,
1555 1132 1660 1185 quod
1680 1132 1758 1186 ipse
1782 1132 1864 1171 sus-

473 1202 635 1254 picatur.
666 1199 840 1238 Invidisti
860 1199 1017 1251 ingenio
1039 1198 1302 1252 subscriptoris
1323 1198 1394 1236 tui.
1428 1198 1546 1250 Qod
1567 1199 1724 1237 ornabat
1749 1197 1863 1237 facile

473 1268 632 1312 locum,
667 1279 784 1318 quem
818 1265 1092 1318 prehenderat,
1128 1275 1166 1303 et
1199 1274 1309 1303 acute
1342 1264 1450 1302 testes
1485 1264 1767 1318 interrogabat,
1797 1274 1864 1303 aut

474 1333 830 1377 circumveniebat;
861 1331 1009 1370 fortasse
1045 1331 1168 1370 fecisti
1206 1341 1244 1369 et
1282 1340 1350 1375 tu,
1387 1341 1424 1369 et
1456 1331 1593 1384 populi
1626 1331 1774 1376 sermo,
1816 1345 1864 1369 ne

474 1400 682 1453 exciperes.
724 1398 875 1437 Idcirco
913 1398 1132 1437 Decianum
1171 1397 1289 1449 usque
1326 1398 1373 1435 ad
1409 1411 1591 1436 coronam
1630 1397 1861 1450 applicuisti.

476 1466 561 1511 Sed,
595 1474 637 1504 ut
672 1464 747 1502 hoc
782 1463 987 1502 verisimile
1020 1463 1086 1508 est,
1117 1464 1169 1502 ita
1201 1462 1304 1501 haud
1336 1463 1554 1509 verisimile,
1589 1464 1808 1502 Decianum
1842 1478 1864 1502 a

476 1532 616 1571 Flacco
636 1530 706 1569 effe
725 1538 966 1582 corruptum.

530 1599 588 1635 Ita
608 1597 761 1641 scitote,
792 1596 968 1647 Judices,
999 1594 1071 1633 effe
1101 1603 1262 1633 caetera:
1292 1595 1353 1633 vel
1383 1595 1489 1648 quod
1518 1595 1571 1634 ait
1601 1595 1782 1641 Luceius,
1815 1597 1864 1635 L.

476 1664 663 1703 Flaccum
694 1662 764 1701 fibi
795 1662 883 1699 dare
913 1660 1075 1714 cupisse,
1106 1670 1149 1698 ut
1177 1674 1198 1698 a
1228 1661 1302 1699 fide
1331 1661 1367 1699 se
1397 1661 1622 1706 abduceret,
1653 1661 1864 1701 sestertium

475 1730 604 1768 vicies.
639 1730 692 1767 Et
712 1742 802 1767 eum
823 1736 866 1765 tu
886 1726 1034 1765 accusas
1054 1725 1231 1770 avaritiae‚
1263 1740 1381 1778 quem
1401 1726 1496 1764 dicis
1517 1726 1727 1765 sestertium
1746 1727 1864 1765 vicies

476 1794 631 1833 voluisse
651 1795 805 1847 perdere
825 1794 837 1829 ?
869 1793 975 1831 Nam
996 1791 1090 1844 quid
1110 1792 1274 1835 emebat,
1305 1805 1395 1828 cum
1417 1801 1454 1829 te
1473 1791 1624 1829 emebat
1642 1792 1654 1829 ?
1688 1801 1730 1830 ut
1754 1792 1801 1830 ad
1827 1792 1862 1829 se

478 1849 647 1898 transires
666 1860 678 1896 ?
710 1872 827 1911 quam
848 1867 995 1910 partem
1017 1856 1133 1895 causae
1153 1857 1225 1894 tibi
1246 1857 1450 1895 daremus?
1482 1858 1562 1902 An,
1583 1867 1626 1895 ut
1645 1859 1862 1896 enuntiares

476 1925 631 1963 consilia
651 1924 762 1963 Laelii
780 1924 792 1959 ?
824 1923 892 1975 qui
912 1923 1019 1961 testes
1040 1923 1086 1960 ab
1107 1935 1152 1960 eo
1172 1923 1367 1974 prodirent
1386 1923 1399 1959 ?
1432 1923 1540 1974 Qid
1559 1923 1571 1959 ?
1603 1936 1671 1960 nos
1698 1937 1774 1961 non
1803 1924 1862 1961 vi-

477 1991 660 2029 debamus
681 1989 850 2027 habitare
872 1989 972 2026 una?
1004 1989 1090 2041 quis
1111 1987 1186 2026 hoc
1208 1987 1353 2026 nescit?
1377 1988 1522 2026 tabulas
1544 1988 1583 2026 in
1604 1988 1716 2027 Laelii
1735 1990 1863 2042 potes-

477 2066 552 2095 tate
579 2055 702 2101 fuisse,
734 2069 830 2093 num
857 2055 1022 2093 dubium
1048 2055 1130 2092 est?
1163 2056 1240 2099 An,
1273 2067 1320 2091 ne
1340 2053 1600 2099 vehementer,
1632 2068 1679 2092 ne
1698 2056 1861 2108 copiose,

477 2122 694 2161 accusares?
727 2122 848 2160 Nunc
869 2119 961 2159 facis
984 2120 1236 2173 suspicionem
1256 2135 1264 2158 ε
1298 2121 1350 2158 ita
1367 2121 1471 2159 enim
1495 2120 1637 2166 dixisti,
1669 2131 1711 2160 ut
1738 2122 1863 2160 nescio
1910 2126 1913 2128 ’

476 2190 570 2243 quid
591 2190 656 2227 abs
678 2198 715 2227 te
732 2189 980 2241 impetratum
1002 2187 1072 2225 effe
1093 2187 1275 2225 videatur.

533 2255 725 2294 XXXIV.
760 2256 814 2292 At
840 2255 945 2292 enim
973 2253 1149 2291 Androni
1178 2252 1336 2291 Sextilio
1361 2254 1484 2306 gravis
1511 2253 1649 2305 injuria
1674 2252 1770 2292 faeta
1794 2254 1860 2300 est,

478 2332 515 2360 et
546 2335 623 2359 non
654 2320 834 2365 ferenda;
869 2320 992 2372 quod,
1024 2333 1116 2357 cum
1149 2318 1236 2357 effet
1267 2332 1364 2357 uxor
1395 2321 1475 2372 ejus
1508 2320 1658 2357 Valeria
1688 2320 1862 2358 intestato

479 2397 642 2431 mortua,
675 2387 723 2424 fic
754 2386 833 2438 egit
864 2399 946 2423 eam
981 2399 1060 2423 rem
1094 2385 1270 2429 Flaccus,
1306 2385 1409 2436 quasi
1441 2385 1486 2423 ad
1517 2385 1642 2438 ipsum
1674 2384 1861 2423 hereditas

478 2453 693 2505 pertineret.
727 2453 772 2490 In
793 2465 872 2504 quo
891 2451 983 2504 quid
1011 2450 1273 2504 reprehendas,
1305 2451 1395 2489 scire
1421 2451 1550 2505 cupio.
1582 2451 1700 2501 Qod
1724 2449 1861 2488 falsum
