2212 2835
495 188 574 242 386
990 182 1393 222 ORATIO

493 285 700 326 maledicto
729 291 862 322 utrum
894 295 972 320 non
1003 281 1251 335 respondere,
1283 295 1330 319 an
1361 279 1517 319 demiffe
1542 280 1791 333 respondere,
1822 280 1890 318 de-

493 353 606 391 cuit?
639 353 726 404 Ego
758 364 846 389 vero
877 350 994 388 etiam
1024 349 1245 402 reipublicae
1274 348 1422 400 semper
1451 347 1622 386 intereffe
1651 348 1798 401 putavi,
1829 360 1892 385 me

492 419 599 457 illius
619 416 875 471 pulcherrimi
896 415 985 454 facti
1002 445 1014 461 ,
1045 415 1150 468 quod
1180 429 1228 454 ex
1258 415 1481 453 auctoritate
1501 413 1649 452 senatus
1668 443 1678 459 ,
1710 413 1894 452 consensu

494 486 688 524 bonorum
709 483 905 527 omnium,
937 496 1007 535 pro
1028 482 1145 521 salute
1166 482 1296 535 patriae
1315 481 1515 535 geffiffem,
1547 481 1787 534 splendorem
1809 494 1893 518 ver-

493 551 553 589 bis
575 550 884 603 dignitatemque
905 548 1066 586 retinere
1086 562 1095 586 z
1127 547 1336 600 praesertim
1357 560 1448 585 cum
1470 545 1570 585 mihi
1592 547 1660 585 uni
1679 547 1720 584 in
1740 545 1812 584 hac
1832 558 1893 583 re-

492 617 651 671 publica
666 646 679 662 ,
709 616 887 654 audiente
917 615 1064 667 populo
1090 616 1270 655 Romano
1286 643 1298 659 ,
1329 627 1441 667 opera
1473 627 1559 652 mea
1577 613 1677 652 hanc
1697 614 1836 652 urbem
1856 620 1894 650 et

491 683 594 723 hanc
614 683 898 736 rempublicam
918 681 988 719 effe
1008 681 1148 720 salvam
1164 682 1292 733 jurato
1312 681 1438 719 dicere
1458 679 1513 719 fas
1533 680 1675 719 fuiffet.

550 751 785 789 Extinctum
805 748 857 786 est
871 749 954 800 jam
986 747 1086 785 illud
1113 747 1365 785 maledictum
1397 747 1664 793 crudelitatis,
1696 746 1801 800 quod
1832 759 1896 785 me

494 830 574 856 non
595 825 639 854 ut
659 815 858 854 crudelem
879 823 1110 866 tyrannum,
1141 812 1205 851 sed
1225 821 1269 851 ut
1289 812 1536 851 mitiffimum
1556 822 1775 866 parentem,
1805 826 1894 852 om-

494 884 608 922 nium
628 883 776 921 civium
795 881 929 920 studiis
956 880 1223 925 defideratum,
1255 880 1478 933 repetitum,
1513 879 1730 918 arceffitum
1749 879 1894 918 vident.

494 950 619 988 Aliud
638 958 819 988 exortum
841 948 894 986 est
911 963 920 986 z
953 947 1136 1000 objicitur
1155 946 1258 986 mihi
1277 960 1387 986 meus
1409 946 1475 985 ille
1494 946 1669 985 disceffus
1688 961 1697 984 :
1730 945 1795 984 cui
1825 958 1897 998 ego

494 1016 655 1055 crimini
681 1015 904 1068 respondere
931 1015 1010 1053 fine
1038 1028 1123 1053 mea
1152 1014 1325 1053 maxima
1351 1013 1463 1052 laude
1488 1027 1567 1052 non
1587 1012 1754 1066 poffum.
1787 1011 1897 1063 Qid

495 1083 624 1128 enim,
656 1082 885 1127 Pontifices,
916 1081 1038 1120 debeo
1073 1080 1229 1120 dicere?
1261 1081 1410 1134 peccati
1445 1093 1508 1119 me
1539 1079 1773 1118 conscientia
1804 1091 1896 1132 pro-

494 1149 632 1202 fugisse
651 1149 663 1187 ?
695 1150 757 1189 At,
770 1148 810 1186 id
827 1177 838 1194 ‚
870 1149 977 1200 quod
1003 1147 1104 1186 mihi
1124 1148 1283 1186 crimini
1304 1148 1464 1186 dabatur
1480 1176 1492 1193 ‚
1522 1160 1601 1185 non
1622 1147 1741 1185 modo
1760 1158 1897 1199 pecca-

495 1224 584 1255 tum
616 1229 696 1254 non
726 1224 829 1260 erat,
860 1215 922 1253 sed
953 1224 1032 1253 erat
1062 1228 1118 1254 res
1149 1214 1233 1268 post
1263 1223 1371 1253 natos
1402 1213 1582 1253 homines
1617 1212 1894 1267 pulcherrima.

496 1281 701 1333 Judiciurn
736 1280 873 1334 populi
907 1280 1179 1333 pertimuisse?
1219 1283 1275 1319 At
1308 1280 1349 1318 id
1383 1293 1454 1318 nec
1493 1280 1732 1332 propofitum
1772 1278 1900 1316 ullum

495 1347 606 1392 fuit3
647 1357 714 1393 et,
754 1347 780 1385 fi
818 1345 974 1391 fuisset,
1014 1347 1211 1399 duplicata
1247 1346 1369 1399 gloria
1404 1345 1657 1384 disceffiffem.
1698 1347 1898 1384 Bonorum

496 1413 599 1453 mihi
630 1414 848 1467 praesidium
880 1412 1071 1451 defuiffe?
1104 1413 1263 1451 Falsum
1293 1412 1359 1451 est.
1391 1412 1464 1451 Me
1495 1422 1664 1451 mortem
1696 1410 1896 1450 timuisse?

495 1483 633 1534 Turpe
652 1480 719 1518 est.

551 1547 748 1586 XXXVI.
779 1545 1006 1585 Dicendum
1039 1545 1157 1598 igitur
1187 1545 1241 1583 est
1274 1545 1328 1590 id,
1359 1545 1465 1597 quod
1500 1558 1578 1583 non
1613 1545 1797 1589 dicerem,
1829 1542 1898 1581 nis1

495 1615 650 1652 coactus
666 1631 679 1658 ς
711 1610 812 1650 nihil
840 1612 947 1650 enim
974 1625 1150 1664 unquam
1182 1610 1229 1649 de
1260 1625 1323 1650 me
1353 1611 1436 1649 dixi
1466 1610 1651 1650 sublatius
1678 1609 1900 1649 asciscendae

496 1679 621 1718 laudis
642 1678 752 1717 causa
770 1678 900 1732 potius
917 1708 929 1724 ,
960 1691 1079 1731 quam
1099 1677 1275 1715 crIminis
1296 1676 1540 1730 depellendi:
1573 1676 1661 1715 dico
1684 1677 1804 1729 igitur
1820 1705 1832 1721 ,
1862 1684 1901 1713 et

492 1759 611 1798 quam
632 1744 782 1799 poffum
803 1745 976 1783 maxima
995 1756 1087 1782 voce
1110 1742 1199 1781 dico
1218 1757 1227 1781 :
1261 1744 1368 1781 Cum
1388 1742 1569 1781 omnium
1596 1742 1836 1795 perditorum
1855 1749 1893 1778 et

496 1813 789 1864 conjuratorum
810 1811 969 1848 incitata
989 1811 1059 1854 vis,
1091 1809 1189 1847 duce
1209 1809 1367 1847 tribuno
1387 1808 1525 1861 plebis,
1556 1808 1777 1847 consulibus
1802 1821 1895 1846 auc-

497 1878 662 1923 toribus,
694 1876 836 1915 afflicto
857 1876 1001 1921 senam,
1032 1876 1241 1929 perterritis
1266 1875 1463 1928 equitibus
1490 1876 1696 1921 Romanis,
1728 1875 1899 1928 suspensa

497 1957 540 1982 ac
562 1943 725 1982 sollicita
745 1951 824 1981 tota
843 1943 1012 1987 civitate,
1040 1955 1118 1980 non
1140 1951 1219 1979 tam
1240 1941 1281 1979 in
1301 1955 1365 1980 me
1386 1941 1580 1994 impetum
1600 1940 1756 1987 faceret,
1778 1955 1897 1994 quam

497 2023 566 2063 per
586 2023 649 2048 me
670 2010 709 2047 in
730 2022 864 2047 omnes
886 2009 1006 2047 bonos
1024 2027 1036 2053 ;
1069 2021 1132 2046 me
1152 2007 1296 2053 vidifi‘e,
1322 2008 1347 2046 fi
1369 2007 1554 2053 viciffem‚
1586 2017 1717 2046 tenues
1739 2008 1897 2061 reipub-

497 2076 583 2115 licae
604 2075 808 2128 reliquias;
841 2075 867 2113 s1
895 2075 1016 2113 victus
1044 2074 1186 2119 effem,
1218 2074 1341 2112 nullas
1372 2073 1535 2112 futuras.
1582 2074 1701 2126 Qod
1722 2075 1898 2127 cumju-
1951 2117 1954 2119 ,

498 2142 679 2181 dicaffem
693 2171 704 2188 ,
736 2141 871 2180 deflevi
891 2142 1068 2194 conjugis
1090 2141 1235 2179 miserae
1256 2140 1461 2179 discidium
1479 2170 1489 2185 ,
1521 2140 1732 2179 liberorum
1754 2141 1897 2179 cariffi-

495 2223 656 2248 morum
687 2208 950 2253 solitudinem,
982 2207 1107 2246 fratris
1139 2207 1302 2246 absentis
1334 2207 1582 2246 amantiffimi
1611 2217 1725 2260 atque
1755 2207 1897 2261 optimi

495 2277 642 2322 cusum,
673 2275 815 2314 subitas
846 2274 1118 2313 fundatiffimae
1148 2273 1307 2312 familiae
1339 2274 1493 2312 ruinas:
1527 2274 1589 2312 sed
1620 2273 1680 2312 his
1712 2274 1895 2313 omnibus

497 2343 609 2381 rebus
648 2342 769 2381 vitam
807 2341 1005 2395 anteposui
1044 2354 1223 2379 meorum
1268 2341 1447 2386 civium,
1495 2353 1656 2393 remque
1694 2341 1895 2394 publicam

495 2408 698 2447 concidere
736 2409 851 2447 unius
891 2407 1078 2452 discessu,
1121 2420 1239 2459 quam
1279 2408 1459 2446 omnium
1498 2407 1658 2445 interitu
1692 2406 1893 2449 occidere,

495 2474 618 2513 malui
637 2490 646 2515 ;
680 2475 836 2529 speravi,
868 2475 907 2513 id
929 2474 1034 2529 quod
1053 2474 1208 2520 accidit,
1231 2488 1293 2512 me
1307 2475 1501 2527 jacentem
1525 2472 1630 2527 posse
1650 2487 1670 2512 a
1689 2473 1784 2513 vivis
1805 2471 1893 2511 viris
