2212 2835
971 174 1237 228 [9821'

1013 354 1116 389 DE

508 515 851 577 LEGE
980 513 1631 576 AGRARIA

918 712 1226 745 CONTRA

530 869 573 906 P.
646 868 1175 908 SERVILIUM
1239 867 1622 906 RULLUM

830 1064 905 1101 IN
984 1065 1309 1101 SENATU

794 1233 1151 1294 ORATIO
1249 1233 1347 1272 XV.

436 1403 467 1440 1.
500 1405 523 1427 ³²³<
540 1404 563 1427 ›÷
582 1404 604 1427 ἦ(
638 1402 736 1452 Qae
757 1415 812 1439 res
832 1409 958 1454 aperte
978 1402 1189 1454 petebatur,
1217 1415 1259 1439 ea
1276 1415 1378 1440 nunc
1398 1402 1550 1440 occulte
1575 1402 1766 1442 cuniculis

377 1477 637 1521 oppugnatur.
669 1468 814 1505 Dicent
840 1468 945 1505 enim
965 1468 1186 1513 decemviri,
1219 1468 1258 1506 id
1277 1469 1382 1521 quod
1402 1468 1543 1506 dicitur
1573 1483 1593 1506 a
1615 1470 1765 1515 multis,

378 1543 415 1572 et
436 1533 529 1586 saepe
550 1534 697 1571 dictum
718 1533 784 1578 est,
804 1533 887 1586 post
907 1533 1056 1572 eosdem
1078 1534 1278 1579 Consules,
1305 1535 1402 1587 regis
1424 1535 1634 1573 Alexandri
1654 1535 1766 1573 testa-

381 1608 526 1644 mento,
549 1613 711 1651 regnum
735 1599 831 1637 illud
852 1599 986 1651 populi
1007 1599 1177 1637 Romani
1197 1599 1268 1637 effe
1287 1598 1447 1637 factum.
1472 1600 1626 1638 Dabitis
1647 1601 1769 1653 igitur

380 1665 652 1703 Alexandriam
674 1665 773 1703 clam
796 1665 1014 1718 petentibus
1036 1665 1097 1710 iis,
1130 1665 1271 1717 quibus
1303 1665 1530 1718 apertiffime
1555 1668 1766 1719 pugnanti-

381 1731 450 1768 bus
473 1730 686 1768 restitistis?
719 1730 830 1775 Haec,
867 1743 933 1782 per
965 1731 1068 1768 Deos
1095 1729 1357 1768 immortales!
1391 1739 1522 1768 utrum
1553 1731 1624 1768 effe
1658 1733 1766 1770 vobis

379 1791 533 1828 confilia
554 1791 753 1835 siccorum,
790 1805 835 1827 an
862 1790 1149 1828 vinolentorum
1169 1789 1341 1835 somnia3
1373 1799 1410 1828 et
1441 1800 1572 1829 utrum
1602 1793 1767 1844 cogitata

381 1857 605 1909 sapientum,
627 1869 672 1893 an
693 1865 821 1908 optata
842 1855 1087 1902 furiosorum,
1108 1856 1311 1894 videntur?

434 1923 572 1960 Videte
595 1936 710 1966 nune,
744 1923 920 1974 proximo
940 1923 1063 1975 capite
1083 1931 1126 1960 ut
1153 1922 1328 1974 impurus
1360 1920 1491 1961 helluo
1511 1923 1639 1962 turbet
1659 1938 1764 1963 rem-

382 1988 576 2041 publicam
594 2006 605 2032 5
639 1997 680 2025 ut
701 2001 720 2025 a
741 1989 948 2040 majoribus
981 1988 1114 2026 nostris
1143 1987 1376 2040 poffeffiones
1398 1988 1543 2027 relictas
1564 1989 1764 2042 disperdat,

380 2064 417 2092 ct
439 2054 609 2106 diffipet3
644 2063 685 2091 ut
707 2054 749 2091 fit
771 2067 845 2092 non
869 2054 997 2091 minus
1029 2055 1069 2092 in
1090 2054 1223 2107 populi
1245 2054 1413 2092 Romani
1444 2056 1676 2108 patrimonio
1697 2071 1765 2094 ne-

381 2135 463 2174 pos,
486 2134 601 2172 quam
622 2120 660 2157 in
682 2119 759 2157 suo.
795 2119 997 2157 proscribit
1019 2122 1058 2158 in
1079 2120 1140 2157 sua
1160 2120 1242 2172 lege
1263 2120 1472 2172 vectigalia,
1505 2135 1589 2173 quae
1609 2123 1765 2161 decem-

382 2188 453 2224 viri
474 2186 651 2230 vendant,
687 2185 761 2223 hoc
782 2186 846 2230 est,
883 2186 1082 2238 proscribit
1113 2187 1329 2224 auctionem
1361 2186 1609 2238 publicorum
1641 2189 1765 2227 bono-

383 2267 469 2291 rum
487 2268 496 2291 z
529 2266 635 2305 agros
655 2253 732 2289 emi
754 2253 849 2296 vult,
867 2253 935 2304 qui
955 2252 1199 2291 dividantur:
1232 2253 1368 2305 quaerit
1389 2254 1604 2306 pecuniam.
1643 2255 1764 2293 Vide-

383 2320 473 2356 licet
504 2318 737 2370 excogitabit
768 2318 927 2369 aliquid,
960 2327 1073 2369 atque
1094 2317 1237 2356 afferet.
1283 2319 1389 2357 Nam
1410 2318 1666 2371 superioribus
1699 2334 1765 2358 ca-

385 2385 528 2436 pitibus
560 2385 723 2437 dignitas
756 2383 888 2436 populi
917 2383 1085 2421 Romani
1111 2384 1348 2424 violabatur:
1381 2398 1522 2424 nomen
1544 2385 1692 2438 imperii
1724 2386 1765 2424 in

467 2514 489 2538 εκ
512 2514 534 2537 r<-
556 2514 579 2538 *-
611 2513 753 2565 Dqfimt
777 2513 972 2565 permulta.
