2212 2835
621 177 699 218 IN
756 177 806 216 L.
866 175 1326 216 CATILINAM.
1613 192 1682 230 191

292 291 427 318 verum
447 277 565 316 etiam
586 278 696 323 civis,
719 277 891 316 amiserat
904 294 915 322 ;
939 286 1069 315 tamen
1091 276 1314 329 magistratu
1334 276 1370 314 se
1389 276 1605 315 abdicavit:
1630 287 1688 323 ut,

292 359 378 398 quae
408 345 543 398 religio
569 346 618 383 C.
647 345 790 390 Mario,
821 343 1024 382 clariffirno
1051 343 1147 388 viro,
1178 356 1257 380 non
1283 342 1419 388 fuerat,
1450 357 1530 396 quo
1557 345 1687 383 minus

293 413 342 451 C.
366 412 588 457 Glauciam,
609 411 656 449 de
675 424 754 463 quo
773 409 873 448 nihil
894 409 1127 447 nominatim
1150 417 1227 446 erat
1247 409 1461 455 decretum,
1483 421 1686 463 praetorern

291 478 496 521 occideret,
535 489 578 515 ea
610 489 679 515 nos
714 476 900 529 religione
938 475 980 513 in
1018 474 1167 528 privato
1201 475 1245 512 P.
1285 475 1456 513 Lentulo
1489 478 1686 529 puniendo

291 545 554 583 liberaremur.

345 611 436 649 VII.
469 609 606 654 Nunc,
634 608 835 661 quoniam,
858 607 1047 661 Qirites,
1070 607 1339 646 sceleratiffimi
1362 608 1686 661 periculofiffimi-

288 691 364 730 que
398 676 490 715 belli
524 675 689 715 nefarios
723 675 840 714 duces
867 684 1001 728 captos
1026 676 1109 728 jam
1139 683 1177 712 et
1207 675 1501 728 comprehensos
1534 677 1686 722 tenetis,

288 744 503 783 existimare
533 740 695 789 debetis,
727 756 862 782 omnes
895 743 1073 781 Catilinae
1105 742 1251 796 copias,
1281 756 1416 780 omnes
1445 743 1540 796 spes,
1572 753 1688 796 atque

233 804 237 808 ’
289 823 394 864 opes,
433 809 494 848 his
529 809 694 863 depulsis
728 809 834 848 urbis
868 808 1062 862 periculis,
1098 808 1316 847 concidiffe.
1359 810 1489 860 Qem
1525 811 1684 862 quidem

287 890 359 930 ego
384 890 477 914 cum
504 890 551 914 ex
577 877 672 914 urbe
699 876 906 929 pellebam,
937 874 1013 914 hoc
1039 876 1289 928 providebam
1319 876 1464 922 animo,
1497 877 1685 928 Qirites,

289 951 440 981 remoto
475 943 656 987 Catilina,
690 956 761 981 nec
796 941 897 980 mihi
928 942 999 980 effe
1031 943 1076 980 P.
1110 943 1269 980 Lentuli
1301 942 1497 988 somnum,
1532 957 1602 982 nec
1634 944 1684 982 L.

289 1010 404 1048 Caffii
425 1009 591 1062 adipem,
623 1022 693 1047 nec
718 1008 884 1061 Cethegi
904 1007 1086 1046 furiosam
1107 1009 1379 1054 temeritatem,
1411 1011 1683 1062 pertimescen—

288 1076 391 1114 dam.
424 1075 496 1114 Ille
515 1083 593 1113 erat
613 1089 712 1113 unus
732 1075 930 1113 timendus
950 1087 997 1112 ex
1016 1073 1076 1112 his
1098 1075 1298 1119 omnibus,
1320 1074 1382 1112 sed
1403 1076 1565 1121 tamdiu,
1589 1077 1686 1114 dum

288 1143 484 1181 moenibus
523 1142 629 1180 urbis
667 1141 962 1180 continebatur:
1007 1141 1140 1178 omnia
1178 1151 1300 1186 norat,
1341 1143 1522 1180 omnium
1561 1144 1685 1181 aditus

288 1210 468 1248 tenebat:
499 1207 708 1261 appellare,
739 1216 905 1253 tentare,
936 1206 1160 1252 sollicitare,
1191 1216 1352 1259 poterat,
1383 1209 1575 1248 audebat:
1607 1220 1685 1248 erat

287 1275 321 1313 ei
352 1274 556 1312 confilium
587 1273 633 1311 ad
663 1273 812 1311 facinus
844 1282 1004 1326 aptum:
1037 1272 1197 1311 consilio
1227 1282 1357 1312 autem
1385 1288 1509 1326 neque
1537 1275 1682 1327 lingua,

286 1354 412 1393 neque
443 1353 595 1385 manus,
626 1340 766 1379 deerat.
800 1341 889 1391 Jam
919 1339 966 1381 ad
996 1348 1148 1378 caeteras
1181 1353 1238 1378 res
1270 1340 1528 1379 conficiendas
1560 1351 1684 1380 certos

286 1406 464 1446 homines
491 1407 657 1445 delectos
684 1420 726 1445 ac
752 1406 958 1459 descriptos
985 1405 1176 1444 habebat:
1210 1420 1334 1459 neque
1359 1421 1462 1453 vero,
1494 1422 1586 1446 cum
1612 1408 1687 1447 ali-

288 1475 382 1527 quid
402 1474 660 1519 mandaverat,
682 1472 905 1512 confec'tum
926 1473 1085 1526 putabat
1103 1487 1112 1510 ε
1144 1472 1244 1511 nihil
1264 1483 1356 1518 erat,
1381 1475 1486 1527 quod
1507 1489 1585 1513 non
1606 1475 1686 1529 ipse

288 1540 432 1585 obiret,
462 1548 699 1584 occurreret,
729 1538 926 1590 vigilaret,
957 1538 1170 1576 laboraret:
1202 1537 1339 1591 frigus,
1371 1539 1488 1585 sitim,
1520 1539 1684 1587 famem,

287 1604 384 1643 ferre
404 1613 565 1657 poterat.

343 1671 466 1709 Hunc
486 1683 557 1723 ego
578 1668 782 1708 hominem
803 1679 884 1709 tam
904 1683 1046 1715 acrem,
1073 1678 1151 1708 tam
1172 1679 1362 1723 paratum,
1385 1681 1464 1710 tam
1485 1673 1682 1719 audacem,

289 1746 368 1776 tam
394 1737 595 1782 callidum,
627 1746 706 1775 tam
731 1738 772 1775 in
794 1736 931 1775 scelere
953 1737 1196 1790 vigilantem,
1228 1746 1307 1776 tam
1329 1739 1368 1776 in
1390 1739 1548 1791 perditis
1570 1741 1683 1779 rebus

287 1804 530 1857 diligentem,
562 1803 631 1841 nisi
661 1816 709 1841 ex
740 1803 958 1842 domesticis
984 1803 1129 1841 infidiis
1157 1804 1196 1841 in
1225 1805 1405 1843 castrense
1433 1805 1683 1846 latrocinium

286 1869 568 1923 compulissem,
602 1869 749 1921 (dicam
770 1869 823 1915 id,
855 1869 960 1922 quod
981 1869 1115 1914 sentio,
1139 1870 1328 1923 Qirites)
1353 1886 1429 1910 non
1451 1871 1563 1910 facile
1582 1872 1683 1911 hanc

287 1945 432 1974 tantam
462 1936 610 1975 molem
642 1936 736 1974 mali
767 1949 788 1974 a
815 1936 1029 1974 cervicibus
1061 1936 1189 1974 vestris
1217 1936 1459 1990 depuliffem.
1493 1939 1587 1977 Non
1614 1940 1681 1978 ille

287 2003 396 2042 vobis
427 2002 636 2041 Saturnalia
661 2002 924 2048 constituisset,
955 2016 1081 2054 neque
1107 2012 1214 2041 tanto
1240 2013 1327 2042 ante
1352 2006 1516 2043 exitium
1544 2019 1586 2043 ac
1613 2005 1682 2044 fati

286 2069 390 2107 diem
410 2069 630 2122 reipublicae
650 2068 927 2114 denuntiaffet3
960 2082 1084 2121 neque
1104 2070 1362 2115 commisisset,
1386 2081 1428 2108 ut
1450 2072 1616 2124 fignum,
1639 2082 1682 2109 ut

288 2136 406 2174 literae
425 2135 511 2182 suae,
551 2137 658 2175 testes
680 2136 847 2189 denique
868 2135 1060 2174 manifesti
1081 2136 1242 2181 sceleris,
1279 2137 1677 2189 deprehenderentur:

287 2216 371 2255 quae
402 2216 519 2247 nunc,
557 2203 626 2241 illo
655 2202 820 2247 absente,
856 2203 905 2240 fic
939 2203 1040 2255 gesta
1071 2203 1171 2247 sunt,
1203 2213 1245 2241 ut
1277 2204 1431 2241 nullum
1464 2205 1503 2242 in
1536 2205 1681 2256 privata

286 2268 404 2306 domo
423 2266 572 2306 furtum
594 2281 766 2320 unquam
787 2268 832 2306 fit
852 2277 929 2306 tam
951 2268 1076 2321 palam
1098 2268 1316 2313 inventum,
1334 2282 1450 2320 quam
1472 2267 1552 2306 haec
1575 2278 1679 2305 tanta

286 2336 325 2373 in
353 2334 635 2387 rempublicam
662 2337 877 2387 conjuratio
904 2335 1104 2373 manifesto
1131 2336 1284 2374 inventa
1310 2347 1423 2387 atque
1450 2334 1679 2386 deprehensa

284 2402 351 2440 est.
383 2401 501 2452 Qod
526 2401 551 2439 fi
579 2401 746 2439 Catilina
772 2403 812 2439 in
840 2403 933 2440 urbe
960 2403 1006 2440 ad
1033 2402 1132 2440 hanc
1154 2403 1256 2440 diem
1281 2400 1519 2445 remanfiffet‚
1552 2415 1677 2452 quan-

286 2482 418 2521 quam,
449 2468 576 2520 quoad
596 2466 686 2512 fuit,
717 2469 900 2506 omnibus
921 2469 1002 2520 ejus
1024 2468 1189 2506 consiliis
1217 2468 1364 2506 occurri
1391 2476 1505 2519 atque
1531 2467 1676 2513 obstiti,
