2212 2835
760 232 900 271 PRO
957 232 1007 270 L.
1067 230 1403 272 MURENA.

1714 247 1789 287 235

399 332 472 370 tibi
492 331 727 386 propositum
748 332 883 371 domi:
916 332 977 370 sed
1006 342 1132 370 tamen
1162 342 1303 371 naturae
1329 334 1540 373 similitudo
1564 334 1667 373 illius
1690 335 1734 373 ad
1756 345 1791 374 te

398 399 537 450 magis,
572 399 640 451 qui
661 399 707 436 ab
728 398 796 436 illo
816 407 923 436 ortus
943 411 996 442 es,
1031 411 1148 450 quarn
1179 398 1226 436 ad
1254 412 1575 453 unumquemque
1604 401 1790 446 nostrum,

400 465 599 516 pervenire
629 464 787 515 potuit;
827 463 872 501 ad
906 463 1142 502 imitandum
1178 477 1266 501 vero
1301 474 1380 503 tam
1416 464 1516 503 mihi
1552 468 1791 519 propositum

398 529 595 581 exemplar
613 528 711 566 illud
731 528 798 572 est,
828 542 946 581 quam
967 528 1053 567 tibi.
1087 529 1172 574 Sed,
1202 529 1229 567 fi
1256 529 1361 568 illius
1390 532 1616 570 comitatem
1636 542 1674 571 et
1694 533 1791 571 faci-

399 595 551 632 litatem
581 603 655 633 tuae
685 595 861 648 gravitati
891 595 1154 648 severitatique
1184 595 1404 649 asperseris5
1436 610 1514 636 non
1541 586 1609 636 ista
1633 599 1791 652 quidem

398 669 513 699 erunt
542 660 716 706 meliora,
751 675 837 714 quae
867 674 973 700 nunc
1003 662 1090 700 sunt
1121 662 1284 715 optima,
1314 663 1377 702 sed
1407 673 1509 702 certe
1541 665 1697 703 condita
1725 666 1792 718 ju-

397 727 578 766 condius.

453 793 630 833 XXXII.
662 794 804 845 Qare,
836 803 880 833 ut
899 794 1020 839 adid,
1050 794 1156 847 quod
1181 794 1343 840 institui,
1373 804 1548 841 revertar,
1578 797 1674 835 tolle
1693 796 1794 836 mihi

400 872 423 898 e
452 860 563 899 causa
591 874 735 899 nomen
768 861 954 900 Catonis:
987 874 1140 900 remove
1169 875 1212 899 ac
1236 862 1486 914 praetermitte
1513 864 1793 910 auctoritatem,

399 940 485 978 quae
512 927 554 965 in
574 928 733 979 judiciis
759 937 826 967 aut
852 927 950 966 nihil
978 928 1114 974 valere,
1145 937 1210 966 aut
1239 930 1286 966 ad
1313 929 1474 968 salutem
1501 929 1616 969 debet
1642 931 1791 970 valere:

401 994 630 1046 congredere
650 1007 808 1032 mecum
830 994 1060 1032 criminibus
1081 995 1183 1047 ipfis.
1216 995 1324 1046 Qid
1345 996 1510 1041 accusas,
1542 997 1670 1035 Cato?
1700 997 1797 1050 quid

402 1058 512 1096 affers
539 1059 581 1097 in
600 1060 830 1112 judicium?
863 1060 957 1112 quid
983 1060 1140 1112 arguis?
1171 1061 1383 1099 Ambitum
1409 1062 1591 1101 accusas?
1621 1076 1701 1101 non
1727 1063 1794 1101 de-

402 1124 532 1164 fendo.
566 1126 639 1164 Me
668 1125 928 1178 reprehendis,
960 1126 1066 1179 quod
1098 1127 1201 1164 idem
1228 1127 1447 1174 defendam,
1478 1129 1584 1181 quod
1610 1129 1694 1183 lege
1719 1143 1795 1183 pu-

402 1194 557 1232 nierim.
589 1194 729 1232 Punivi
749 1194 958 1239 ambitum,
989 1207 1065 1233 non
1086 1194 1350 1233 innocentiam
1369 1210 1378 1233 :
1411 1196 1604 1234 ambitum
1623 1210 1713 1235 vero
1732 1197 1795 1251 ip·

404 1260 489 1298 sum
518 1260 581 1298 vel
610 1269 743 1299 tecum
773 1260 972 1306 accusabo,
1002 1261 1028 1299 fi
1063 1261 1181 1300 voles.
1218 1261 1377 1307 Dixisti,
1412 1262 1795 1309 senatusconsultum,

402 1339 468 1365 me
486 1325 686 1372 referente,
718 1327 791 1365 effe
808 1326 970 1373 faetum,
1001 1327 1027 1365 fi
1048 1328 1224 1366 mercede
1243 1329 1415 1382 corrupti
1439 1328 1594 1368 obviam
1614 1329 1796 1368 candida-

402 1393 452 1431 tis
482 1393 607 1439 iffent‚
638 1393 665 1432 fi
695 1393 880 1433 conducti
907 1394 1149 1439 seetarentur,
1179 1394 1206 1432 fi
1236 1395 1513 1448 gladiatoribus
1544 1396 1663 1449 vulgo
1689 1396 1797 1435 locus

403 1459 599 1505 tributim,
629 1469 668 1498 et
698 1460 795 1498 item
825 1460 983 1513 prandia
1013 1460 1038 1498 si
1070 1460 1187 1512 vulgo
1217 1460 1332 1498 effent
1363 1461 1447 1499 data
1464 1480 1475 1506 3
1507 1471 1640 1501 contra
1670 1461 1798 1515 legem

406 1524 662 1576 Calpurniam
689 1524 837 1563 faaeStum
862 1525 996 1563 videri.
1030 1525 1135 1577 Ergo
1161 1525 1213 1563 ita
1232 1525 1378 1564 senatus
1392 1526 1557 1578 judicat,
1588 1537 1723 1566 contra
1740 1528 1797 1566 le-

405 1603 496 1642 gem
523 1589 621 1628 faCta
645 1590 727 1629 haec
753 1591 886 1636 videri,
917 1591 943 1629 fi
970 1589 1069 1629 fasta
1092 1591 1193 1629 sint:
1225 1591 1409 1637 decernit,
1440 1593 1547 1645 quod
1572 1593 1673 1633 nihil
1701 1607 1797 1647 opus

404 1655 471 1700 est,
502 1655 599 1695 dum
627 1656 837 1695 candidatis
863 1670 1012 1695 morem
1038 1657 1151 1710 gerit.
1183 1657 1290 1696 Nam
1310 1657 1456 1697 faf’cum
1477 1658 1535 1704 sit,
1566 1673 1699 1706 necne,
1725 1673 1797 1698 ve-

405 1719 607 1760 hementer
627 1723 810 1775 quaeritur
827 1737 839 1761 ;
869 1722 896 1761 fi
915 1722 1061 1762 fadum
1084 1723 1142 1768 fit,
1174 1724 1269 1776 quin
1290 1734 1422 1764 contra
1441 1725 1567 1778 legem
1589 1725 1648 1772 fit,
1679 1726 1797 1765 dubi—

405 1798 484 1827 tare
502 1801 620 1827 nemo
638 1789 775 1842 potest.

461 1855 529 1893 Est
554 1855 674 1908 igitur
698 1855 936 1902 ridiculum,
955 1856 1060 1910 quod
1087 1856 1140 1895 est
1166 1857 1346 1903 dubium,
1377 1857 1417 1896 id
1438 1859 1652 1912 relinquere
1670 1859 1798 1898 incer-

406 1929 494 1958 tum
510 1939 522 1966 ς
554 1921 660 1973 quod
686 1922 835 1960 nemini
863 1922 1030 1961 dubium
1057 1921 1180 1975 potest
1206 1923 1290 1968 effe,
1322 1923 1362 1962 id
1382 1924 1568 1976 judicare.
1601 1926 1733 1977 Atque
1759 1925 1798 1962 id

407 1985 626 2024 decernitur
644 1988 827 2025 omnibus
846 1987 1125 2041 postulantibus
1146 1988 1356 2026 candidatis
1375 2004 1385 2027 :
1417 1999 1461 2027 ut
1480 2003 1527 2028 ex
1556 1989 1796 2028 senatuscon-

409 2051 508 2090 sulto
528 2065 654 2105 neque
672 2054 783 2106 cujus
803 2054 963 2099 interfit,
995 2067 1119 2107 neque
1139 2064 1273 2093 contra
1291 2068 1406 2108 quem
1430 2056 1486 2101 fit,
1518 2056 1682 2108 intelligi
1709 2055 1797 2108 pos-

409 2116 466 2154 fit.
499 2117 627 2169 Qare
647 2118 755 2164 doce,
786 2132 806 2156 a
825 2120 875 2158 L.
903 2120 1071 2158 Murena
1097 2120 1162 2158 illa
1189 2119 1259 2158 effe
1280 2120 1505 2159 commiffa:
1538 2129 1624 2160 tum
1644 2129 1797 2173 egomet

409 2182 482 2220 tibi
502 2193 634 2221 contra
652 2185 776 2237 legem
797 2185 997 2224 commiffa
1016 2185 1088 2224 esse
1107 2187 1329 2225 concedam.

464 2249 659 2288 XXXIII.
690 2251 816 2289 Multi
841 2252 994 2290 obviam
1028 2253 1248 2304 prodierunt
1279 2252 1325 2290 de
1355 2253 1553 2305 provincia
1583 2251 1793 2296 decedenti,

411 2314 654 2353 consulatum
680 2318 839 2368 petenti.
872 2318 976 2356 Solet
1001 2319 1096 2357 fieri.
1132 2319 1252 2356 Eccui
1279 2329 1405 2356 autem
1434 2332 1509 2356 non
1537 2317 1710 2370 proditur
1735 2330 1796 2355 re-

410 2381 572 2419 vertenti
591 2381 603 2417 ?
636 2394 719 2432 quae
739 2381 815 2419 fuit
836 2383 903 2420 ista
922 2384 1162 2422 multitudo?
1198 2384 1387 2428 Primum,
1411 2384 1435 2421 si
1458 2383 1528 2420 tibi
1549 2383 1655 2421 istam
1678 2383 1795 2421 ratio-

411 2460 499 2484 nem
520 2460 596 2484 non
617 2446 752 2499 poffim
775 2447 939 2492 reddere,
972 2450 1067 2500 quid
1094 2449 1209 2487 habet
1230 2449 1505 2493 admirationis,
1537 2448 1600 2485 tali
1627 2448 1707 2486 viro
1727 2448 1794 2486 ad-

409 2513 593 2559 venienti,
615 2514 815 2552 candidato
835 2514 1037 2559 consulari,
1059 2516 1212 2553 obviam
1234 2514 1392 2566 prodiffe
1412 2515 1580 2553 multos?
1602 2516 1706 2569 quod
1726 2515 1794 2554 nisi

1349 2580 1492 2633 ng
