2212 2835
682 185 771 222 DE
832 182 1024 222 LEGE
1085 181 1442 219 AGRARIA«
1707 194 1776 233 ¹53

375 282 611 333 expectatus,
643 290 686 319 ut
706 280 855 334 hospes,
887 290 952 319 aut
974 289 1142 333 repente,
1175 290 1217 318 ut
1238 278 1435 324 dominus,
1469 279 1626 322 venerit,
1664 277 1777 314 illum

375 347 503 399 ipsum
536 348 682 393 locum,
715 362 793 399 quo
824 347 985 391 venerit,
1017 347 1124 383 illam
1158 346 1277 398 ipsam
1307 346 1433 383 sedem
1461 344 1708 398 hospitalem,
1739 343 1777 380 in

375 427 492 465 quam
511 415 583 451 erit
602 414 803 458 deductus,
826 413 1024 466 publicam
1048 413 1183 464 populi
1204 413 1373 450 Romani
1395 411 1465 449 effe
1484 412 1614 450 dicct?
1639 413 1778 463 Qan-

375 490 413 518 ta
433 480 627 518 calamitas
648 479 798 532 populi,
831 480 856 517 fi
878 480 1047 523 dixerim
1079 487 1245 531 quantus
1268 478 1336 531 ipsi
1357 478 1535 530 quaestus,
1559 478 1583 516 si
1606 478 1776 530 negarit?

374 548 508 599 Atque
541 547 675 591 iidem,
719 547 787 599 qui
822 544 904 584 haec
938 555 1138 599 appetunt,
1179 545 1288 598 queri
1324 558 1607 597 nonnunquam
1643 544 1778 588 solent,

372 625 511 651 omnes
546 622 661 651 terras
697 613 773 650 Cn.
808 612 997 665 Pompeio
1028 621 1142 664 atque
1173 611 1306 650 omnia
1336 611 1456 648 maria
1486 610 1557 649 effe
1589 609 1777 663 permiffa.

375 678 511 716 Simile
540 693 629 718 vero
660 679 726 724 est,
759 678 886 717 multa
910 678 1124 723 committi,
1155 687 1193 716 et
1224 677 1434 716 condonari
1463 677 1625 714 onmia?
1659 676 1779 713 labori

377 754 415 784 et
434 734 593 800 negotio
622 746 809 800 praeponi‚
839 760 886 784 an
906 745 1039 799 praedae
1059 754 1096 783 et
1117 745 1305 798 quaestui?
1338 744 1444 782 mitti
1463 743 1509 781 ad
1531 744 1650 782 socios
1679 743 1781 780 libe-

376 814 529 859 randos,
559 827 607 852 an
631 814 677 852 ad
697 813 972 867 opprimendos
992 813 1005 850 ?
1037 813 1235 866 Denique,
1266 812 1291 850 fi
1319 812 1406 864 quis
1427 811 1480 849 est
1499 810 1624 849 honos
1649 811 1779 863 fingu-

377 881 481 926 laris,
511 880 664 919 nihilne
683 880 850 925 interest,
882 889 1015 918 utrum
1035 880 1203 933 populus
1226 880 1427 917 Romanus
1451 891 1557 923 eum,
1588 877 1653 915 cui
1673 876 1779 920 velit,

379 946 524 985 deferat
540 966 552 993 5
585 961 631 984 an
664 947 694 984 is
721 946 968 999 impudenter
995 945 1142 998 populo
1170 948 1351 986 Romano
1379 957 1446 997 per
1475 944 1571 996 legis
1605 942 1781 981 fraudem

379 1012 631 1067 surripiatur?

435 1081 591 1120 XVIII.
624 1078 887 1124 Intellexistis,
917 1087 1014 1130 quot
1044 1091 1115 1123 res,
1146 1086 1184 1115 et
1215 1086 1392 1130 quantas,
1427 1075 1650 1122 decemviri,
1686 1076 1782 1128 legis

380 1147 577 1200 permiffu,
598 1145 792 1184 vendituri
813 1144 899 1183 fint.
922 1145 1018 1183 Non
1038 1144 1090 1182 est
1110 1143 1211 1181 satis.
1242 1145 1347 1181 Cum
1369 1143 1442 1181 sese
1463 1143 1669 1188 sociorum,
1690 1156 1783 1181 cum

379 1223 598 1253 exterarum
618 1213 837 1258 nationum,
868 1225 961 1250 cum
981 1225 1133 1264 regum,
1155 1210 1339 1264 sanguine
1359 1209 1558 1263 implerint
1566 1228 1578 1255 3
1610 1210 1784 1248 incidant

379 1294 514 1321 nervos
545 1281 683 1335 populi
714 1280 900 1325 Romani,
942 1278 1151 1318 adhibeant
1181 1291 1318 1317 manus
1354 1277 1604 1330 vectigalibus
1637 1277 1782 1322 vestris,

380 1347 599 1401 irrumpant
629 1348 671 1385 in
701 1346 891 1385 aerarium.
924 1346 1105 1398 Sequitur
1136 1345 1243 1382 enim
1274 1352 1406 1396 caput,
1441 1356 1520 1395 quo
1551 1342 1677 1395 capite
1707 1356 1785 1380 non

382 1415 577 1468 permittit
597 1414 774 1467 quidem,
805 1413 832 1452 fi
851 1412 950 1452 forte
971 1413 1064 1451 defit
1084 1412 1262 1465 pecunia,
1284 1424 1368 1463 quae
1390 1417 1493 1448 tanta
1509 1423 1556 1448 ex
1576 1409 1784 1463 superiori-

383 1482 456 1519 bus
476 1482 597 1535 recipi
616 1480 753 1535 potest,
785 1489 828 1519 ut
848 1479 968 1518 deeffe
988 1492 1067 1517 non
1088 1479 1251 1524 debeat;
1284 1477 1347 1515 sed
1371 1477 1498 1529 plane,
1530 1477 1634 1529 quasi
1661 1490 1703 1515 ea
1729 1490 1787 1515 res

385 1548 496 1585 vobis
528 1547 639 1585 saluti
669 1546 799 1585 futura
830 1546 890 1591 s1t,
919 1546 973 1584 ita
1003 1545 1123 1597 cogit,
1154 1554 1269 1596 atque
1295 1544 1476 1596 imperat,
1507 1552 1550 1581 ut
1577 1543 1789 1582 decemviri

388 1613 505 1651 vestra
534 1613 734 1666 vectigalia
752 1612 919 1651 vendant
950 1611 1200 1650 nominatim.
1233 1611 1367 1661 Qam
1397 1618 1439 1648 tu
1467 1608 1568 1647 mihi
1588 1623 1634 1649 ex
1654 1610 1789 1648 ordine

386 1681 504 1718 recita
523 1680 569 1719 de
589 1681 684 1733 legis
706 1680 847 1733 scripto
866 1679 1002 1733 populi
1023 1678 1193 1717 Romani
1213 1677 1458 1715 auctionem:
1491 1690 1610 1729 quam
1630 1675 1786 1728 meher—

385 1747 474 1785 cule
495 1760 567 1800 ego
586 1747 754 1801 praeconi
774 1745 868 1784 huic
888 1746 956 1799 ipsi
978 1744 1191 1784 luctuosam
1212 1753 1250 1781 et
1270 1743 1447 1781 acerbam
1475 1743 1789 1796 praedicationem

386 1813 559 1853 futuram
593 1822 705 1867 puto.
739 1814 942 1852 Anemo.
980 1814 1038 1851 Ut
1072 1812 1112 1850 in
1149 1811 1221 1849 suis
1257 1810 1384 1855 rebus,
1415 1810 1468 1848 ita
1502 1809 1542 1847 in
1574 1810 1788 1863 republica,

386 1880 604 1920 luxuriosus
625 1880 678 1918 est
697 1889 830 1933 nepos,
862 1879 930 1932 qui
951 1879 1056 1933 prius
1077 1877 1184 1916 filvas
1205 1876 1358 1922 vendat,
1388 1889 1507 1929 quarn
1533 1876 1676 1915 vineas'.
1708 1877 1787 1915 Ita-

388 1947 482 1985 liam
513 1945 785 2000 percensuisti:
818 1958 934 1999 perge
963 1945 1004 1983 in
1036 1944 1222 1982 Siciliam.
1261 1944 1526 1980 Aucwoms
1562 1954 1676 1980 PARS
1711 1954 1786 1987 EA,

391 2024 494 2062 (ΨΒ,
529 2025 592 2052 AD
627 2014 849 2051 SICILIAM
885 2023 1140 2051 PERTINET.
1174 2008 1290 2049 Nihil
1320 2008 1372 2047 est
1404 2009 1444 2046 in
1476 2007 1549 2047 hac
1577 2008 1787 2061 provincia,

389 2080 497 2133 quod
521 2089 587 2119 aut
613 2080 654 2119 in
680 2079 834 2134 oppidis
860 2090 926 2118 aut
944 2079 986 2118 in
1012 2078 1111 2131 agris
1132 2078 1293 2129 majores
1315 2075 1432 2114 nostri
1452 2077 1656 2129 proprium
1676 2074 1788 2113 nobis

390 2147 632 2199 reliquerint,
653 2147 750 2200 quin
772 2146 812 2184 id
830 2146 958 2184 venire
972 2145 1122 2198 jubeat.
1155 2143 1274 2196 Qod
1294 2151 1447 2196 partum
1469 2142 1612 2180 recenti
1633 2140 1787 2179 vietor-ia

391 2213 552 2264 majores
573 2213 680 2251 vobis
701 2213 742 2251 in
761 2212 954 2251 sociorum
974 2211 1135 2250 urbibus
1155 2224 1198 2248 ac
1220 2210 1363 2248 finibus
1383 2218 1421 2246 et
1448 2208 1650 2246 vinculum
1670 2207 1787 2258 pade,

391 2287 430 2316 et
449 2287 750 2317 monumentum
767 2279 875 2324 belli,
896 2278 1148 2330 reliquerunt,
1169 2276 1209 2314 id
1228 2289 1294 2315 vos
1314 2275 1361 2313 ab
1382 2275 1460 2313 illis
1478 2283 1694 2326 acceptum,
1716 2271 1791 2310 hoc

392 2347 560 2390 auctore,
580 2345 775 2384 vendetis?
801 2346 883 2384 Hic
904 2344 1005 2384 mihi
1025 2357 1232 2398 parumper
1253 2349 1400 2381 mentes
1421 2342 1570 2385 vestras,
1602 2339 1790 2391 Qirites,

395 2425 644 2452 commovere
671 2412 816 2457 vide-or,
848 2413 942 2450 dum
972 2411 1160 2465 patefacio
1187 2411 1310 2455 vobis,
1342 2421 1434 2461 quas
1462 2407 1521 2444 isti
1550 2405 1702 2459 penitus
1723 2406 1790 2443 ab-

396 2478 533 2518 strusas
581 2477 732 2517 infidias
782 2477 817 2516 se
860 2477 1021 2530 posuiffe
1058 2477 1289 2515 arbitrentur
1326 2481 1459 2512 contra
1498 2473 1574 2510 Cn.
1616 2471 1795 2525 Pompeii

1396 2539 1487 2589 Qa
