<?xml version="1.0" encoding="UTF-8"?>
<!DOCTYPE html PUBLIC "-//W3C//DTD XHTML 1.0 Transitional//EN"
    "http://www.w3.org/TR/xhtml1/DTD/xhtml1-transitional.dtd">
<html xmlns="http://www.w3.org/1999/xhtml" xml:lang="en" lang="en">
 <head>
  <title>
</title>
<meta http-equiv="Content-Type" content="text/html;charset=utf-8" />
  <meta name='ocr-system' content='tesseract 3.04.00' />
  <meta name='ocr-capabilities' content='ocr_page ocr_carea ocr_par ocr_line ocrx_word'/>
</head>
<body>
  <div class='ocr_page' id='page_1' title='image "./operacumindicibu05ciceuoft_0174.png"; bbox 0 0 2212 2835; ppageno 0'>
   <div class='ocr_carea' id='block_1_1' title="bbox 359 171 1313 226">
    <p class='ocr_par' dir='ltr' id='par_1_1' title="bbox 359 171 1313 226">
     <span class='ocr_line' id='line_1_1' title="bbox 359 171 1313 226; baseline -0.005 -11"><span class='ocrx_word' id='word_1_1' title='bbox 359 176 435 226; x_wconf 90' lang='lat'><strong>164</strong></span> <span class='ocrx_word' id='word_1_2' title='bbox 821 171 1313 211; x_wconf 86' lang='lat' dir='ltr'><strong>ORATIOI.</strong></span> 
     </span>
    </p>
   </div>
   <div class='ocr_carea' id='block_1_2' title="bbox 346 266 1766 2497">
    <p class='ocr_par' dir='ltr' id='par_1_2' title="bbox 346 266 1746 650">
     <span class='ocr_line' id='line_1_2' title="bbox 346 266 1742 324; baseline -0.001 -15"><span class='ocrx_word' id='word_1_3' title='bbox 346 273 429 324; x_wconf 84' lang='lat' dir='ltr'><strong>jam</strong></span> <span class='ocrx_word' id='word_1_4' title='bbox 450 269 642 322; x_wconf 86' lang='lat' dir='ltr'><strong>intelliges</strong></span> <span class='ocrx_word' id='word_1_5' title='bbox 665 268 790 306; x_wconf 90' lang='lat' dir='ltr'><strong>multo</strong></span> <span class='ocrx_word' id='word_1_6' title='bbox 811 281 873 306; x_wconf 87' lang='lat' dir='ltr'><strong>me</strong></span> <span class='ocrx_word' id='word_1_7' title='bbox 893 267 1050 320; x_wconf 82' lang='lat' dir='ltr'><strong>vigilare</strong></span> <span class='ocrx_word' id='word_1_8' title='bbox 1069 268 1190 306; x_wconf 87' lang='lat' dir='ltr'><strong>acrius</strong></span> <span class='ocrx_word' id='word_1_9' title='bbox 1218 267 1265 306; x_wconf 83' lang='lat' dir='ltr'><strong>ad</strong></span> <span class='ocrx_word' id='word_1_10' title='bbox 1290 266 1464 312; x_wconf 78' lang='lat' dir='ltr'><strong>salutem,</strong></span> <span class='ocrx_word' id='word_1_11' title='bbox 1495 280 1611 320; x_wconf 88' lang='lat' dir='ltr'><strong>quam</strong></span> <span class='ocrx_word' id='word_1_12' title='bbox 1639 276 1676 307; x_wconf 89' lang='lat' dir='ltr'><strong>te</strong></span> <span class='ocrx_word' id='word_1_13' title='bbox 1695 268 1742 307; x_wconf 85' lang='lat' dir='ltr'><strong>ad</strong></span> 
     </span>
     <span class='ocr_line' id='line_1_3' title="bbox 351 332 1743 389; baseline -0.001 -16"><span class='ocrx_word' id='word_1_14' title='bbox 351 336 577 389; x_wconf 87' lang='lat' dir='ltr'><strong>perniciem,</strong></span> <span class='ocrx_word' id='word_1_15' title='bbox 600 333 833 387; x_wconf 84' lang='lat' dir='ltr'><strong>reipublicae.</strong></span> <span class='ocrx_word' id='word_1_16' title='bbox 859 334 960 371; x_wconf 89' lang='lat' dir='ltr'><strong>Dico</strong></span> <span class='ocrx_word' id='word_1_17' title='bbox 978 343 1013 371; x_wconf 90' lang='lat' dir='ltr'><strong>te</strong></span> <span class='ocrx_word' id='word_1_18' title='bbox 1031 334 1147 386; x_wconf 84' lang='lat' dir='ltr'>priori</span> <span class='ocrx_word' id='word_1_19' title='bbox 1165 335 1275 371; x_wconf 68' lang='lat' dir='ltr'><strong>nocte</strong></span> <span class='ocrx_word' id='word_1_20' title='bbox 1295 332 1434 371; x_wconf 78' lang='lat' dir='ltr'><strong>venisse</strong></span> <span class='ocrx_word' id='word_1_21' title='bbox 1451 333 1550 371; x_wconf 84' lang='lat' dir='ltr'><strong>inter</strong></span> <span class='ocrx_word' id='word_1_22' title='bbox 1570 332 1743 372; x_wconf 86' lang='lat' dir='ltr'><strong>falcarios</strong></span> 
     </span>
     <span class='ocr_line' id='line_1_4' title="bbox 356 399 1746 454; baseline 0 -16"><span class='ocrx_word' id='word_1_23' title='bbox 356 403 457 452; x_wconf 86' lang='lat' dir='ltr'><strong>(non</strong></span> <span class='ocrx_word' id='word_1_24' title='bbox 483 413 593 454; x_wconf 85' lang='lat' dir='ltr'><strong>agam</strong></span> <span class='ocrx_word' id='word_1_25' title='bbox 620 399 801 451; x_wconf 85' lang='lat' dir='ltr'>obscure)</span> <span class='ocrx_word' id='word_1_26' title='bbox 824 400 865 437; x_wconf 88' lang='lat' dir='ltr'><strong>in</strong></span> <span class='ocrx_word' id='word_1_27' title='bbox 892 399 956 437; x_wconf 89' lang='grc' dir='ltr'><strong>Μ.</strong></span> <span class='ocrx_word' id='word_1_28' title='bbox 986 400 1119 437; x_wconf 84' lang='lat' dir='ltr'><strong>Leccae</strong></span> <span class='ocrx_word' id='word_1_29' title='bbox 1147 400 1334 438; x_wconf 90' lang='lat' dir='ltr'><strong>domum:</strong></span> <span class='ocrx_word' id='word_1_30' title='bbox 1367 399 1583 438; x_wconf 87' lang='lat' dir='ltr'><strong>conveniffe</strong></span> <span class='ocrx_word' id='word_1_31' title='bbox 1609 399 1746 438; x_wconf 89' lang='lat' dir='ltr'><strong>eodem</strong></span> 
     </span>
     <span class='ocr_line' id='line_1_5' title="bbox 353 464 1743 518; baseline 0 -15"><span class='ocrx_word' id='word_1_32' title='bbox 353 465 571 518; x_wconf 86' lang='lat' dir='ltr'><strong>complures</strong></span> <span class='ocrx_word' id='word_1_33' title='bbox 592 465 761 517; x_wconf 85' lang='lat' dir='ltr'><strong>ejusdem</strong></span> <span class='ocrx_word' id='word_1_34' title='bbox 783 464 958 502; x_wconf 85' lang='lat' dir='ltr'><strong>amentiae</strong></span> <span class='ocrx_word' id='word_1_35' title='bbox 978 464 1201 517; x_wconf 82' lang='lat' dir='ltr'><strong>scelerisque</strong></span> <span class='ocrx_word' id='word_1_36' title='bbox 1220 465 1354 503; x_wconf 87' lang='lat' dir='ltr'><strong>socios.</strong></span> <span class='ocrx_word' id='word_1_37' title='bbox 1387 465 1500 503; x_wconf 91' lang='lat' dir='ltr'><strong>Num</strong></span> <span class='ocrx_word' id='word_1_38' title='bbox 1521 478 1656 518; x_wconf 88' lang='lat' dir='ltr'><strong>negare</strong></span> <span class='ocrx_word' id='word_1_39' title='bbox 1676 478 1743 502; x_wconf 91' lang='lat' dir='ltr'><strong>au-</strong></span> 
     </span>
     <span class='ocr_line' id='line_1_6' title="bbox 353 530 1746 584; baseline -0.001 -14"><span class='ocrx_word' id='word_1_40' title='bbox 353 533 448 570; x_wconf 91' lang='lat' dir='ltr'><strong>des?</strong></span> <span class='ocrx_word' id='word_1_41' title='bbox 480 532 576 584; x_wconf 85' lang='lat' dir='ltr'><strong>quid</strong></span> <span class='ocrx_word' id='word_1_42' title='bbox 605 532 736 570; x_wconf 87' lang='lat' dir='ltr'><strong>taces?</strong></span> <span class='ocrx_word' id='word_1_43' title='bbox 767 532 1011 575; x_wconf 83' lang='lat' dir='ltr'><strong>convincam,</strong></span> <span class='ocrx_word' id='word_1_44' title='bbox 1042 531 1067 569; x_wconf 91' lang='lat' dir='ltr'><strong>fi</strong></span> <span class='ocrx_word' id='word_1_45' title='bbox 1095 545 1232 584; x_wconf 85' lang='lat' dir='ltr'><strong>negas:</strong></span> <span class='ocrx_word' id='word_1_46' title='bbox 1264 532 1377 570; x_wconf 87' lang='lat' dir='ltr'><strong>video</strong></span> <span class='ocrx_word' id='word_1_47' title='bbox 1396 532 1502 570; x_wconf 87' lang='lat' dir='ltr'><strong>enim</strong></span> <span class='ocrx_word' id='word_1_48' title='bbox 1529 531 1600 570; x_wconf 80' lang='lat' dir='ltr'><strong>effe</strong></span> <span class='ocrx_word' id='word_1_49' title='bbox 1619 530 1686 570; x_wconf 89' lang='lat' dir='ltr'><strong>hic</strong></span> <span class='ocrx_word' id='word_1_50' title='bbox 1705 531 1746 569; x_wconf 88' lang='lat' dir='ltr'><strong>in</strong></span> 
     </span>
     <span class='ocr_line' id='line_1_7' title="bbox 356 596 1187 650; baseline 0 -14"><span class='ocrx_word' id='word_1_51' title='bbox 356 598 483 636; x_wconf 89' lang='lat' dir='ltr'><strong>senatu</strong></span> <span class='ocrx_word' id='word_1_52' title='bbox 504 598 704 650; x_wconf 87' lang='lat' dir='ltr'><strong>quosdam,</strong></span> <span class='ocrx_word' id='word_1_53' title='bbox 735 598 803 650; x_wconf 89' lang='lat' dir='ltr'><strong>qui</strong></span> <span class='ocrx_word' id='word_1_54' title='bbox 825 606 952 635; x_wconf 91' lang='lat' dir='ltr'><strong>tecum</strong></span> <span class='ocrx_word' id='word_1_55' title='bbox 974 610 1049 634; x_wconf 88' lang='lat' dir='ltr'><strong>una</strong></span> <span class='ocrx_word' id='word_1_56' title='bbox 1068 596 1187 636; x_wconf 88' lang='lat' dir='ltr'><strong>fuere.</strong></span> 
     </span>
    </p>

    <p class='ocr_par' dir='ltr' id='par_1_3' title="bbox 355 663 1760 1904">
     <span class='ocr_line' id='line_1_8' title="bbox 411 663 1745 717; baseline -0.001 -15"><span class='ocrx_word' id='word_1_57' title='bbox 411 665 448 702; x_wconf 94' lang='lat' dir='ltr'>O</span> <span class='ocrx_word' id='word_1_58' title='bbox 471 665 541 702; x_wconf 88' lang='lat' dir='ltr'><strong>Dii</strong></span> <span class='ocrx_word' id='word_1_59' title='bbox 561 663 822 702; x_wconf 87' lang='lat' dir='ltr'><strong>immortales!</strong></span> <span class='ocrx_word' id='word_1_60' title='bbox 856 664 1016 701; x_wconf 83' lang='lat' dir='ltr'>ubinam</span> <span class='ocrx_word' id='word_1_61' title='bbox 1037 664 1215 715; x_wconf 86' lang='lat' dir='ltr'><strong>gentium</strong></span> <span class='ocrx_word' id='word_1_62' title='bbox 1235 664 1394 703; x_wconf 88' lang='lat' dir='ltr'><strong>sumus?</strong></span> <span class='ocrx_word' id='word_1_63' title='bbox 1418 665 1457 703; x_wconf 89' lang='lat' dir='ltr'><strong>in</strong></span> <span class='ocrx_word' id='word_1_64' title='bbox 1478 678 1554 717; x_wconf 90' lang='lat' dir='ltr'><strong>qua</strong></span> <span class='ocrx_word' id='word_1_65' title='bbox 1573 664 1666 703; x_wconf 83' lang='lat' dir='ltr'><strong>urbe</strong></span> <span class='ocrx_word' id='word_1_66' title='bbox 1687 664 1745 703; x_wconf 83' lang='lat' dir='ltr'><strong>vi-</strong></span> 
     </span>
     <span class='ocr_line' id='line_1_9' title="bbox 355 727 1748 782; baseline 0 -14"><span class='ocrx_word' id='word_1_67' title='bbox 355 730 511 768; x_wconf 84' lang='lat' dir='ltr'>vimus?</span> <span class='ocrx_word' id='word_1_68' title='bbox 543 743 660 782; x_wconf 86' lang='lat' dir='ltr'><strong>quam</strong></span> <span class='ocrx_word' id='word_1_69' title='bbox 682 729 965 782; x_wconf 84' lang='lat' dir='ltr'><strong>rempublicam</strong></span> <span class='ocrx_word' id='word_1_70' title='bbox 987 727 1173 767; x_wconf 86' lang='lat' dir='ltr'><strong>habemus</strong></span> <span class='ocrx_word' id='word_1_71' title='bbox 1193 730 1205 766; x_wconf 92' lang='lat'>?</span> <span class='ocrx_word' id='word_1_72' title='bbox 1234 730 1329 775; x_wconf 91' lang='lat' dir='ltr'><strong>Hic,</strong></span> <span class='ocrx_word' id='word_1_73' title='bbox 1353 729 1417 769; x_wconf 89' lang='lat' dir='ltr'><strong>hic</strong></span> <span class='ocrx_word' id='word_1_74' title='bbox 1437 731 1537 775; x_wconf 90' lang='lat' dir='ltr'><strong>sunt,</strong></span> <span class='ocrx_word' id='word_1_75' title='bbox 1561 731 1600 769; x_wconf 91' lang='lat' dir='ltr'><strong>in</strong></span> <span class='ocrx_word' id='word_1_76' title='bbox 1622 730 1748 768; x_wconf 84' lang='lat' dir='ltr'><strong>nostro</strong></span> 
     </span>
     <span class='ocr_line' id='line_1_10' title="bbox 357 793 1746 849; baseline 0 -15"><span class='ocrx_word' id='word_1_77' title='bbox 357 810 531 840; x_wconf 86' lang='lat' dir='ltr'><strong>numero,</strong></span> <span class='ocrx_word' id='word_1_78' title='bbox 559 797 687 834; x_wconf 88' lang='lat' dir='ltr'><strong>Patres</strong></span> <span class='ocrx_word' id='word_1_79' title='bbox 708 794 929 847; x_wconf 85' lang='lat' dir='ltr'><strong>conscripti,</strong></span> <span class='ocrx_word' id='word_1_80' title='bbox 951 795 990 832; x_wconf 92' lang='lat' dir='ltr'><strong>in</strong></span> <span class='ocrx_word' id='word_1_81' title='bbox 1011 793 1086 832; x_wconf 90' lang='lat' dir='ltr'><strong>hoc</strong></span> <span class='ocrx_word' id='word_1_82' title='bbox 1107 796 1210 834; x_wconf 85' lang='lat' dir='ltr'><strong>orbis</strong></span> <span class='ocrx_word' id='word_1_83' title='bbox 1232 804 1337 834; x_wconf 83' lang='lat' dir='ltr'><strong>terrae</strong></span> <span class='ocrx_word' id='word_1_84' title='bbox 1358 796 1586 835; x_wconf 67' lang='lat' dir='ltr'><strong>sanctiffimo</strong></span> <span class='ocrx_word' id='word_1_85' title='bbox 1605 796 1746 849; x_wconf 86' lang='lat' dir='ltr'><strong>gravis-</strong></span> 
     </span>
     <span class='ocr_line' id='line_1_11' title="bbox 357 861 1748 914; baseline -0.001 -14"><span class='ocrx_word' id='word_1_86' title='bbox 357 863 530 914; x_wconf 79' lang='lat' dir='ltr'><strong>fimoque</strong></span> <span class='ocrx_word' id='word_1_87' title='bbox 561 861 732 907; x_wconf 84' lang='lat' dir='ltr'><strong>confilio,</strong></span> <span class='ocrx_word' id='word_1_88' title='bbox 763 862 831 914; x_wconf 89' lang='lat' dir='ltr'><strong>qui</strong></span> <span class='ocrx_word' id='word_1_89' title='bbox 863 861 908 898; x_wconf 91' lang='lat' dir='ltr'><strong>de</strong></span> <span class='ocrx_word' id='word_1_90' title='bbox 940 874 1041 905; x_wconf 91' lang='lat' dir='ltr'><strong>meo,</strong></span> <span class='ocrx_word' id='word_1_91' title='bbox 1074 861 1322 913; x_wconf 83' lang='lat' dir='ltr'><strong>nostrumque</strong></span> <span class='ocrx_word' id='word_1_92' title='bbox 1348 863 1543 906; x_wconf 88' lang='lat' dir='ltr'><strong>omnium,</strong></span> <span class='ocrx_word' id='word_1_93' title='bbox 1575 862 1748 906; x_wconf 86' lang='lat' dir='ltr'><strong>interitu,</strong></span> 
     </span>
     <span class='ocr_line' id='line_1_12' title="bbox 358 927 1750 981; baseline 0 -15"><span class='ocrx_word' id='word_1_94' title='bbox 358 929 427 981; x_wconf 87' lang='lat' dir='ltr'><strong>qui</strong></span> <span class='ocrx_word' id='word_1_95' title='bbox 447 929 491 966; x_wconf 90' lang='lat' dir='ltr'><strong>de</strong></span> <span class='ocrx_word' id='word_1_96' title='bbox 510 927 627 980; x_wconf 86' lang='lat' dir='ltr'><strong>hujus</strong></span> <span class='ocrx_word' id='word_1_97' title='bbox 649 928 768 973; x_wconf 86' lang='lat' dir='ltr'><strong>urbis,</strong></span> <span class='ocrx_word' id='word_1_98' title='bbox 800 936 912 979; x_wconf 88' lang='lat' dir='ltr'><strong>atque</strong></span> <span class='ocrx_word' id='word_1_99' title='bbox 933 927 1026 964; x_wconf 89' lang='lat' dir='ltr'><strong>adeo</strong></span> <span class='ocrx_word' id='word_1_100' title='bbox 1046 927 1148 965; x_wconf 88' lang='lat' dir='ltr'><strong>orbis</strong></span> <span class='ocrx_word' id='word_1_101' title='bbox 1171 937 1368 972; x_wconf 89' lang='lat' dir='ltr'><strong>terrarum,</strong></span> <span class='ocrx_word' id='word_1_102' title='bbox 1399 928 1533 973; x_wconf 88' lang='lat' dir='ltr'><strong>exitio,</strong></span> <span class='ocrx_word' id='word_1_103' title='bbox 1564 927 1750 980; x_wconf 87' lang='lat' dir='ltr'><strong>cogitent.</strong></span> 
     </span>
     <span class='ocr_line' id='line_1_13' title="bbox 361 992 1753 1046; baseline -0.001 -14"><span class='ocrx_word' id='word_1_104' title='bbox 361 993 489 1033; x_wconf 88' lang='lat' dir='ltr'><strong>Hosce</strong></span> <span class='ocrx_word' id='word_1_105' title='bbox 509 1007 580 1046; x_wconf 87' lang='lat' dir='ltr'><strong>ego</strong></span> <span class='ocrx_word' id='word_1_106' title='bbox 607 993 717 1031; x_wconf 88' lang='lat' dir='ltr'><strong>video</strong></span> <span class='ocrx_word' id='word_1_107' title='bbox 745 992 891 1036; x_wconf 89' lang='lat' dir='ltr'><strong>consul,</strong></span> <span class='ocrx_word' id='word_1_108' title='bbox 922 1001 959 1029; x_wconf 92' lang='lat' dir='ltr'><strong>et</strong></span> <span class='ocrx_word' id='word_1_109' title='bbox 993 992 1038 1029; x_wconf 90' lang='lat' dir='ltr'><strong>de</strong></span> <span class='ocrx_word' id='word_1_110' title='bbox 1070 992 1268 1045; x_wconf 88' lang='lat' dir='ltr'><strong>republica</strong></span> <span class='ocrx_word' id='word_1_111' title='bbox 1298 992 1523 1031; x_wconf 88' lang='lat' dir='ltr'><strong>sententiam</strong></span> <span class='ocrx_word' id='word_1_112' title='bbox 1551 1006 1667 1046; x_wconf 86' lang='lat' dir='ltr'><strong>rogo:</strong></span> <span class='ocrx_word' id='word_1_113' title='bbox 1699 1002 1753 1037; x_wconf 91' lang='lat' dir='ltr'><strong>et,</strong></span> 
     </span>
     <span class='ocr_line' id='line_1_14' title="bbox 358 1058 1754 1112; baseline -0.001 -14"><span class='ocrx_word' id='word_1_114' title='bbox 358 1073 455 1112; x_wconf 91' lang='lat' dir='ltr'><strong>quos</strong></span> <span class='ocrx_word' id='word_1_115' title='bbox 475 1058 576 1098; x_wconf 87' lang='lat' dir='ltr'><strong>ferro</strong></span> <span class='ocrx_word' id='word_1_116' title='bbox 596 1059 778 1097; x_wconf 86' lang='lat' dir='ltr'><strong>trucidari</strong></span> <span class='ocrx_word' id='word_1_117' title='bbox 801 1058 1017 1111; x_wconf 85' lang='lat' dir='ltr'><strong>oportebat,</strong></span> <span class='ocrx_word' id='word_1_118' title='bbox 1039 1071 1103 1096; x_wconf 91' lang='lat' dir='ltr'><strong>eos</strong></span> <span class='ocrx_word' id='word_1_119' title='bbox 1125 1058 1301 1097; x_wconf 89' lang='lat' dir='ltr'><strong>nondum</strong></span> <span class='ocrx_word' id='word_1_120' title='bbox 1321 1073 1415 1098; x_wconf 93' lang='lat' dir='ltr'><strong>voce</strong></span> <span class='ocrx_word' id='word_1_121' title='bbox 1435 1059 1608 1098; x_wconf 88' lang='lat' dir='ltr'><strong>vulnero.</strong></span> <span class='ocrx_word' id='word_1_122' title='bbox 1631 1059 1754 1098; x_wconf 82' lang='lat' dir='ltr'><strong>Fuisti</strong></span> 
     </span>
     <span class='ocr_line' id='line_1_15' title="bbox 357 1124 1753 1179; baseline -0.001 -15"><span class='ocrx_word' id='word_1_123' title='bbox 357 1126 477 1179; x_wconf 87' lang='lat' dir='ltr'><strong>igitur</strong></span> <span class='ocrx_word' id='word_1_124' title='bbox 516 1125 617 1179; x_wconf 89' lang='lat' dir='ltr'><strong>apud</strong></span> <span class='ocrx_word' id='word_1_125' title='bbox 657 1126 824 1164; x_wconf 83' lang='lat' dir='ltr'><strong>Leccam</strong></span> <span class='ocrx_word' id='word_1_126' title='bbox 864 1124 931 1162; x_wconf 87' lang='lat' dir='ltr'><strong>illa</strong></span> <span class='ocrx_word' id='word_1_127' title='bbox 968 1126 1093 1169; x_wconf 66' lang='lat' dir='ltr'><strong>noste,</strong></span> <span class='ocrx_word' id='word_1_128' title='bbox 1135 1125 1326 1162; x_wconf 83' lang='lat' dir='ltr'><strong>Catilina:</strong></span> <span class='ocrx_word' id='word_1_129' title='bbox 1369 1125 1592 1164; x_wconf 86' lang='lat' dir='ltr'><strong>distribuisti</strong></span> <span class='ocrx_word' id='word_1_130' title='bbox 1630 1134 1753 1179; x_wconf 86' lang='lat' dir='ltr'><strong>partes</strong></span> 
     </span>
     <span class='ocr_line' id='line_1_16' title="bbox 359 1190 1752 1244; baseline -0.001 -13"><span class='ocrx_word' id='word_1_131' title='bbox 359 1192 504 1231; x_wconf 82' lang='lat' dir='ltr'><strong>Italiae:</strong></span> <span class='ocrx_word' id='word_1_132' title='bbox 537 1191 695 1230; x_wconf 88' lang='lat' dir='ltr'><strong>statuisti</strong></span> <span class='ocrx_word' id='word_1_133' title='bbox 714 1205 793 1243; x_wconf 92' lang='lat' dir='ltr'><strong>quo</strong></span> <span class='ocrx_word' id='word_1_134' title='bbox 813 1203 1009 1243; x_wconf 88' lang='lat' dir='ltr'><strong>quemque</strong></span> <span class='ocrx_word' id='word_1_135' title='bbox 1026 1190 1216 1243; x_wconf 88' lang='lat' dir='ltr'><strong>proficisci</strong></span> <span class='ocrx_word' id='word_1_136' title='bbox 1236 1191 1427 1244; x_wconf 88' lang='lat' dir='ltr'><strong>placeret:</strong></span> <span class='ocrx_word' id='word_1_137' title='bbox 1460 1191 1631 1244; x_wconf 86' lang='lat' dir='ltr'><strong>delegisti</strong></span> <span class='ocrx_word' id='word_1_138' title='bbox 1654 1204 1752 1244; x_wconf 89' lang='lat' dir='ltr'><strong>quos</strong></span> 
     </span>
     <span class='ocr_line' id='line_1_17' title="bbox 361 1257 1753 1311; baseline -0.001 -14"><span class='ocrx_word' id='word_1_139' title='bbox 361 1259 500 1297; x_wconf 82' lang='lat' dir='ltr'><strong>Romae</strong></span> <span class='ocrx_word' id='word_1_140' title='bbox 521 1258 765 1310; x_wconf 89' lang='lat' dir='ltr'><strong>relinqueres,</strong></span> <span class='ocrx_word' id='word_1_141' title='bbox 796 1269 893 1309; x_wconf 85' lang='lat' dir='ltr'><strong>quos</strong></span> <span class='ocrx_word' id='word_1_142' title='bbox 914 1265 1046 1295; x_wconf 89' lang='lat' dir='ltr'><strong>tecum</strong></span> <span class='ocrx_word' id='word_1_143' title='bbox 1066 1257 1268 1296; x_wconf 87' lang='lat' dir='ltr'><strong>educeres:</strong></span> <span class='ocrx_word' id='word_1_144' title='bbox 1297 1257 1520 1311; x_wconf 85' lang='lat' dir='ltr'><strong>descripfisti</strong></span> <span class='ocrx_word' id='word_1_145' title='bbox 1540 1258 1644 1296; x_wconf 87' lang='lat' dir='ltr'><strong>urbis</strong></span> <span class='ocrx_word' id='word_1_146' title='bbox 1664 1271 1753 1311; x_wconf 89' lang='lat' dir='ltr'><strong>par-</strong></span> 
     </span>
     <span class='ocr_line' id='line_1_18' title="bbox 361 1322 1755 1376; baseline -0.001 -14"><span class='ocrx_word' id='word_1_147' title='bbox 361 1333 418 1363; x_wconf 82' lang='lat' dir='ltr'><strong>tes</strong></span> <span class='ocrx_word' id='word_1_148' title='bbox 438 1324 484 1362; x_wconf 92' lang='lat' dir='ltr'><strong>ad</strong></span> <span class='ocrx_word' id='word_1_149' title='bbox 504 1323 700 1362; x_wconf 86' lang='lat' dir='ltr'><strong>incendia:</strong></span> <span class='ocrx_word' id='word_1_150' title='bbox 723 1322 971 1368; x_wconf 89' lang='lat' dir='ltr'><strong>confirmasti,</strong></span> <span class='ocrx_word' id='word_1_151' title='bbox 993 1331 1031 1362; x_wconf 91' lang='lat' dir='ltr'><strong>te</strong></span> <span class='ocrx_word' id='word_1_152' title='bbox 1049 1323 1175 1376; x_wconf 91' lang='lat' dir='ltr'><strong>ipsum</strong></span> <span class='ocrx_word' id='word_1_153' title='bbox 1190 1324 1273 1376; x_wconf 90' lang='lat' dir='ltr'><strong>jam</strong></span> <span class='ocrx_word' id='word_1_154' title='bbox 1293 1323 1364 1363; x_wconf 84' lang='lat' dir='ltr'><strong>effe</strong></span> <span class='ocrx_word' id='word_1_155' title='bbox 1383 1324 1602 1363; x_wconf 83' lang='lat' dir='ltr'><strong>exiturum:</strong></span> <span class='ocrx_word' id='word_1_156' title='bbox 1625 1323 1755 1362; x_wconf 84' lang='lat' dir='ltr'><strong>dixisti</strong></span> 
     </span>
     <span class='ocr_line' id='line_1_19' title="bbox 363 1388 1757 1444; baseline -0.001 -16"><span class='ocrx_word' id='word_1_157' title='bbox 363 1389 568 1444; x_wconf 87' lang='lat' dir='ltr'><strong>paululum</strong></span> <span class='ocrx_word' id='word_1_158' title='bbox 587 1389 661 1427; x_wconf 90' lang='lat' dir='ltr'><strong>tibi</strong></span> <span class='ocrx_word' id='word_1_159' title='bbox 681 1388 752 1427; x_wconf 85' lang='lat' dir='ltr'><strong>effe</strong></span> <span class='ocrx_word' id='word_1_160' title='bbox 772 1389 888 1427; x_wconf 89' lang='lat' dir='ltr'><strong>etiam</strong></span> <span class='ocrx_word' id='word_1_161' title='bbox 911 1397 996 1427; x_wconf 91' lang='lat' dir='ltr'><strong>tum</strong></span> <span class='ocrx_word' id='word_1_162' title='bbox 1017 1403 1147 1434; x_wconf 86' lang='lat' dir='ltr'><strong>morae,</strong></span> <span class='ocrx_word' id='word_1_163' title='bbox 1170 1390 1274 1442; x_wconf 90' lang='lat' dir='ltr'><strong>quod</strong></span> <span class='ocrx_word' id='word_1_164' title='bbox 1293 1403 1363 1443; x_wconf 87' lang='lat' dir='ltr'><strong>ego</strong></span> <span class='ocrx_word' id='word_1_165' title='bbox 1383 1390 1562 1429; x_wconf 90' lang='lat' dir='ltr'><strong>viverem.</strong></span> <span class='ocrx_word' id='word_1_166' title='bbox 1594 1389 1757 1442; x_wconf 87' lang='lat' dir='ltr'><strong>Reperti</strong></span> 
     </span>
     <span class='ocr_line' id='line_1_20' title="bbox 364 1455 1758 1508; baseline -0.001 -14"><span class='ocrx_word' id='word_1_167' title='bbox 364 1456 452 1494; x_wconf 90' lang='lat' dir='ltr'><strong>sunt</strong></span> <span class='ocrx_word' id='word_1_168' title='bbox 471 1456 548 1494; x_wconf 91' lang='lat' dir='ltr'><strong>duo</strong></span> <span class='ocrx_word' id='word_1_169' title='bbox 568 1455 715 1508; x_wconf 88' lang='lat' dir='ltr'><strong>equites</strong></span> <span class='ocrx_word' id='word_1_170' title='bbox 737 1455 920 1500; x_wconf 90' lang='lat' dir='ltr'><strong>Romani,</strong></span> <span class='ocrx_word' id='word_1_171' title='bbox 952 1455 1021 1507; x_wconf 91' lang='lat' dir='ltr'><strong>qui</strong></span> <span class='ocrx_word' id='word_1_172' title='bbox 1043 1465 1079 1493; x_wconf 90' lang='lat' dir='ltr'><strong>te</strong></span> <span class='ocrx_word' id='word_1_173' title='bbox 1100 1455 1166 1493; x_wconf 86' lang='lat' dir='ltr'><strong>ista</strong></span> <span class='ocrx_word' id='word_1_174' title='bbox 1185 1469 1275 1493; x_wconf 88' lang='lat' dir='ltr'><strong>cura</strong></span> <span class='ocrx_word' id='word_1_175' title='bbox 1293 1455 1512 1501; x_wconf 89' lang='lat' dir='ltr'><strong>liberarent,</strong></span> <span class='ocrx_word' id='word_1_176' title='bbox 1542 1465 1580 1494; x_wconf 90' lang='lat' dir='ltr'><strong>et</strong></span> <span class='ocrx_word' id='word_1_177' title='bbox 1600 1455 1672 1494; x_wconf 91' lang='lat' dir='ltr'><strong>sese</strong></span> <span class='ocrx_word' id='word_1_178' title='bbox 1692 1455 1758 1493; x_wconf 90' lang='lat' dir='ltr'><strong>illa</strong></span> 
     </span>
     <span class='ocr_line' id='line_1_21' title="bbox 364 1521 1757 1575; baseline -0.001 -15"><span class='ocrx_word' id='word_1_179' title='bbox 364 1522 442 1575; x_wconf 87' lang='lat' dir='ltr'><strong>ipsa</strong></span> <span class='ocrx_word' id='word_1_180' title='bbox 471 1524 581 1560; x_wconf 60' lang='lat' dir='ltr'><strong>noete</strong></span> <span class='ocrx_word' id='word_1_181' title='bbox 611 1522 727 1574; x_wconf 93' lang='lat' dir='ltr'><strong>paulo</strong></span> <span class='ocrx_word' id='word_1_182' title='bbox 757 1530 843 1560; x_wconf 87' lang='lat' dir='ltr'><strong>ante</strong></span> <span class='ocrx_word' id='word_1_183' title='bbox 874 1521 1003 1559; x_wconf 89' lang='lat' dir='ltr'><strong>lucem</strong></span> <span class='ocrx_word' id='word_1_184' title='bbox 1035 1534 1098 1559; x_wconf 92' lang='lat' dir='ltr'><strong>me</strong></span> <span class='ocrx_word' id='word_1_185' title='bbox 1128 1521 1169 1559; x_wconf 89' lang='lat' dir='ltr'><strong>in</strong></span> <span class='ocrx_word' id='word_1_186' title='bbox 1200 1535 1288 1559; x_wconf 89' lang='lat' dir='ltr'><strong>meo</strong></span> <span class='ocrx_word' id='word_1_187' title='bbox 1320 1522 1461 1560; x_wconf 63' lang='lat' dir='ltr'><strong>lectulo</strong></span> <span class='ocrx_word' id='word_1_188' title='bbox 1492 1521 1757 1560; x_wconf 67' lang='lat' dir='ltr'><strong>interfesturos</strong></span> 
     </span>
     <span class='ocr_line' id='line_1_22' title="bbox 365 1587 1758 1640; baseline 0.001 -15"><span class='ocrx_word' id='word_1_189' title='bbox 365 1588 653 1640; x_wconf 86' lang='lat' dir='ltr'><strong>pollicerentur.</strong></span> <span class='ocrx_word' id='word_1_190' title='bbox 685 1588 782 1626; x_wconf 85' lang='lat' dir='ltr'><strong>Haec</strong></span> <span class='ocrx_word' id='word_1_191' title='bbox 808 1601 879 1640; x_wconf 89' lang='lat' dir='ltr'><strong>ego</strong></span> <span class='ocrx_word' id='word_1_192' title='bbox 905 1587 1049 1632; x_wconf 89' lang='lat' dir='ltr'><strong>omnia,</strong></span> <span class='ocrx_word' id='word_1_193' title='bbox 1081 1587 1145 1625; x_wconf 86' lang='lat' dir='ltr'><strong>vix</strong></span> <span class='ocrx_word' id='word_1_194' title='bbox 1172 1587 1266 1625; x_wconf 91' lang='lat' dir='ltr'><strong>dum</strong></span> <span class='ocrx_word' id='word_1_195' title='bbox 1293 1588 1411 1626; x_wconf 90' lang='lat' dir='ltr'><strong>etiam</strong></span> <span class='ocrx_word' id='word_1_196' title='bbox 1430 1597 1535 1626; x_wconf 87' lang='lat' dir='ltr'><strong>coetu</strong></span> <span class='ocrx_word' id='word_1_197' title='bbox 1555 1587 1675 1626; x_wconf 84' lang='lat' dir='ltr'><strong>vestro</strong></span> <span class='ocrx_word' id='word_1_198' title='bbox 1696 1587 1758 1626; x_wconf 90' lang='lat' dir='ltr'><strong>di-</strong></span> 
     </span>
     <span class='ocr_line' id='line_1_23' title="bbox 367 1654 1759 1707; baseline 0 -15"><span class='ocrx_word' id='word_1_199' title='bbox 367 1654 491 1700; x_wconf 79' lang='lat' dir='ltr'><strong>misso,</strong></span> <span class='ocrx_word' id='word_1_200' title='bbox 519 1655 715 1707; x_wconf 89' lang='lat' dir='ltr'><strong>comperi:</strong></span> <span class='ocrx_word' id='word_1_201' title='bbox 749 1654 913 1692; x_wconf 90' lang='lat' dir='ltr'><strong>domum</strong></span> <span class='ocrx_word' id='word_1_202' title='bbox 935 1667 1061 1692; x_wconf 90' lang='lat' dir='ltr'><strong>meam</strong></span> <span class='ocrx_word' id='word_1_203' title='bbox 1083 1654 1293 1706; x_wconf 83' lang='lat' dir='ltr'><strong>majoribus</strong></span> <span class='ocrx_word' id='word_1_204' title='bbox 1313 1655 1493 1707; x_wconf 85' lang='lat' dir='ltr'><strong>praefidiis</strong></span> <span class='ocrx_word' id='word_1_205' title='bbox 1514 1654 1679 1699; x_wconf 88' lang='lat' dir='ltr'><strong>munivi,</strong></span> <span class='ocrx_word' id='word_1_206' title='bbox 1700 1663 1759 1692; x_wconf 91' lang='lat' dir='ltr'><strong>at-</strong></span> 
     </span>
     <span class='ocr_line' id='line_1_24' title="bbox 368 1720 1758 1773; baseline -0.001 -13"><span class='ocrx_word' id='word_1_207' title='bbox 368 1735 443 1773; x_wconf 87' lang='lat' dir='ltr'><strong>que</strong></span> <span class='ocrx_word' id='word_1_208' title='bbox 459 1721 628 1760; x_wconf 89' lang='lat' dir='ltr'><strong>firmavi:</strong></span> <span class='ocrx_word' id='word_1_209' title='bbox 651 1720 793 1759; x_wconf 87' lang='lat' dir='ltr'><strong>exclufi</strong></span> <span class='ocrx_word' id='word_1_210' title='bbox 813 1733 892 1765; x_wconf 89' lang='lat' dir='ltr'><strong>eos,</strong></span> <span class='ocrx_word' id='word_1_211' title='bbox 913 1733 1010 1772; x_wconf 93' lang='lat' dir='ltr'><strong>quos</strong></span> <span class='ocrx_word' id='word_1_212' title='bbox 1028 1729 1071 1758; x_wconf 88' lang='lat' dir='ltr'><strong>tu</strong></span> <span class='ocrx_word' id='word_1_213' title='bbox 1086 1733 1198 1758; x_wconf 91' lang='lat' dir='ltr'><strong>mane</strong></span> <span class='ocrx_word' id='word_1_214' title='bbox 1215 1721 1261 1758; x_wconf 88' lang='lat' dir='ltr'><strong>ad</strong></span> <span class='ocrx_word' id='word_1_215' title='bbox 1282 1734 1345 1758; x_wconf 91' lang='lat' dir='ltr'><strong>me</strong></span> <span class='ocrx_word' id='word_1_216' title='bbox 1365 1720 1569 1758; x_wconf 86' lang='lat' dir='ltr'><strong>salutatum</strong></span> <span class='ocrx_word' id='word_1_217' title='bbox 1592 1720 1758 1766; x_wconf 88' lang='lat' dir='ltr'><strong>miseras,</strong></span> 
     </span>
     <span class='ocr_line' id='line_1_25' title="bbox 368 1786 1760 1840; baseline -0.001 -14"><span class='ocrx_word' id='word_1_218' title='bbox 368 1802 459 1826; x_wconf 90' lang='lat' dir='ltr'><strong>cum</strong></span> <span class='ocrx_word' id='word_1_219' title='bbox 480 1788 539 1826; x_wconf 92' lang='lat' dir='ltr'><strong>illi</strong></span> <span class='ocrx_word' id='word_1_220' title='bbox 561 1788 630 1840; x_wconf 74' lang='lat' dir='ltr'><strong>ipsi</strong></span> <span class='ocrx_word' id='word_1_221' title='bbox 651 1786 848 1831; x_wconf 82' lang='lat' dir='ltr'><strong>venissent,</strong></span> <span class='ocrx_word' id='word_1_222' title='bbox 878 1799 975 1838; x_wconf 92' lang='lat' dir='ltr'><strong>quos</strong></span> <span class='ocrx_word' id='word_1_223' title='bbox 1001 1799 1073 1838; x_wconf 88' lang='lat' dir='ltr'><strong>ego</strong></span> <span class='ocrx_word' id='word_1_224' title='bbox 1094 1786 1176 1837; x_wconf 88' lang='lat' dir='ltr'><strong>jam</strong></span> <span class='ocrx_word' id='word_1_225' title='bbox 1198 1786 1332 1824; x_wconf 89' lang='lat' dir='ltr'><strong>multis</strong></span> <span class='ocrx_word' id='word_1_226' title='bbox 1352 1799 1394 1824; x_wconf 88' lang='lat' dir='ltr'><strong>ac</strong></span> <span class='ocrx_word' id='word_1_227' title='bbox 1422 1786 1582 1825; x_wconf 89' lang='lat' dir='ltr'><strong>summis</strong></span> <span class='ocrx_word' id='word_1_228' title='bbox 1603 1786 1692 1824; x_wconf 87' lang='lat' dir='ltr'><strong>viris</strong></span> <span class='ocrx_word' id='word_1_229' title='bbox 1713 1786 1760 1824; x_wconf 86' lang='lat' dir='ltr'><strong>ad</strong></span> 
     </span>
     <span class='ocr_line' id='line_1_26' title="bbox 370 1850 1274 1904; baseline -0.001 -13"><span class='ocrx_word' id='word_1_230' title='bbox 370 1867 432 1892; x_wconf 90' lang='lat' dir='ltr'><strong>me</strong></span> <span class='ocrx_word' id='word_1_231' title='bbox 453 1853 492 1891; x_wconf 88' lang='lat' dir='ltr'><strong>id</strong></span> <span class='ocrx_word' id='word_1_232' title='bbox 514 1852 698 1904; x_wconf 89' lang='lat' dir='ltr'><strong>temporis</strong></span> <span class='ocrx_word' id='word_1_233' title='bbox 719 1861 898 1890; x_wconf 89' lang='lat' dir='ltr'><strong>venturos</strong></span> <span class='ocrx_word' id='word_1_234' title='bbox 919 1850 990 1889; x_wconf 87' lang='lat' dir='ltr'><strong>esse</strong></span> <span class='ocrx_word' id='word_1_235' title='bbox 1010 1851 1274 1904; x_wconf 74' lang='lat' dir='ltr'><strong>praedixeram.</strong></span> 
     </span>
    </p>

    <p class='ocr_par' dir='ltr' id='par_1_4' title="bbox 371 1917 1766 2497">
     <span class='ocr_line' id='line_1_27' title="bbox 425 1917 1762 1970; baseline -0.001 -14"><span class='ocrx_word' id='word_1_236' title='bbox 425 1918 475 1956; x_wconf 87' lang='lat' dir='ltr'><strong>V.</strong></span> <span class='ocrx_word' id='word_1_237' title='bbox 509 1919 607 1970; x_wconf 83' lang='lat' dir='ltr'><strong>Qae</strong></span> <span class='ocrx_word' id='word_1_238' title='bbox 628 1931 720 1955; x_wconf 87' lang='lat' dir='ltr'><strong>cum</strong></span> <span class='ocrx_word' id='word_1_239' title='bbox 747 1918 799 1955; x_wconf 88' lang='lat' dir='ltr'><strong>ita</strong></span> <span class='ocrx_word' id='word_1_240' title='bbox 819 1917 903 1961; x_wconf 77' lang='lat' dir='ltr'><strong>sint,</strong></span> <span class='ocrx_word' id='word_1_241' title='bbox 937 1917 1118 1962; x_wconf 86' lang='lat' dir='ltr'><strong>Catilina,</strong></span> <span class='ocrx_word' id='word_1_242' title='bbox 1150 1930 1263 1970; x_wconf 86' lang='lat' dir='ltr'><strong>perge</strong></span> <span class='ocrx_word' id='word_1_243' title='bbox 1282 1930 1361 1970; x_wconf 94' lang='lat' dir='ltr'><strong>quo</strong></span> <span class='ocrx_word' id='word_1_244' title='bbox 1381 1917 1553 1970; x_wconf 86' lang='lat' dir='ltr'><strong>coepisti:</strong></span> <span class='ocrx_word' id='word_1_245' title='bbox 1586 1917 1762 1970; x_wconf 87' lang='lat' dir='ltr'><strong>egredere</strong></span> 
     </span>
     <span class='ocr_line' id='line_1_28' title="bbox 371 1983 1764 2036; baseline 0 -15"><span class='ocrx_word' id='word_1_246' title='bbox 371 1983 576 2036; x_wconf 84' lang='lat' dir='ltr'><strong>aliquando</strong></span> <span class='ocrx_word' id='word_1_247' title='bbox 596 1996 643 2021; x_wconf 85' lang='lat' dir='ltr'><strong>ex</strong></span> <span class='ocrx_word' id='word_1_248' title='bbox 665 1983 759 2020; x_wconf 88' lang='lat' dir='ltr'><strong>urbe</strong></span> <span class='ocrx_word' id='word_1_249' title='bbox 777 1998 785 2020; x_wconf 77' lang='lat' dir='ltr'><strong><em>z</em></strong></span> <span class='ocrx_word' id='word_1_250' title='bbox 818 1992 948 2035; x_wconf 87' lang='lat' dir='ltr'><strong>patent</strong></span> <span class='ocrx_word' id='word_1_251' title='bbox 969 1992 1114 2035; x_wconf 83' lang='lat' dir='ltr'><strong>portae3</strong></span> <span class='ocrx_word' id='word_1_252' title='bbox 1146 1983 1397 2035; x_wconf 90' lang='lat' dir='ltr'><strong>proficiscere.</strong></span> <span class='ocrx_word' id='word_1_253' title='bbox 1429 1983 1616 2022; x_wconf 89' lang='lat' dir='ltr'><strong>Nimium</strong></span> <span class='ocrx_word' id='word_1_254' title='bbox 1636 1984 1702 2021; x_wconf 90' lang='lat' dir='ltr'><strong>diu</strong></span> <span class='ocrx_word' id='word_1_255' title='bbox 1727 1993 1764 2022; x_wconf 88' lang='lat' dir='ltr'><strong>te</strong></span> 
     </span>
     <span class='ocr_line' id='line_1_29' title="bbox 372 2048 1764 2103; baseline 0.001 -16"><span class='ocrx_word' id='word_1_256' title='bbox 372 2051 644 2103; x_wconf 82' lang='lat' dir='ltr'><strong>imperatorem</strong></span> <span class='ocrx_word' id='word_1_257' title='bbox 675 2048 740 2086; x_wconf 86' lang='lat' dir='ltr'><strong>illa</strong></span> <span class='ocrx_word' id='word_1_258' title='bbox 773 2059 837 2087; x_wconf 90' lang='lat' dir='ltr'><strong>tua</strong></span> <span class='ocrx_word' id='word_1_259' title='bbox 868 2049 1053 2087; x_wconf 73' lang='lat' dir='ltr'><strong>Malliana</strong></span> <span class='ocrx_word' id='word_1_260' title='bbox 1083 2049 1199 2087; x_wconf 85' lang='lat' dir='ltr'><strong>castra</strong></span> <span class='ocrx_word' id='word_1_261' title='bbox 1225 2049 1451 2088; x_wconf 75' lang='lat' dir='ltr'><strong>desiderant.</strong></span> <span class='ocrx_word' id='word_1_262' title='bbox 1489 2049 1601 2088; x_wconf 90' lang='lat' dir='ltr'><strong>Educ</strong></span> <span class='ocrx_word' id='word_1_263' title='bbox 1633 2059 1764 2089; x_wconf 88' lang='lat' dir='ltr'><strong>tecum</strong></span> 
     </span>
     <span class='ocr_line' id='line_1_30' title="bbox 372 2115 1762 2168; baseline 0.001 -15"><span class='ocrx_word' id='word_1_264' title='bbox 372 2117 489 2154; x_wconf 90' lang='lat' dir='ltr'><strong>etiam</strong></span> <span class='ocrx_word' id='word_1_265' title='bbox 520 2128 655 2154; x_wconf 90' lang='lat' dir='ltr'><strong>omnes</strong></span> <span class='ocrx_word' id='word_1_266' title='bbox 687 2123 800 2159; x_wconf 69' lang='lat' dir='ltr'><strong>tuos,</strong></span> <span class='ocrx_word' id='word_1_267' title='bbox 835 2115 858 2152; x_wconf 90' lang='lat' dir='ltr'><strong>s1</strong></span> <span class='ocrx_word' id='word_1_268' title='bbox 888 2116 1033 2159; x_wconf 88' lang='lat' dir='ltr'><strong>minus,</strong></span> <span class='ocrx_word' id='word_1_269' title='bbox 1065 2128 1183 2167; x_wconf 87' lang='lat' dir='ltr'><strong>quam</strong></span> <span class='ocrx_word' id='word_1_270' title='bbox 1210 2115 1426 2168; x_wconf 87' lang='lat' dir='ltr'><strong>plurimos:</strong></span> <span class='ocrx_word' id='word_1_271' title='bbox 1459 2129 1580 2168; x_wconf 86' lang='lat' dir='ltr'><strong>purga</strong></span> <span class='ocrx_word' id='word_1_272' title='bbox 1610 2116 1762 2156; x_wconf 89' lang='lat' dir='ltr'><strong>urbem.</strong></span> 
     </span>
     <span class='ocr_line' id='line_1_31' title="bbox 374 2180 1764 2234; baseline 0.001 -14"><span class='ocrx_word' id='word_1_273' title='bbox 374 2183 524 2234; x_wconf 85' lang='lat' dir='ltr'><strong>Magno</strong></span> <span class='ocrx_word' id='word_1_274' title='bbox 545 2194 607 2219; x_wconf 90' lang='lat' dir='ltr'><strong>me</strong></span> <span class='ocrx_word' id='word_1_275' title='bbox 629 2189 737 2219; x_wconf 89' lang='lat' dir='ltr'><strong>metu</strong></span> <span class='ocrx_word' id='word_1_276' title='bbox 757 2180 948 2224; x_wconf 81' lang='lat' dir='ltr'><strong>liberabis,</strong></span> <span class='ocrx_word' id='word_1_277' title='bbox 981 2181 1196 2219; x_wconf 88' lang='lat' dir='ltr'><strong>dummodo</strong></span> <span class='ocrx_word' id='word_1_278' title='bbox 1222 2181 1320 2219; x_wconf 88' lang='lat' dir='ltr'><strong>inter</strong></span> <span class='ocrx_word' id='word_1_279' title='bbox 1346 2195 1409 2219; x_wconf 89' lang='lat' dir='ltr'><strong>me</strong></span> <span class='ocrx_word' id='word_1_280' title='bbox 1435 2190 1549 2234; x_wconf 87' lang='lat' dir='ltr'><strong>atque</strong></span> <span class='ocrx_word' id='word_1_281' title='bbox 1574 2191 1610 2220; x_wconf 90' lang='lat' dir='ltr'><strong>te</strong></span> <span class='ocrx_word' id='word_1_282' title='bbox 1631 2196 1764 2221; x_wconf 87' lang='lat' dir='ltr'><strong>murus</strong></span> 
     </span>
     <span class='ocr_line' id='line_1_32' title="bbox 375 2245 1763 2299; baseline 0.001 -15"><span class='ocrx_word' id='word_1_283' title='bbox 375 2246 532 2284; x_wconf 85' lang='lat' dir='ltr'><strong>interfit.</strong></span> <span class='ocrx_word' id='word_1_284' title='bbox 565 2245 785 2283; x_wconf 89' lang='lat' dir='ltr'><strong>Nobiscum</strong></span> <span class='ocrx_word' id='word_1_285' title='bbox 814 2245 946 2283; x_wconf 87' lang='lat' dir='ltr'><strong>versari</strong></span> <span class='ocrx_word' id='word_1_286' title='bbox 968 2247 1049 2297; x_wconf 90' lang='lat' dir='ltr'><strong>jam</strong></span> <span class='ocrx_word' id='word_1_287' title='bbox 1077 2247 1222 2283; x_wconf 88' lang='lat' dir='ltr'><strong>diutius</strong></span> <span class='ocrx_word' id='word_1_288' title='bbox 1251 2259 1327 2284; x_wconf 88' lang='lat' dir='ltr'><strong>non</strong></span> <span class='ocrx_word' id='word_1_289' title='bbox 1355 2255 1490 2299; x_wconf 89' lang='lat' dir='ltr'><strong>potes:</strong></span> <span class='ocrx_word' id='word_1_290' title='bbox 1522 2260 1600 2285; x_wconf 92' lang='lat' dir='ltr'><strong>non</strong></span> <span class='ocrx_word' id='word_1_291' title='bbox 1628 2246 1763 2292; x_wconf 88' lang='lat' dir='ltr'><strong>feram,</strong></span> 
     </span>
     <span class='ocr_line' id='line_1_33' title="bbox 376 2312 1766 2365; baseline 0 -14"><span class='ocrx_word' id='word_1_292' title='bbox 376 2327 452 2351; x_wconf 86' lang='lat' dir='ltr'><strong>non</strong></span> <span class='ocrx_word' id='word_1_293' title='bbox 482 2312 616 2365; x_wconf 90' lang='lat' dir='ltr'><strong>patiar,</strong></span> <span class='ocrx_word' id='word_1_294' title='bbox 647 2325 725 2350; x_wconf 91' lang='lat' dir='ltr'><strong>non</strong></span> <span class='ocrx_word' id='word_1_295' title='bbox 752 2312 883 2350; x_wconf 86' lang='lat' dir='ltr'><strong>finam.</strong></span> <span class='ocrx_word' id='word_1_296' title='bbox 917 2312 1063 2364; x_wconf 87' lang='lat' dir='ltr'><strong>Magna</strong></span> <span class='ocrx_word' id='word_1_297' title='bbox 1091 2313 1178 2350; x_wconf 86' lang='lat' dir='ltr'><strong>Diis</strong></span> <span class='ocrx_word' id='word_1_298' title='bbox 1207 2313 1492 2351; x_wconf 88' lang='lat' dir='ltr'><strong>immortalibus</strong></span> <span class='ocrx_word' id='word_1_299' title='bbox 1520 2312 1694 2351; x_wconf 87' lang='lat' dir='ltr'><strong>habenda</strong></span> <span class='ocrx_word' id='word_1_300' title='bbox 1713 2313 1766 2351; x_wconf 91' lang='lat' dir='ltr'><strong>est</strong></span> 
     </span>
     <span class='ocr_line' id='line_1_34' title="bbox 377 2376 1766 2430; baseline 0.001 -15"><span class='ocrx_word' id='word_1_301' title='bbox 377 2378 507 2430; x_wconf 79' lang='lat' dir='ltr'><strong>gratia,</strong></span> <span class='ocrx_word' id='word_1_302' title='bbox 538 2387 652 2430; x_wconf 90' lang='lat' dir='ltr'><strong>atque</strong></span> <span class='ocrx_word' id='word_1_303' title='bbox 679 2376 771 2415; x_wconf 88' lang='lat' dir='ltr'><strong>huic</strong></span> <span class='ocrx_word' id='word_1_304' title='bbox 800 2377 868 2430; x_wconf 88' lang='lat' dir='ltr'><strong>ips1</strong></span> <span class='ocrx_word' id='word_1_305' title='bbox 895 2378 981 2428; x_wconf 89' lang='lat' dir='ltr'><strong>Jovi</strong></span> <span class='ocrx_word' id='word_1_306' title='bbox 1011 2379 1164 2422; x_wconf 87' lang='lat' dir='ltr'><strong>Statori,</strong></span> <span class='ocrx_word' id='word_1_307' title='bbox 1195 2377 1458 2430; x_wconf 74' lang='lat' dir='ltr'><strong>antiquissimo</strong></span> <span class='ocrx_word' id='word_1_308' title='bbox 1484 2378 1631 2417; x_wconf 91' lang='lat' dir='ltr'><strong>custodi</strong></span> <span class='ocrx_word' id='word_1_309' title='bbox 1651 2377 1766 2429; x_wconf 84' lang='lat' dir='ltr'><strong>hujus</strong></span> 
     </span>
     <span class='ocr_line' id='line_1_35' title="bbox 380 2442 1765 2497; baseline 0.001 -16"><span class='ocrx_word' id='word_1_310' title='bbox 380 2443 497 2488; x_wconf 77' lang='lat' dir='ltr'><strong>urbis,</strong></span> <span class='ocrx_word' id='word_1_311' title='bbox 519 2443 621 2496; x_wconf 90' lang='lat' dir='ltr'><strong>quod</strong></span> <span class='ocrx_word' id='word_1_312' title='bbox 643 2442 741 2482; x_wconf 82' lang='lat' dir='ltr'><strong>hanc</strong></span> <span class='ocrx_word' id='word_1_313' title='bbox 764 2452 841 2482; x_wconf 87' lang='lat' dir='ltr'><strong>tam</strong></span> <span class='ocrx_word' id='word_1_314' title='bbox 864 2452 1013 2490; x_wconf 86' lang='lat' dir='ltr'><strong>tetram,</strong></span> <span class='ocrx_word' id='word_1_315' title='bbox 1038 2452 1114 2482; x_wconf 85' lang='lat' dir='ltr'><strong>tam</strong></span> <span class='ocrx_word' id='word_1_316' title='bbox 1136 2442 1378 2490; x_wconf 87' lang='lat' dir='ltr'><strong>horribilem,</strong></span> <span class='ocrx_word' id='word_1_317' title='bbox 1401 2453 1557 2497; x_wconf 88' lang='lat' dir='ltr'><strong>tamque</strong></span> <span class='ocrx_word' id='word_1_318' title='bbox 1576 2442 1765 2489; x_wconf 89' lang='lat' dir='ltr'><strong>infestam,</strong></span> 
     </span>
    </p>
   </div>
  </div>
 </body>
</html>
