2212 2835
385 177 434 202 20
881 163 1277 201 ORATIO

383 259 623 311 cujusquam,
650 258 836 309 Qirites,
859 258 1066 296 inimicum
1087 259 1271 303 edictum,
1290 271 1368 311 quo
1389 257 1533 303 minus,
1555 257 1674 296 fretus
1697 271 1767 296 vo-

385 325 458 369 bis,
480 325 644 362 vestrum
659 325 723 375 jus
744 323 1055 378 beneficiumque
1075 324 1277 362 defendam
1295 339 1305 362 τ
1337 337 1473 376 neque,
1494 332 1627 376 praeter
1646 323 1767 361 inter-

384 390 601 434 ceffionem,
624 389 837 441 quidquam
858 390 1035 435 audiam;
1068 391 1113 428 de
1132 404 1219 442 qua,
1243 398 1284 428 ut
1304 390 1477 434 arbitror,
1508 389 1568 427 isti
1593 389 1677 442 ipfi,
1699 388 1768 440 qui

384 455 596 499 minantur,
618 456 734 493 etiam
755 464 869 507 atque
889 455 1018 501 etiam,
1041 456 1109 508 qui
1129 456 1168 493 id
1187 455 1313 500 liceat,
1341 455 1643 494 confiderabunt.
1676 454 1768 491 Mea

384 521 542 572 quidem
562 520 759 565 sententia,
775 521 960 571 Qirites,
983 534 1080 559 unus
1098 523 1147 559 A.
1165 522 1370 566 Gabinius,
1389 521 1480 559 belli
1501 519 1688 558 maritimi
1708 532 1766 556 re-

385 600 550 638 rumque
570 586 757 638 gestarum
775 589 916 632 auctor,
933 600 1061 625 comes
1079 588 1153 625 Cn.
1171 588 1356 640 Pompeio
1376 587 1601 624 adscribitur
1618 600 1627 623 ε
1650 599 1766 638 prop-

384 661 485 689 terea
504 652 608 704 quod
628 652 721 690 alter
737 653 805 690 uni
825 652 864 689 id
884 653 1031 691 bellum
1048 652 1329 705 suscipiendum
1346 652 1473 691 vestris
1494 651 1679 705 suffragiis
1700 651 1767 688 de-

386 719 476 757 tulit
491 737 504 763 3
535 719 628 756 alter
648 718 819 756 delatum
839 719 1132 772 susceptumque
1151 718 1332 758 confecit.

439 785 531 821 XX.
563 784 778 836 Reliquum
809 784 874 829 est,
907 794 950 822 ut
970 785 1016 822 de
1037 785 1248 836 QCatuli
1278 785 1498 823 au&oritate
1528 792 1566 822 et
1586 783 1770 822 sententia

385 850 594 888 dicendum
616 849 685 887 effe
704 850 888 888 videatur.
921 851 1016 902 Qi,
1051 864 1142 888 cum
1163 864 1210 888 ex
1229 851 1338 889 vobis
1358 859 1554 903 quaereret‚
1574 850 1603 888 fi·
1620 851 1660 888 in
1690 862 1769 887 uno

386 918 462 955 Cn.
483 917 670 969 Pompeio
689 917 820 955 omnia
839 918 1044 970 poneretis,
1077 917 1102 954 fi
1123 918 1217 969 quid
1237 931 1281 956 eo
1301 917 1447 955 factum
1481 917 1583 961 effet,
1617 917 1658 954 in
1691 928 1768 967 quo

384 982 490 1034 spem
517 982 636 1020 effetis
667 981 863 1026 habituri3
895 983 998 1034 cepit
1028 996 1216 1034 magnum
1236 982 1309 1019 suae
1339 983 1491 1020 virtutis
1522 980 1693 1019 fructum
1724 993 1767 1017 ac

384 1047 597 1100 dignitati8‚
619 1061 711 1085 cum
731 1060 864 1085 omnes
885 1060 1003 1099 prope
1022 1060 1097 1085 una
1116 1060 1221 1092 voce,
1236 1047 1273 1085 in
1292 1061 1327 1085 eo
1347 1048 1415 1100 zpso
1435 1061 1497 1085 vos
1502 1046 1603 1099 spem
1618 1046 1767 1085 habitu-

383 1128 441 1152 ros
459 1113 531 1167 effi,
549 1113 709 1151 dixistis.
732 1112 891 1150 Etenim
911 1112 997 1149 talis
1010 1112 1063 1150 est
1082 1112 1152 1157 vir,
1171 1120 1214 1150 ut
1229 1112 1336 1150 nulla
1354 1125 1411 1150 res
1432 1121 1535 1150 tanta
1555 1112 1612 1157 fit,
1626 1121 1770 1150 actam

382 1179 567 1225 difficilis,
584 1192 703 1232 quam
722 1177 788 1216 ille
808 1191 885 1216 non
905 1186 942 1216 et
962 1177 1119 1216 confilio
1140 1191 1281 1230 regere,
1303 1187 1341 1216 et
1361 1177 1578 1230 integritate
1598 1178 1709 1223 tueri,
1730 1185 1770 1215 et

383 1246 525 1285 virtute
544 1245 746 1290 conficere,
767 1245 892 1298 poffit.
925 1245 996 1283 Sed
1016 1245 1057 1283 in
1087 1244 1163 1283 hoc
1193 1244 1274 1298 ipso
1299 1245 1346 1283 ab
1366 1258 1410 1283 eo
1440 1243 1769 1282 vehementiffime

385 1311 573 1357 dissentio,
588 1311 705 1363 quod,
721 1324 799 1363 quo
819 1311 948 1348 minus
969 1320 1070 1348 certa
1088 1310 1139 1348 est
1157 1309 1364 1348 hominum
1380 1324 1422 1348 ac
1443 1310 1572 1348 minus
1588 1310 1770 1347 diuturna

384 1380 474 1423 vita,
496 1378 571 1416 hoc
591 1378 712 1429 magis
732 1376 956 1430 respublica,
978 1377 1073 1415 dum
1093 1391 1160 1429 per
1179 1378 1284 1415 Deos
1304 1377 1543 1416 immortales
1563 1376 1668 1421 licet,
1691 1375 1772 1413 frui

385 1446 498 1483 debet
517 1444 660 1482 summi
680 1441 852 1481 hominis
873 1443 949 1481 vita
969 1452 1082 1495 atque
1102 1444 1254 1483 virtute.

440 1513 495 1550 At
515 1512 620 1549 enim
640 1509 739 1548 nihil
761 1510 850 1547 novi
870 1509 935 1546 fiat
955 1518 1087 1547 contra
1104 1510 1281 1563 exempla
1310 1518 1425 1562 atque
1455 1510 1626 1548 instituta
1645 1510 1768 1560 majo-

385 1591 485 1615 rum.
509 1577 603 1615 Non
620 1576 706 1613 dico
725 1574 800 1613 hoc
821 1575 920 1619 loco,
937 1575 1097 1626 majores
1115 1576 1259 1614 nostros
1275 1575 1421 1628 semper
1440 1576 1480 1614 in
1501 1589 1592 1628 pace
1607 1575 1767 1612 consue-

386 1643 524 1687 tudini,
544 1643 583 1679 in
605 1641 708 1679 bello
724 1641 896 1685 utilitati,
918 1640 1104 1693 paruiss‘e5
1128 1641 1274 1693 semper
1289 1641 1335 1679 ad
1351 1655 1468 1680 novos
1490 1641 1592 1680 casus
1615 1650 1768 1691 tempo-

385 1722 471 1746 rum
498 1721 685 1746 novorum
707 1706 952 1744 confiliorum
974 1706 1136 1744 rationes
1166 1706 1467 1744 accommodasse
1485 1722 1494 1745 :
1513 1694 1604 1744 Vnon
1624 1706 1767 1750 dicam,

385 1776 462 1812 duo
482 1774 582 1811 bella
602 1773 785 1816 maxima,
808 1773 1001 1810 Punicum
1023 1781 1061 1810 et
1082 1772 1344 1825 Hispaniense,
1376 1773 1423 1810 ab
1444 1787 1521 1811 uno
1541 1773 1768 1825 imperatore

384 1841 454 1879 effe
474 1839 674 1884 confectam
697 1839 788 1876 duas
807 1838 916 1877 urbes
936 1838 1225 1891 potentiffimas,
1244 1853 1327 1891 quae
1347 1838 1440 1877 huic
1456 1840 1620 1892 imperio
1641 1838 1767 1876 maxi-

384 1920 447 1945 me
468 1906 726 1949 minabantur,
744 1903 1017 1957 Carthaginem
1037 1914 1150 1957 atque
1166 1905 1437 1950 Numantiam,
1460 1905 1506 1943 ab
1527 1905 1661 1943 eodem
1683 1904 1766 1942 Sci-

384 1975 498 2025 pione
517 1972 588 2010 effe
608 1971 771 2009 deletas:
795 1984 870 2009 non
891 1972 1219 2016 commemorabo,
1242 1985 1362 2023 nuper
1382 1972 1433 2009 ita
1448 1971 1557 2010 vobis
1577 1970 1767 2023 patribus-

386 2052 461 2091 que
482 2037 609 2075 vestris
629 2036 699 2074 effe
718 2036 858 2080 visum,
891 2046 933 2074 ut
952 2037 992 2074 in
1015 2050 1092 2074 uno
1115 2038 1162 2075 C.
1185 2037 1314 2074 Mario
1334 2037 1413 2089 spes
1434 2037 1585 2089 imperii
1607 2050 1767 2088 ponere-

385 2115 460 2148 tur,
501 2113 542 2140 ut
572 2103 673 2140 idem
707 2116 798 2140 cum
826 2101 1031 2154 Jugurtha,
1063 2102 1166 2139 idem
1199 2116 1289 2140 cum
1323 2103 1509 2147 Cimbris,
1540 2103 1643 2140 idem
1675 2116 1768 2141 cum

385 2170 620 2213 Theutonis,
642 2168 790 2207 bellurn
809 2168 1082 2206 administraret
1101 2183 1109 2206 ε
1143 2168 1181 2206 in
1202 2169 1282 2221 ipso
1303 2170 1378 2206 Cn.
1402 2169 1601 2221 Pompeio,
1624 2169 1662 2206 in
1690 2183 1769 2221 quo

386 2237 476 2275 novi
493 2235 673 2274 constitui
692 2233 789 2272 nihil
808 2234 890 2272 vult
907 2234 1153 2284 QCatulus,
1178 2248 1294 2286 quam
1312 2235 1435 2273 multa
1451 2235 1522 2273 smt
1538 2249 1647 2280 nova,
1661 2234 1767 2272 sum-

386 2317 446 2341 ma
469 2301 598 2340 Catuli
619 2300 813 2339 voluntate
833 2300 1049 2345 constituta,
1072 2300 1338 2338 recordamini.

441 2367 553 2404 XXI.
587 2366 694 2417 Qid
714 2366 819 2403 enim
840 2374 918 2403 tam
949 2378 1109 2409 novum,
1136 2378 1253 2417 quam
1277 2365 1618 2410 adolescentulum,
1640 2365 1766 2417 priva-

386 2443 484 2476 tum,
507 2432 717 2470 exercitum
735 2430 884 2469 difficili
907 2431 1125 2483 reipublicae
1146 2440 1316 2484 ternpore
1335 2430 1552 2470 conficere?
1574 2429 1766 2468 confecit:
