2212 2835
682 207 817 245 PRO
878 210 927 244 A.
989 205 1398 245 CLUENTIQ
1693 211 1740 262 83

348 305 414 349 est,
448 305 627 358 injuriam
661 304 702 342 in
732 305 948 342 calamitate
979 305 1059 356 ejus
1091 305 1138 342 ab
1170 304 1284 358 hujus
1319 305 1468 344 familia
1499 305 1638 345 factam
1673 307 1744 345 effe

350 372 510 410 dixistis.
544 372 608 410 Ab
629 371 738 409 nullo
757 371 823 415 ille
840 371 1048 415 liberalius,
1067 384 1184 422 quam
1205 385 1225 408 a
1246 372 1444 417 Cluentio,
1468 375 1645 411 traftatus
1665 374 1741 412 est:

349 436 466 489 hujus
494 437 609 475 illum
639 449 728 488 opes
758 436 798 473 in
830 436 942 473 rebus
976 436 1055 487 ejus
1087 436 1350 474 incommodis
1382 437 1652 478 sublevarunt:
1685 449 1744 477 at-

350 518 425 556 que
441 504 525 541 hoc
540 516 632 541 cum
653 502 745 556 ipse,
774 512 860 540 tum
881 515 1016 540 omnes
1037 503 1118 556 ejus
1139 503 1269 548 amici,
1292 504 1575 557 neceffariique,
1596 519 1743 559 cogno-

350 575 499 608 verunt.

404 636 563 674 Ancarii
597 645 635 674 et
656 637 795 675 Paceni
826 636 1037 690 pastoribus
1068 636 1184 689 hujus
1216 637 1395 676 villicum
1426 638 1507 676 vim
1541 647 1579 676 et
1610 652 1744 677 manus

351 703 528 742 attuliffe.
561 704 666 743 Cum
688 704 864 755 quaedam
885 704 925 742 in
953 704 1134 749 collibus,
1158 713 1200 742 ut
1219 704 1328 750 solet,
1350 705 1602 743 controverfia
1621 705 1744 758 pasto-

350 783 438 808 rum
459 769 548 808 effet
567 779 676 814 orta;
709 769 818 808 Aviti
840 770 963 808 villici
990 784 1071 808 rem
1093 771 1258 816 domini,
1280 780 1318 809 et
1343 772 1530 824 privatam
1555 772 1746 825 poffeffio-

351 849 456 881 nem,
479 835 747 874 defenderunt.
780 837 884 874 Cum
915 836 1004 875 effet
1024 836 1277 890 expostulatio
1296 836 1407 882 faeta,
1439 838 1548 876 causa
1571 838 1647 877 illis
1679 839 1746 877 de-

353 903 585 948 monstrata5
618 903 695 941 fine
709 903 860 956 judicio
880 904 1212 957 controversiaque
1233 904 1433 944 disceffum
1455 906 1520 944 est.

408 971 453 1008 P.
477 969 573 1007 AElii
594 969 820 1007 testamento
839 971 1080 1022 propinquus
1111 970 1361 1010 exheredatus
1394 986 1487 1010 cum
1507 972 1609 1018 effet,
1640 972 1747 1012 heres

352 1034 419 1074 hic
450 1035 608 1073 alienior
627 1035 823 1073 institutus
855 1035 919 1074 est.
953 1037 997 1074 P.
1013 1036 1141 1075 AElius
1162 1037 1272 1075 Aviti
1301 1038 1440 1076 merito
1470 1037 1591 1076 fecit:
1624 1052 1750 1091 neque

353 1101 419 1140 hic
439 1102 479 1140 in
500 1101 726 1140 testamento
742 1100 918 1139 faciendo
937 1102 1116 1140 interfuit
1134 1119 1142 1141 :
1175 1103 1292 1154 idque
1312 1104 1583 1143 testamentum
1604 1105 1650 1143 ab
1671 1105 1749 1144 hu·-

348 1169 412 1221 jus
433 1169 596 1206 inImico
618 1167 839 1220 Oppianico
860 1167 913 1206 est
932 1168 1190 1221 obsignatum.
1223 1169 1356 1208 Florio
1379 1170 1550 1223 legatum
1570 1185 1617 1210 ex
1638 1172 1750 1211 testa-

353 1244 500 1279 mento,
533 1233 744 1272 infitiatum
774 1234 858 1272 effe.
894 1235 988 1273 Non
1009 1235 1062 1273 est
1082 1235 1160 1274 ita:
1193 1235 1256 1274 sed
1276 1249 1367 1275 curn
1390 1237 1481 1275 H-S
1505 1251 1593 1276 xxx
1614 1238 1752 1291 scripta

353 1300 484 1345 effent,
514 1313 585 1353 pro
606 1300 699 1338 H-S
723 1312 822 1345 cce,
854 1313 981 1353 neque
1004 1301 1040 1339 ei
1060 1301 1145 1339 satis
1172 1311 1333 1340 cautum
1361 1302 1578 1349 videretur;
1611 1304 1750 1350 voluit,

354 1381 445 1406 eum
467 1366 613 1420 aliquid
632 1375 837 1420 acceptum
858 1366 994 1405 referre
1014 1368 1236 1407 liberalitati
1255 1368 1342 1407 suae.
1371 1370 1504 1408 Primo
1524 1370 1661 1409 debere
1682 1385 1752 1409 ne·-

353 1433 484 1486 gavit3
526 1432 611 1486 post
641 1432 718 1470 fine
751 1433 1005 1472 controverfia
1036 1434 1161 1473 solvit.
1200 1435 1310 1473 Caelii
1341 1435 1539 1488 cujusdam
1569 1437 1752 1475 Samnitis

355 1513 515 1539 uxorem
549 1499 631 1552 post
666 1499 816 1538 bellum
850 1500 898 1538 ab
931 1499 1007 1538 hoc
1043 1500 1113 1538 effe
1146 1502 1363 1554 repetitam.
1412 1503 1623 1542 Mulierem
1659 1517 1751 1542 cum

355 1565 503 1604 emiffet
536 1567 582 1603 de
613 1564 835 1611 sectoribus,
867 1579 945 1618 quo
977 1575 1151 1619 tempore
1182 1580 1266 1605 eam
1289 1568 1462 1620 primurn
1489 1569 1650 1608 liberam
1682 1571 1752 1609 effe

356 1632 526 1676 audivit,
557 1631 633 1679 fine
658 1631 810 1683 judicio
838 1632 1005 1671 reddidit
1037 1634 1172 1672 Caelio.
1217 1634 1392 1672 Ennium
1426 1634 1496 1672 esse
1527 1637 1749 1688 quendam,

356 1699 465 1751 cujus
499 1698 599 1736 bona
625 1706 749 1736 teneat
769 1699 924 1738 Avitus.
958 1699 1025 1737 Est
1055 1699 1122 1738 hic
1151 1700 1302 1739 Ennius
1334 1715 1448 1753 egens
1480 1702 1654 1754 quidam,
1686 1717 1752 1741 ca-

357 1765 581 1809 lumniator,
613 1765 871 1803 mercenarius
895 1766 1119 1819 Oppianici,
1152 1767 1220 1819 qui
1251 1769 1464 1820 permultos
1491 1782 1609 1806 annos
1638 1770 1750 1822 quie-

356 1832 440 1877 vit3
472 1831 608 1870 deinde
639 1831 846 1884 aliquando
877 1846 969 1870 cum
1004 1833 1109 1871 servo
1139 1834 1249 1872 Aviti
1285 1833 1380 1873 furti
1411 1835 1517 1888 egit,
1550 1850 1671 1889 nuper
1706 1837 1752 1875 ab

357 1899 437 1951 ipso
457 1899 579 1937 Avito
598 1907 726 1950 petere
747 1899 880 1952 coepit.
914 1900 995 1938 Hic
1016 1900 1085 1938 illo
1113 1901 1260 1953 privato
1274 1901 1438 1953 judicio,
1472 1902 1573 1940 mihi
1594 1903 1751 1949 credite,

358 1964 467 2002 nobis
487 1963 622 2002 iisdem
641 1962 792 2002 fortaffe
814 1965 998 2017 patronis,
1029 1965 1266 2005 calumniam
1301 1981 1378 2006 non
1410 1967 1583 2021 effugiet.
1620 1970 1753 2021 Atque

358 2029 489 2074 etiam,
521 2040 564 2068 ut
593 2030 705 2068 nobis
737 2031 990 2076 renuntiatur,
1039 2030 1243 2071 hominem
1282 2033 1497 2072 multorum
1538 2033 1751 2087 hospitum,

360 2097 411 2134 A.
445 2096 633 2134 Binnium
665 2097 874 2148 quendam,
907 2111 1123 2151 cauponem
1153 2099 1200 2137 de
1233 2100 1293 2137 via
1319 2100 1471 2144 Latina,
1504 2100 1749 2146 subornatis;

359 2163 427 2213 qui
457 2163 527 2200 fibi
556 2177 577 2201 a
598 2163 797 2209 Cluentio,
830 2164 1016 2218 servisque
1035 2167 1131 2218 ejus,
1163 2166 1202 2204 in
1224 2167 1377 2205 taberna
1395 2167 1458 2205 sua
1489 2182 1625 2206 manus
1657 2169 1749 2205 alla-

359 2238 413 2265 tas
443 2228 513 2266 effe
544 2229 658 2267 dicat.
692 2230 785 2281 Qo
815 2230 862 2268 de
892 2229 1053 2270 homine
1083 2231 1183 2270 nihil
1214 2233 1330 2271 etiam
1362 2247 1466 2272 nunc
1487 2235 1611 2272 dicere
1640 2235 1750 2271 nobis

359 2294 411 2332 est
431 2294 589 2332 neceffe.
621 2296 658 2333 Si
678 2296 909 2342 invitaverit,
942 2298 982 2336 id
1002 2299 1111 2351 quod
1136 2299 1243 2345 solet,
1275 2300 1324 2338 iic
1349 2299 1552 2338 hominem
1585 2300 1749 2352 accipie-

360 2375 461 2406 mus,
495 2370 537 2398 ut
568 2361 725 2399 moleste
759 2362 868 2408 ferat,
901 2364 935 2402 se
969 2365 1015 2403 de
1049 2366 1108 2403 via
1142 2365 1341 2404 deceffisse.
1374 2367 1554 2411 Habetis,
1576 2366 1748 2416 Judices,

359 2439 444 2480 quae
464 2428 502 2466 in
524 2437 645 2466 totam
667 2428 784 2466 vitam
806 2430 852 2467 de
873 2431 1046 2470 moribus
1068 2435 1118 2470 A.
1143 2433 1331 2476 Cluentii,
1363 2446 1480 2484 quem
1501 2432 1560 2469 illi
1581 2433 1749 2471 invidio-

359 2493 443 2532 sum
464 2506 573 2532 reum
606 2492 743 2532 volunt
763 2492 846 2539 esse,
878 2508 995 2534 annos
1016 2499 1102 2535 octo
1124 2497 1298 2534 meditati
1327 2496 1558 2535 accusatores
1580 2497 1749 2551 college-

1361 2564 1395 2601 L
1428 2576 1449 2601 2
