2212 2835
495 177 576 230 436
993 168 1397 208 ORATIO

551 274 624 312 IV.
655 275 721 311 Tu
744 271 1038 315 continentiam,
1061 280 1104 308 tu
1123 268 1364 314 industriam,
1384 276 1428 308 tu
1447 267 1624 305 animum
1645 267 1684 305 in
1705 267 1892 320 rempub-

496 341 625 385 licam,
658 349 700 377 tu
721 339 919 383 virtutem,
951 347 994 375 tu
1015 336 1296 380 innocentiam,
1327 344 1369 373 tu
1397 334 1529 379 fidem,
1559 343 1602 372 tu
1624 334 1768 372 labores
1790 342 1892 378 tuos,

494 408 601 460 quod
621 407 739 445 aedilis
761 419 841 444 non
861 405 905 443 fis
926 403 1063 450 festius,
1093 402 1230 442 faustos
1251 401 1336 447 effe,
1359 410 1397 440 et
1416 402 1596 453 abjectos,
1620 409 1658 439 et
1677 400 1893 453 repudiatos

494 474 636 528 putas?
669 473 769 510 Vide
790 471 945 510 tandem
963 500 974 517 ‚
1007 470 1216 509 Laterenfis
1235 499 1245 515 ,
1276 478 1467 522 quantum
1491 481 1510 506 a
1533 478 1571 506 te
1592 467 1822 506 dissentiam.
1855 466 1895 505 Si

494 540 646 579 medius
678 539 793 578 fidius
823 539 958 577 decem
991 538 1059 576 soli
1089 536 1207 575 effent
1238 536 1278 574 in
1306 536 1461 574 civitate
1489 535 1561 573 viri
1594 535 1712 579 boni,
1743 534 1893 588 sapien-

496 617 566 652 tes,
592 606 698 660 justi,
729 619 873 659 graves,
905 605 974 658 qui
1001 613 1038 642 te
1064 603 1273 656 indignum
1299 600 1774 655 aedilitatejudicaviffent‚
1805 613 1893 654 gra-

495 675 579 712 vius
599 673 646 711 de
668 682 705 710 te
720 671 941 724 judicatum
961 679 1137 723 putarem
1152 699 1165 715 ,
1194 683 1312 722 quam
1333 669 1385 707 est
1405 668 1481 706 hoc
1493 697 1504 714 ,
1536 668 1641 721 quod
1662 677 1705 706 tu
1724 666 1866 705 metuis
1879 694 1893 712 ,

495 753 544 778 ne
565 753 585 777 a
611 738 758 792 populo
777 737 998 790 judicatum
1026 735 1097 774 effe
1122 736 1309 774 videatur.
1341 735 1437 774 Non
1463 735 1568 774 enim
1595 734 1767 773 comitiis
1782 733 1892 786 judi-

495 816 557 845 cat
576 807 726 859 semper
745 804 913 858 populus
931 832 943 849 ,
974 803 1036 841 sed
1056 811 1233 841 movetur
1254 801 1484 854 plerumque
1503 801 1624 853 gratia
1638 819 1651 846 3
1682 801 1785 838 cedit
1805 813 1894 853 pre-

492 873 602 912 cibus
618 891 631 918 3
662 871 757 910 facit
776 884 856 916 eos,
885 884 907 909 a
926 869 1070 923 quibus
1090 869 1143 907 est
1162 868 1334 907 maxime
1352 867 1522 906 ambitus
1540 882 1550 906 :
1582 867 1764 919 denique,
1785 865 1811 904 fi
1826 867 1895 918 ju-

496 940 599 979 dicat
616 968 627 984 ,
658 952 737 978 non
763 937 914 976 delectu
934 937 1066 990 aliquo
1085 945 1151 975 aut
1170 935 1352 989 sapientia
1371 935 1528 973 ducitur
1546 933 1593 972 ad
1607 932 1865 987 judicandum
1881 961 1896 978 ,

495 1007 560 1046 sed
594 1007 746 1060 impetu
780 1017 1078 1057 nonnunquam,
1115 1013 1153 1042 et
1187 1002 1354 1056 quadam
1388 1003 1505 1041 etiam
1540 1001 1768 1040 temeritate.
1800 1000 1898 1039 Non

495 1075 548 1113 est
580 1074 686 1112 enim
721 1073 926 1112 confilium
962 1072 1002 1110 in
1036 1071 1169 1125 vulgo,
1200 1084 1278 1110 non
1312 1070 1423 1116 ratio,
1453 1083 1533 1108 non
1563 1068 1786 1114 discrimen,
1816 1081 1897 1106 non

495 1142 720 1195 diligentia:
750 1141 976 1193 semperque
991 1139 1178 1193 sapientes
1198 1152 1255 1184 ea,
1287 1151 1371 1190 quae
1391 1137 1557 1190 populus
1578 1134 1736 1181 fecifl'et,
1767 1134 1896 1173 feren-

497 1209 555 1254 da,
579 1222 657 1247 non
679 1207 825 1260 semper
844 1206 1045 1251 laudanda,
1067 1206 1276 1244 duxerunt.
1309 1205 1451 1255 Qare‚
1473 1217 1566 1245 cum
1588 1211 1625 1241 te
1644 1201 1795 1240 aedilem
1813 1201 1898 1240 fieri

497 1274 702 1328 oportuisse
723 1274 832 1318 dicis,
864 1273 1000 1325 populi
1019 1273 1191 1324 culpam,
1223 1285 1299 1309 non
1322 1270 1603 1323 competitoris,
1635 1268 1799 1307 accusaS.

552 1344 605 1380 At
638 1340 755 1379 fueris
787 1340 954 1392 dignior,
986 1352 1103 1391 quam
1136 1338 1344 1376 Plancius:
1376 1337 1422 1374 de
1454 1350 1533 1389 quo
1564 1336 1645 1388 ipso
1675 1336 1729 1373 ita
1763 1343 1894 1373 tecum

498 1408 729 1447 contendam
752 1406 866 1459 paulo
887 1405 982 1458 post,
1016 1414 1058 1442 ut
1081 1404 1302 1442 conservem
1323 1403 1553 1456 dignitatem
1576 1411 1682 1440 tuam
1701 1416 1710 1440 ε
1743 1401 1819 1446 sed,
1852 1409 1897 1439 ut

497 1473 613 1512 fueris
635 1473 788 1526 dignior
802 1500 812 1516 ,
845 1485 922 1509 non
943 1470 1179 1523 competitor
1195 1498 1206 1514 ,
1238 1482 1258 1506 a
1278 1482 1356 1521 quo
1376 1482 1414 1506 es
1435 1469 1557 1506 victus
1576 1497 1589 1512 ,
1618 1467 1680 1505 sed
1700 1467 1866 1520 populus
1881 1495 1897 1511 ,

497 1556 517 1579 a
537 1554 615 1593 quo
636 1553 674 1578 es
695 1537 906 1592 praeteritus
925 1566 938 1582 ,
968 1537 1008 1575 in
1035 1536 1150 1589 culpa
1174 1535 1237 1574 est.
1285 1536 1331 1573 ln
1352 1548 1431 1588 quo
1456 1534 1630 1588 primum
1652 1534 1750 1572 illud
1781 1533 1897 1571 debes

496 1616 642 1661 putare,
674 1604 860 1649 comitiis,
892 1603 1099 1657 praesertim
1124 1602 1308 1646 aedilitiis,
1339 1601 1510 1640 studium
1541 1600 1612 1639 effe
1638 1600 1788 1654 populi,
1819 1612 1902 1638 non

491 1674 685 1726 judicium
701 1691 714 1717 3
746 1671 941 1710 eblandita
960 1670 1040 1714 illa,
1071 1683 1150 1707 non
1170 1668 1382 1712 enucleata,
1413 1667 1485 1706 effe
1505 1666 1707 1720 suffragia3
1728 1680 1804 1711 eos,
1826 1666 1898 1718 qui.

496 1740 720 1793 suffragium
756 1737 891 1782 ferant,
924 1736 1019 1789 quid
1054 1735 1219 1787 denique
1256 1734 1324 1786 ipfi
1356 1734 1533 1778 debeant,
1564 1733 1797 1771 considerare
1828 1733 1894 1770 sae-

496 1807 598 1858 pius,
630 1819 748 1857 quarn
780 1803 876 1855 quid
907 1803 1048 1854 cuique
1075 1814 1096 1838 a
1127 1800 1324 1852 republica
1350 1799 1521 1836 videatur
1552 1798 1693 1836 deberi.
1727 1798 1792 1836 Sin
1824 1811 1895 1836 au-

499 1883 578 1911 tern
610 1865 731 1909 mavis
763 1869 834 1907 effe
859 1869 1086 1920 judicium,
1119 1880 1197 1905 non
1230 1865 1303 1904 tibi
1336 1865 1375 1903 id
1406 1864 1702 1903 rescindendum
1734 1864 1801 1910 est,
1832 1864 1897 1903 sed

497 1938 716 1976 ferendum.

554 2004 661 2042 Male
687 2002 875 2055 judicavit
907 2000 1101 2054 populus:
1134 2009 1172 2037 at
1197 1998 1398 2051 judicavit.
1431 1998 1527 2036 Non
1557 1997 1721 2035 debuit:
1754 2006 1791 2035 at
1823 2010 1895 2050 po-

498 2071 586 2109 tuit.
618 2070 714 2108 Non
741 2068 849 2106 fero:
882 2077 919 2105 at
947 2066 1064 2105 multi
1089 2065 1283 2107 clarissimi
1309 2074 1346 2102 et
1372 2063 1633 2117 sapientiffimi
1658 2064 1760 2102 cives
1793 2063 1898 2102 tule-

498 2148 600 2176 runt.
644 2136 711 2175 Est
732 2136 838 2174 enim
858 2133 940 2172 hzec
961 2134 1133 2172 conditio
1155 2133 1365 2172 liberorum
1388 2131 1621 2185 populorum
1637 2160 1648 2177 ,
1680 2131 1895 2184 praecipue-

499 2218 575 2256 que
611 2202 726 2255 hujus
764 2202 948 2255 principis
984 2200 1135 2253 populi,
1170 2209 1208 2237 et
1243 2199 1424 2238 omnium
1459 2199 1635 2252 gentium
1671 2198 1822 2236 domini
1853 2211 1897 2235 ac

501 2271 673 2315 viCtoris,
703 2269 806 2324 poffe
841 2267 1028 2320 suffragiis
1064 2267 1122 2305 vel
1159 2267 1266 2311 dare,
1298 2266 1356 2304 vel
1393 2264 1608 2310 detrahere,
1640 2264 1745 2318 quod
1780 2263 1899 2309 velit,

499 2338 640 2388 cuique
658 2351 667 2374 :
700 2335 870 2373 nostrum
892 2334 944 2371 est
964 2342 1108 2377 autem,
1140 2332 1207 2384 qui
1228 2332 1267 2370 in
1289 2331 1359 2369 hac
1381 2331 1604 2384 tempestate
1624 2330 1759 2384 populi
1774 2330 1896 2381 jacte-

501 2417 590 2440 mur
608 2416 649 2439 ac
671 2402 850 2440 fluetibus
869 2430 879 2446 ,
911 2399 1008 2438 ferre
1029 2399 1181 2437 modice
1202 2398 1338 2451 populi
1359 2397 1573 2436 voluntates
1588 2426 1598 2442 ,
1631 2397 1782 2434 allicere
1801 2395 1896 2432 alie-

500 2481 580 2513 nas,
612 2468 771 2506 retinere
807 2476 944 2520 partas,
975 2465 1123 2519 placare
1159 2465 1355 2503 turbatas:
1391 2462 1557 2503 honores
1591 2463 1616 2501 fi
1652 2461 1783 2515 magni
1818 2471 1897 2498 non
