2212 2835
622 111 699 151 IN
756 111 806 151 L.
866 111 1322 153 CATILINAM.
1612 129 1690 171 207

344 210 419 249 XI.
452 210 551 264 Qae
582 223 675 249 curn
705 210 759 249 ita
783 209 871 256 fint,
901 211 1031 250 Patres
1058 210 1280 266 conscripti,
1310 226 1381 266 pro
1408 212 1588 268 imperio,
1618 228 1690 268 pro

289 276 475 321 exercitu,
506 290 577 330 pro
602 276 814 329 provincia,
844 289 962 329 quam
986 277 1155 330 neglexi,
1185 292 1255 332 pro
1275 278 1493 333 triumpho,
1523 280 1688 320 caeteris-

290 355 367 395 que
386 342 508 381 laudis
529 342 758 396 infignibus,
789 355 875 395 quae
902 342 990 382 sunt
1016 356 1037 381 a
1061 356 1139 389 me,
1170 353 1328 397 propter
1353 346 1458 384 urbis
1484 346 1689 400 vestraeque

290 407 420 447 salutis
440 408 666 454 custodiam,
696 408 907 461 repudiata,
936 421 1008 461 pro
1027 408 1232 455 clientelis,
1256 409 1507 465 hospitiisque
1525 414 1687 465 provin-

290 475 466 521 cialibus,
497 489 583 529 quae
614 484 745 514 tamen
774 474 929 514 urbanis
961 475 1101 528 opibus
1128 488 1206 514 non
1232 476 1383 516 minore
1408 478 1537 517 labore
1562 489 1685 527 tueor,

289 554 406 594 quam
432 553 615 594 comparo
630 559 642 586 ς
673 554 744 594 pro
769 539 830 579 his
858 540 978 594 igitur
1003 541 1187 579 omnibus
1215 542 1343 588 rebus,
1374 552 1412 582 et
1434 558 1504 597 pro
1525 546 1621 584 meis
1643 547 1684 585 in

286 619 352 645 vos
372 606 625 660 singularibus
645 606 793 652 studiis,
822 620 970 660 proque
988 605 1076 653 hac,
1108 621 1227 660 quam
1247 609 1483 663 conspicitis,
1514 612 1560 650 ad
1587 625 1683 651 con-

286 672 504 712 servandam
530 673 815 727 rempublicam
835 673 1050 727 diligentia,
1082 673 1183 712 nihil
1205 675 1309 714 aliud
1329 690 1348 714 a
1369 676 1493 723 vobis,
1516 678 1585 716 nisi
1605 678 1682 717 hu-

280 739 345 792 jus
378 740 595 793 temporis,‘
615 739 810 793 totiusque
843 741 921 779 mei
953 739 1185 786 consulatus,
1221 743 1465 788 memoriam,
1500 744 1680 797 postulo:

239 814 242 818 ’
285 817 369 857 quae
389 805 485 844 dum
505 806 577 844 erit
596 806 726 844 vestris
747 806 944 845 mentibus
965 805 1097 852 infixa,
1128 806 1346 846 firmiflimo
1372 822 1436 847 me
1463 823 1577 848 muro
1597 811 1682 864 sep-

285 879 372 910 tum
391 871 463 910 effe
481 872 706 911 arbitrabor.
738 872 856 925 Qod
877 872 903 910 fi
924 886 1050 911 meam
1071 872 1177 926 spem
1198 874 1253 912 vis
1274 874 1544 928 improborum
1565 876 1681 916 fefel-

284 937 372 976 lerit
392 945 507 990 atque
527 938 768 992 superaverit,
799 938 1035 977 commendo
1055 939 1163 977 vobis
1184 953 1345 992 parvum
1367 955 1500 980 meum
1520 942 1648 982 filium
1665 963 1677 989 3

284 1002 349 1040 cui
379 1002 552 1056 profesto
582 1003 771 1042 satis'erit
800 1003 974 1056 praefidii,
1005 1018 1084 1042 non
1110 1004 1235 1043 solum
1261 1006 1307 1044 ad
1338 1006 1514 1053 salutem,
1545 1023 1681 1048 verum

282 1068 398 1107 etiam
420 1070 465 1108 ad
485 1069 728 1123 dignitatem,
759 1069 785 1108 fi
806 1071 901 1122 ejus,
932 1070 1001 1123 qui
1028 1070 1111 1109 haec
1137 1072 1270 1110 omnia
1295 1072 1361 1111 suo
1387 1072 1486 1112 solus
1507 1075 1680 1128 periculo

284 1135 571 1181 conservaverit,
602 1135 717 1173 illum
737 1134 808 1172 esse
828 1134 956 1174 filium
978 1136 1248 1175 memineritis.

339 1202 585 1257 Qapropter
621 1201 667 1240 de
705 1201 856 1240 summa
897 1201 1014 1240 salute
1058 1201 1189 1247 vestra,
1237 1204 1452 1257 populique
1491 1207 1675 1254 Romani,

285 1267 413 1305 Patres
446 1266 667 1320 conscripti,
703 1267 750 1305 de
780 1267 909 1305 vestris
942 1267 1172 1320 conjugibus
1205 1282 1246 1307 ac
1278 1269 1423 1316 liberis,
1455 1271 1501 1309 de
1532 1273 1603 1310 aris
1634 1287 1677 1312 ac

281 1331 393 1378 focis,
424 1333 471 1372 de
496 1332 594 1372 fanis
621 1347 662 1372 ac
689 1333 861 1386 templis,
893 1334 939 1372 de
966 1334 1086 1372 totius
1113 1334 1219 1373 urbis
1241 1336 1349 1374 tectis
1370 1350 1412 1375 ac
1434 1337 1599 1384 sedibus,
1630 1339 1677 1378 de

280 1399 457 1451 imperio,
487 1399 535 1438 de
553 1399 742 1445 libertate,
767 1399 813 1438 de
833 1399 951 1438 salute
971 1399 1105 1446 ltaliae,
1127 1400 1252 1452 deque
1272 1402 1444 1441 universa
1464 1405 1673 1458 republica,

280 1465 471 1504 decernite
503 1466 723 1520 diligenter,
755 1475 800 1505 ut
832 1466 1061 1512 instituistis,
1097 1480 1139 1505 ac
1170 1466 1330 1507 fortiter.
1371 1471 1535 1509 Habetis
1566 1472 1673 1511 enim

281 1530 492 1577 consulem,
523 1533 591 1584 qui
611 1542 649 1571 et
668 1545 797 1585 parere
816 1532 944 1570 vestris
965 1532 1125 1570 decretis
1146 1546 1223 1571 non
1244 1534 1396 1574 dubitet
1411 1554 1424 1581 3
1456 1546 1493 1574 et
1513 1550 1568 1583 ea,
1588 1552 1673 1591 quae

281 1595 496 1643 statueritis,
531 1599 657 1651 quoad
687 1599 804 1643 vivet,
839 1596 1054 1644 defendere,
1090 1608 1128 1636 et
1158 1612 1225 1651 per
1256 1600 1291 1638 se
1327 1601 1452 1655 ipsum
1487 1605 1669 1655 praestare,

282 1661 406 1715 poffit.
