2212 2835
632 145 772 184 PRo
832 144 939 184 CN.
999 144 1351 185 PLANCIO.
1613 159 1691 200 447

297 246 425 285 credo.
457 245 551 284 Fuit
569 246 609 284 id
629 259 798 299 aequum,
828 255 867 284 et
885 254 986 285 certe
1006 249 1248 300 expectatum
1269 248 1335 293 est,
1367 258 1405 287 et
1427 247 1504 287 fuit
1524 249 1689 302 dignum

298 313 507 351 constantia
528 321 619 350 tua:
652 314 761 365 cujus
783 323 825 350 tu
846 313 968 351 tribus
997 314 1249 359 venditorem,
1281 324 1319 352 et
1346 325 1623 369 corruptorem,
1655 326 1693 355 et

294 377 544 430 sequestrem,
577 378 780 416 Plancium
815 377 925 416 fuiffe
959 378 1161 423 clamitas,
1193 392 1277 417 eam
1311 380 1458 418 tribum
1487 381 1684 433 profesto,

298 443 615 482 severiffimorum
632 444 839 497 praesertim
861 443 1070 481 hominum
1091 452 1130 481 et
1149 444 1473 495 graviffimorum,
1494 447 1601 485 edere
1622 448 1690 485 de-

298 510 427 548 buisti.
460 512 515 548 At
537 511 752 548 Voltiniam
770 525 779 548 ε
810 510 908 548 libet
927 510 1034 547 enim
1055 510 1128 547 tibi
1147 509 1273 547 nescio
1294 511 1388 562 quid
1409 513 1524 550 etiam
1554 514 1600 550 de
1627 514 1691 552 illa

297 577 402 615 tribu
423 577 642 615 criminari:
660 576 760 614 hanc
779 577 899 628 igitur
919 576 1039 629 ipsam
1059 589 1127 614 cur
1147 589 1225 614 non
1245 576 1393 614 edidisti
1412 578 1423 614 ?
1488 579 1552 616 uid
1576 580 1690 617 Plan-

293 643 356 680 cio
376 656 468 681 cum
489 642 708 681 Lemonia?
739 642 835 694 quid
855 655 948 680 cum
969 643 1204 681 Veientina?
1235 644 1331 695 quid
1353 657 1445 682 cum
1467 645 1689 684 Crustumi-

293 721 342 745 na
360 708 372 744 ?
404 721 494 746 nam
515 708 696 753 Metiam,
732 721 810 746 non
831 721 916 760 quae
932 708 1136 759 judicaret,
1168 708 1229 745 sed
1251 722 1335 760 quae
1356 710 1588 761 rejiceretur,
1619 712 1690 750 effe

244 787 248 791 ·
294 773 460 812 voluisti.
493 774 691 812 Dubitatis
717 774 850 825 igitur,
881 774 1052 824 Judices,
1084 775 1181 826 quin
1202 787 1267 812 vos
1288 775 1351 813 M.
1385 777 1594 815 Laterenfis
1622 778 1690 816 suo

287 840 450 891 judici0‚
484 854 562 878 non
593 840 640 878 ad
670 840 898 878 sententiam
929 840 1039 892 legis,
1071 839 1132 877 sed
1162 840 1208 878 ad
1243 840 1348 879 suam
1371 841 1477 894 spem
1504 843 1688 896 aliquam,

292 906 340 943 de
356 906 509 944 civitate
524 906 704 958 delegerit
720 905 732 942 ?
752 905 967 950 Dubitatis,
985 906 1095 958 quin,
1118 919 1177 944 eas
1199 906 1336 952 tribus,
1354 907 1395 945 in
1417 909 1558 961 quibus
1576 902 1687 962 mag-

294 985 361 1010 nas
382 972 672 1010 necessitudines
694 971 810 1010 habet
831 972 1026 1017 Plancius,
1044 986 1137 1010 curn
1157 973 1223 1010 ille
1243 987 1322 1012 non
1343 974 1516 1020 ediderit,
1533 976 1688 1028 judica-

294 1038 346 1076 rit
365 1038 504 1077 officiis
524 1039 571 1077 ab
590 1037 666 1076 hoc
687 1038 912 1083 observatas,
944 1052 1022 1076 non
1049 1039 1251 1091 largitione
1270 1040 1282 1076 ?
1315 1041 1422 1092 Qid
1441 1042 1545 1079 euim
1565 1043 1688 1094 potest

293 1103 434 1149 d1cere‚
466 1117 534 1142 cur
560 1103 628 1142 ista
654 1103 773 1143 editio
796 1117 875 1144 non
894 1103 1088 1143 summam
1108 1103 1244 1143 habeat
1263 1106 1525 1152 acerbitatem,
1557 1121 1687 1146 remo-

291 1178 329 1208 ta
348 1171 493 1209 ratione
512 1171 590 1216 illa,
623 1185 741 1224 quam
760 1171 800 1209 in
821 1171 1060 1210 decernendo
1081 1171 1198 1210 secuti
1218 1172 1347 1210 sumus
1366 1172 1380 1209 ?

348 1238 416 1276 Tu
447 1238 590 1290 deligas
620 1252 667 1276 ex
697 1239 806 1277 omni
835 1238 982 1292 populo
1013 1247 1078 1277 aut
1105 1239 1250 1277 amicos
1278 1247 1380 1284 tuos,
1412 1249 1477 1278 aut
1503 1240 1686 1280 inimicos

290 1316 415 1349 meos,
451 1314 516 1342 aut
549 1305 716 1356 denique
751 1318 829 1349 eos,
865 1318 962 1356 quos
998 1305 1266 1349 inexorabiles,
1307 1319 1402 1357 quos
1437 1305 1685 1354 inhumanos,

292 1383 390 1422 quos
421 1370 592 1409 crudeles
622 1370 846 1410 existimes?
878 1372 971 1415 Tu,
1001 1384 1066 1409 me
1100 1371 1257 1424 ignaro,
1289 1373 1592 1425 nec-opinante,
1622 1374 1688 1412 in-

291 1436 384 1482 scio,
414 1446 522 1476 notes
553 1446 592 1476 et
611 1446 697 1476 tuos
728 1446 765 1476 et
798 1446 957 1476 tuorum
991 1436 1226 1483 necessarios,
1257 1438 1317 1476 vel
1350 1439 1532 1478 inimicos
1563 1453 1685 1488 meos,

290 1503 353 1541 vel
371 1503 490 1542 etiam
509 1502 751 1542 defensorum
772 1517 950 1542 meorum
968 1503 981 1540 ?
1012 1503 1227 1556 eodemque
1251 1504 1433 1557 adjungas
1451 1534 1463 1550 ,
1494 1519 1590 1558 quos
1617 1521 1688 1546 na-

291 1577 379 1607 tura
410 1578 521 1622 putes
554 1569 730 1622 asperos,
761 1578 875 1622 atque
910 1569 1094 1608 omnibus
1129 1570 1316 1622 iniquos?
1347 1570 1485 1609 deinde
1515 1571 1687 1612 effundas

291 1644 448 1688 repente
464 1664 476 1682 ,
508 1644 551 1674 ut
570 1645 656 1674 ante
676 1635 887 1674 consess'um
908 1649 1044 1674 eorum
1061 1636 1243 1688 judicum
1264 1636 1415 1675 videam
1432 1666 1444 1682 ,
1475 1651 1591 1690 quam
1612 1653 1686 1692 po-

291 1703 448 1747 tuerim,
479 1702 547 1754 qui
567 1702 682 1741 effent
702 1701 838 1747 futuri,
869 1702 1049 1755 suspicari
1068 1702 1081 1738 ?
1112 1703 1213 1756 apud
1233 1703 1370 1756 eosque
1391 1717 1468 1749 me,
1498 1718 1547 1742 ne
1567 1706 1684 1758 quin-

290 1781 367 1820 que
397 1768 557 1822 quidem
589 1768 750 1821 rejectis,
781 1768 885 1821 quod
915 1769 956 1806 in
989 1769 1168 1822 proximo
1192 1782 1255 1807 reo
1283 1770 1330 1807 de
1355 1770 1501 1808 consilii
1532 1770 1685 1810 senten-

291 1834 346 1872 tia
364 1834 617 1873 constitutum
637 1835 689 1873 est
705 1863 717 1881 ,
748 1848 860 1887 cogas
888 1834 1038 1873 causam
1064 1834 1111 1872 de
1135 1834 1302 1873 fortunis
1323 1835 1505 1874 omnibus
1526 1836 1650 1876 dicere
1670 1838 1684 1875 ?

292 1901 388 1939 Non
419 1901 538 1946 enim,
569 1901 596 1938 fi
626 1910 692 1939 aut
723 1901 902 1939 Plancius
934 1901 987 1939 ita
1018 1901 1127 1947 vixit,
1160 1910 1203 1940 ut
1233 1900 1444 1940 offenderet
1470 1902 1588 1942 sciens
1615 1918 1685 1942 ne-

292 1968 455 2011 minem,
486 1976 551 2005 aut
585 1976 629 2005 tu
660 1968 713 2006 ita
744 1967 884 2012 errasti,
914 1976 957 2006 ut
991 1980 1054 2005 eos
1089 1968 1214 2006 ederes
1248 1968 1489 2021 imprudenS,
1526 1978 1568 2007 ut
1599 1985 1683 2016 nos,

292 2033 416 2071 invito
437 2042 487 2078 te,
519 2042 648 2072 tamen
675 2034 720 2072 ad
736 2034 903 2086 judiceS,
935 2047 1012 2073 non
1042 2034 1089 2072 ad
1117 2033 1330 2081 carnifices,
1360 2035 1591 2082 veniremus,
1622 2037 1683 2075 id-

291 2098 396 2136 circo
416 2098 483 2136 ista
501 2099 619 2136 editio
639 2112 705 2151 per
725 2099 759 2137 se
779 2113 857 2137 non
877 2100 1010 2138 acerba
1029 2100 1096 2140 est.

348 2163 482 2202 XVII.
513 2165 578 2201 An
599 2177 686 2202 vero
706 2176 827 2217 nuper
842 2164 1037 2203 clariffimi
1054 2166 1154 2204 cives
1171 2178 1315 2204 nomen
1335 2165 1428 2204 editi
1443 2166 1586 2218 judicis
1604 2180 1683 2204 non

291 2229 478 2274 tulerunt,
509 2242 600 2267 cum
621 2243 668 2268 ex
690 2241 804 2268 cxxv
821 2230 1036 2281 judicibus,
1067 2231 1307 2284 principibus
1326 2232 1504 2283 equestris
1523 2231 1681 2276 ordinis,

291 2295 465 2347 quinque
484 2303 523 2333 et
545 2308 632 2333 Lxx
654 2308 738 2333 reus
759 2296 943 2348 rejiceret,
975 2297 1257 2349 quinquaginta
1277 2296 1443 2340 referret,
1474 2296 1681 2348 omniaque

291 2362 421 2414 potius
442 2361 759 2414 permiscuerunt,
791 2376 908 2415 quam
929 2363 963 2401 ei
983 2363 1060 2415 legi
1079 2363 1372 2413 conditionique
1390 2370 1588 2414 parerent:
1611 2376 1680 2401 nos

292 2441 417 2482 neque
437 2441 482 2467 ex
500 2427 652 2467 delectis
668 2427 881 2482 judicibus,
900 2428 961 2467 sed
982 2442 1028 2468 ex
1049 2429 1157 2468 omni
1176 2427 1335 2482 populo,
1354 2440 1476 2481 neque
1495 2428 1616 2468 editos
1633 2429 1678 2469 ad
