2212 2835
697 173 834 213 PRO
892 172 946 211 A.
1006 168 1418 211 CLUENTIO.
1711 170 1761 224 63

364 281 403 313 et
423 272 638 327 diligentia,
669 279 707 310 et
727 271 925 325 religione,
947 284 1014 325 par
1033 271 1094 316 iis,
1116 283 1214 323 quos
1235 279 1345 308 antea
1364 268 1682 313 commemoravi,
1717 269 1763 306 P.

366 341 551 386 Saturius,
569 341 609 379 in
629 339 762 377 eadem
782 338 968 376 sententia
988 337 1078 376 fuit.
1113 338 1150 375 O
1171 338 1433 375 innocentiam
1457 337 1668 390 Oppianici
1688 335 1764 374 fin-

365 407 563 461 gularem!
608 419 687 458 quo
719 405 759 442 in
789 418 867 448 reo,
901 403 970 456 qui
991 403 1176 457 absolvit,
1212 403 1437 441 ambitiosus
1454 422 1466 449 3
1502 404 1571 456 qui
1602 402 1765 448 distulit,

364 484 528 518 cautus;
560 473 628 525 qui
648 471 936 516 condemnavit,
958 470 1146 515 constans,
1169 469 1422 509 existimatur.

421 542 615 580 XXXIX.
648 541 746 579 Haec
768 549 868 585 tum,
894 539 1062 592 agitante
1083 539 1267 590 Qintio,
1289 552 1414 592 neque
1435 539 1474 577 in
1491 538 1678 576 concione
1695 552 1764 576 ne-

365 622 442 662 que
463 608 502 646 in
528 607 679 661 judicio
699 607 953 645 demonstrata
973 605 1084 644 sunt:
1117 619 1243 658 neque
1263 606 1370 644 enim
1397 605 1475 659 ipse
1496 605 1572 643 dici
1592 605 1765 658 patieba-

367 685 444 721 tur,
470 689 541 714 nec
561 688 628 729 per
648 673 945 713 multitudinem
964 673 1199 712 concitatam
1220 673 1416 712 confistere
1437 673 1622 725 cuiquam
1642 672 1683 709 in
1704 672 1765 710 di-

366 742 492 780 cendo
512 732 666 780 licebat.
706 742 840 794 Itaque
860 740 953 794 ipse,
975 739 1179 793 postquam
1201 740 1367 792 Junium
1389 740 1584 793 pervertit,
1615 738 1767 777 causam

368 818 491 848 totam
513 808 694 861 reliquit:
731 808 862 861 paucis
883 807 991 846 enim
1012 807 1146 845 diebus
1167 807 1246 845 illis
1267 816 1304 845 et
1324 806 1401 859 ipse
1421 807 1590 860 privatus
1613 806 1665 844 est
1684 804 1766 844 fac-

368 884 444 921 tus,
477 885 515 914 et
546 874 757 913 hominum
790 874 912 912 studia
931 873 1157 912 deferbuifi‘e
1188 873 1445 926 intelligebat.
1479 872 1597 925 Qod
1625 872 1665 917 fi,
1702 885 1769 925 per

371 956 468 995 quos
491 942 570 980 dies
592 942 757 993 Junium
777 941 978 985 accusavit,
998 939 1273 978 Fidiculanum
1294 939 1466 978 accusare
1487 938 1685 984 voluiffet;
1709 952 1768 976 re-

371 1008 582 1062 spondendi
599 1007 828 1046 Fidiculano
844 1007 1007 1060 potestas
1023 1006 1121 1044 facta
1140 1020 1219 1044 non
1239 1006 1340 1044 effet.
1364 1008 1423 1044 Ac
1444 1007 1571 1059 primo
1592 1006 1768 1058 quidem,

370 1076 556 1114 omnibus
578 1076 654 1113 illis
670 1075 886 1127 judicibus,
918 1075 987 1127 qui
1009 1074 1275 1126 Oppianicum
1295 1073 1613 1118 condemnarant,
1641 1073 1769 1111 mina-

372 1145 497 1182 batur.
522 1145 609 1195 Jam
632 1141 876 1179 insolentiam
898 1141 1040 1179 noratis
1061 1139 1258 1184 hominis;
1292 1141 1432 1178 noratis
1454 1141 1602 1178 animos
1624 1141 1705 1192 ejus
1726 1153 1769 1178 ac

372 1211 524 1264 spiritus
548 1209 786 1247 tribunitios.
821 1208 941 1260 OQod
961 1216 1038 1245 erat
1054 1207 1204 1252 odium,
1227 1207 1297 1245 Dii
1317 1207 1553 1245 immortales
1571 1207 1577 1244 Ι
1602 1221 1686 1259 quae
1707 1207 1770 1245 su-

370 1276 526 1330 perbia,
558 1284 701 1328 quanta
729 1274 920 1327 ignoratio
952 1273 1033 1319 sui,
1065 1287 1183 1326 quam
1216 1273 1340 1325 gravis
1370 1282 1485 1325 atque
1519 1273 1770 1311 intolerabilis

370 1342 610 1396 arrogantia!
645 1342 713 1395 qui
746 1341 845 1380 illud
865 1341 982 1380 etiam
1014 1341 1141 1394 ipsum
1172 1340 1304 1379 acerbe
1335 1340 1466 1378 tulerit
1499 1341 1564 1393 (ex
1596 1354 1674 1393 quo
1705 1340 1772 1378 illa

372 1418 460 1448 nata
481 1409 568 1447 sunt
587 1409 736 1461 omnia)
772 1422 849 1446 non
871 1408 954 1453 fibi,
987 1421 1030 1445 ac
1051 1406 1261 1445 defenfioni
1282 1406 1369 1451 suae,
1402 1407 1666 1445 condonatum
1701 1406 1772 1444 effe

374 1476 667 1529 Oppianicum:
692 1475 853 1529 proinde
874 1475 976 1527 quafi
997 1488 1074 1513 non
1092 1474 1176 1512 satis
1198 1474 1294 1527 figni
1314 1473 1386 1512 effe
1403 1475 1592 1520 debuerit,
1614 1475 1660 1512 ab
1681 1488 1771 1512 om-

378 1543 493 1580 nibus
514 1555 604 1579 eum
624 1541 734 1579 fuiffe
755 1541 962 1585 desertum,
977 1540 1097 1592 quise
1117 1540 1164 1577 ad
1184 1550 1390 1592 patronum
1412 1540 1526 1578 illum
1539 1540 1770 1579 contulifl'et.

374 1609 467 1646 Erat
487 1608 593 1645 enim
608 1607 745 1644 Romae
766 1607 916 1644 summa
936 1606 1047 1658 copia
1066 1615 1331 1659 patronorum,
1352 1605 1563 1644 hominum
1583 1607 1773 1659 eloquen-

374 1674 608 1713 tiffirnorum
629 1683 744 1726 atque
769 1673 1108 1726 ampliffimorum,
1142 1686 1310 1724 quorum
1332 1682 1433 1710 certe
1465 1673 1604 1725 aliquis
1636 1673 1770 1711 defen-

373 1740 481 1779 disset
500 1741 673 1793 equitem
694 1741 937 1784 Romanum,
970 1740 1010 1777 in
1032 1739 1251 1792 municipio
1271 1739 1337 1778 suo
1357 1739 1546 1785 nobilem,
1569 1740 1594 1778 fi
1617 1738 1773 1778 honeste

373 1806 535 1862 putafl‘et
555 1806 743 1858 ejusmodi
764 1805 915 1844 causam
936 1806 1038 1860 poffe
1059 1805 1229 1844 defendi.

435 1875 525 1913 XL.
564 1875 671 1912 Nam
703 1874 891 1926 Qintius
924 1873 1083 1926 quidem
1120 1887 1239 1926 quam
1272 1873 1424 1913 causam
1456 1886 1630 1925 unquam
1667 1881 1775 1911 antea

374 1940 540 1985 dixerat,
563 1954 656 1979 cum
677 1953 795 1978 annos
816 1940 862 1978 ad
883 1940 1165 1993 quinquaginta
1195 1948 1305 1978 natus
1326 1939 1445 1978 effet?
1478 1940 1565 1992 quis
1585 1953 1677 1978 eum
1700 1953 1774 1977 un-

375 2021 493 2059 quam
514 2021 591 2046 non
613 2007 731 2045 modo
750 2007 789 2044 in
810 2007 974 2059 patroni,
998 2006 1060 2044 sed
1080 2007 1120 2044 in
1142 2006 1363 2051 laudatoris,
1385 2015 1449 2044 aut
1469 2006 1656 2051 advocati,
1688 2006 1776 2043 loco

376 2073 550 2111 viderat?
583 2073 666 2126 qui,
690 2073 794 2125 quod
816 2073 951 2110 Rostra
965 2073 1117 2125 jamdiu
1138 2086 1268 2118 vacua,
1304 2072 1515 2124 locumque
1547 2071 1661 2110 illum
1692 2071 1776 2124 post

376 2138 585 2178 adventum
607 2141 655 2178 L.
673 2140 783 2191 Syllae
804 2152 824 2176 a
844 2139 1046 2177 tribunitia
1065 2153 1158 2177 voce
1179 2138 1385 2182 desertum,
1407 2137 1649 2190 opprefferat‚
1668 2137 1774 2175 mul-

378 2205 665 2258 titudinemque
679 2206 761 2258 jam
784 2204 1038 2244 desuefactam
1069 2219 1088 2243 a
1108 2205 1363 2243 concionibus
1385 2205 1431 2242 ad
1458 2205 1593 2241 veteris
1614 2203 1777 2241 consue-

380 2270 525 2308 tudinis
546 2271 839 2309 fimilitudinem
861 2281 1110 2316 revocaverat,
1134 2271 1279 2309 idcirco
1300 2270 1454 2308 cuidam
1477 2269 1684 2307 hominum
1706 2281 1775 2319 ge-

380 2337 460 2375 neri
482 2336 669 2388 paulisper
684 2338 895 2389 jucundior
916 2337 1006 2376 fuit.
1042 2340 1173 2389 Atque
1194 2337 1297 2375 idem
1319 2346 1463 2388 quanto
1484 2337 1522 2372 in
1543 2335 1631 2372 odio
1652 2334 1778 2385 postea

374 2402 457 2440 suis
479 2401 556 2439 illis
577 2401 663 2454 ipfis
684 2401 775 2446 fuit,
790 2416 855 2454 per
868 2416 964 2455 quos
985 2404 1025 2441 in
1047 2403 1224 2441 altiorem
1246 2403 1379 2440 locum
1397 2399 1632 2438 ascenderat?
1652 2413 1777 2451 neque

379 2468 533 2522 injuria,
578 2468 710 2507 Facite
728 2467 849 2514 enim,
883 2478 925 2506 ut
946 2483 1023 2508 non
1044 2469 1168 2508 solum
1190 2481 1313 2507 mores
1342 2468 1421 2519 ejus
1449 2476 1485 2504 et
1506 2466 1775 2518 arrogantiam,
