2212 2835
448 199 525 227 220
841 192 843 194 ’
950 181 1348 220 ORATIO

445 287 599 324 evadere
620 298 695 322 non
717 291 938 336 potuerunt,
969 295 1031 321 eos
1057 281 1103 320 ad
1119 281 1216 334 juris
1243 280 1414 319 studium
1434 279 1622 320 devenire.
1654 282 1823 334 Magnus

444 351 596 389 dicendi
625 351 745 394 labor,
777 362 914 402 magna
945 362 1016 394 res,
1047 361 1185 400 magna
1213 347 1393 400 dignitas,
1423 347 1573 386 summa
1591 356 1718 386 autem
1738 361 1825 400 gra-

444 418 495 455 tia
513 431 521 454 :
553 417 696 455 etenim
717 429 737 453 a
756 416 864 454 vobis
885 414 1078 453 salubritas
1099 414 1274 466 quaedam
1287 431 1300 458 3
1323 413 1369 451 ab
1389 413 1450 458 iis,
1472 413 1540 466 qui
1560 413 1709 459 dicunt,
1730 412 1825 451 salus

443 483 534 535 ipsa,
565 482 720 535 petitur.
753 481 905 520 Deinde
924 480 1040 519 vestra
1059 480 1229 532 responsa
1248 489 1362 532 atque
1380 479 1529 518 decreta
1548 489 1585 517 et
1605 488 1828 518 evertuntur

444 548 537 601 saepe
557 548 734 592 dicendo,
765 556 802 585 et
822 547 897 585 sine
917 545 1131 584 defenfione
1151 545 1306 584 oratoris
1328 545 1438 583 firma
1457 544 1528 583 effe
1547 559 1624 584 non
1644 545 1823 598 poffunt:

444 614 483 651 in
501 627 574 665 qua
590 627 627 651 re
644 613 669 651 fi
687 612 770 651 satis
787 611 1040 665 profecissem,
1058 612 1204 664 parcius
1224 611 1270 649 de
1285 612 1364 663 ejus
1380 610 1491 649 laude
1511 611 1677 649 dicerem
1687 629 1699 656 ς
1721 624 1825 649 nunc

443 678 544 716 nihil
571 679 616 717 de
647 692 708 717 me
735 679 836 723 dico,
867 677 929 715 sed
960 677 1006 715 de
1032 677 1093 722 iis,
1124 677 1192 729 qui
1221 677 1262 715 in
1289 676 1452 716 dicendo
1473 677 1606 729 magni
1631 676 1731 722 sunt,
1762 684 1827 714 aut

444 743 615 783 fuerunt.

497 811 609 848 XIV.
642 810 740 847 Duae
761 809 846 847 sunt
866 817 975 852 artes,
992 822 1076 860 quae
1096 807 1247 860 possunt
1266 808 1389 846 locare
1408 806 1587 846 homines
1607 808 1647 846 in
1667 806 1824 860 amplis-

444 874 539 913 fimo
559 874 678 926 gradu
698 874 918 926 dignitatis:
944 887 1018 911 una
1036 873 1289 925 imperatoris,
1312 872 1426 910 altera
1444 872 1602 910 oratoris
1621 872 1729 911 boni.
1761 872 1825 910 Ab

442 939 517 978 hoc
538 940 642 978 enim
662 940 764 992 pacis
785 948 1005 977 ornamenta
1024 939 1237 976 retinentur
1249 956 1261 982 ;
1293 937 1340 975 ab
1360 937 1428 976 illo
1448 937 1541 975 belli
1570 937 1739 990 pericula
1764 950 1824 975 re-

442 1005 652 1058 pelluntur.
685 1006 840 1043 Caeterae
872 1014 1001 1042 tamen
1031 1004 1191 1042 virtutes
1218 1002 1305 1056 ipsae
1332 1016 1398 1056 per
1424 1003 1460 1041 se
1485 1002 1658 1041 multum
1684 1002 1824 1048 valent,

436 1070 595 1123 justitia,
626 1070 734 1115 fides,
764 1070 900 1124 pudor,
931 1070 1181 1122 temperantia
1196 1087 1208 1114 3
1240 1069 1381 1121 quibus
1411 1078 1463 1114 te,
1494 1068 1612 1114 Servi,
1642 1068 1828 1107 excellere

440 1150 575 1175 omnes
603 1137 852 1188 intelligunt:
885 1135 946 1173 sed
974 1149 1076 1173 nunc
1104 1135 1150 1173 de
1176 1135 1308 1172 studiis
1335 1135 1380 1172 ad
1406 1133 1593 1172 honorem
1624 1135 1825 1188 dispofitiS,

442 1217 520 1240 non
540 1203 586 1241 de
606 1203 715 1240 inlita
735 1201 917 1253 cujusque
938 1201 1091 1246 virtute,
1121 1200 1285 1253 disputo.
1319 1200 1465 1238 Omnia
1484 1200 1552 1238 ista
1571 1201 1681 1238 nobis
1704 1201 1826 1238 studia

443 1269 489 1305 de
509 1268 686 1305 manibus
706 1267 968 1311 excutiuntur,
998 1266 1109 1304 fimul
1131 1274 1244 1318 atque
1263 1265 1401 1317 aliquis
1422 1274 1550 1303 motus
1570 1279 1691 1304 novus
1712 1265 1825 1304 belli-

442 1346 533 1371 cum
559 1346 692 1372 canere
718 1333 850 1385 coepit.
882 1332 1055 1377 Etenim,
1086 1341 1128 1370 ut
1155 1332 1206 1370 ait
1232 1331 1449 1383 ingeniosus
1477 1340 1601 1384 poeta,
1631 1341 1669 1369 et
1696 1333 1825 1370 audior

375 1437 377 1439 ,
441 1399 549 1437 valde
583 1399 721 1444 bonus,
757 1398 895 1451 praeliis
929 1398 1197 1451 promulgatis,
1234 1398 1374 1436 tollitur
1403 1413 1420 1436 e
1449 1398 1557 1437 medio
1586 1412 1664 1437 non
1699 1398 1825 1436 solum

440 1463 506 1502 ista
526 1464 643 1502 vestra
662 1463 813 1502 verbosa
832 1463 1023 1501 fimulatio
1042 1463 1265 1515 prudentiae,
1297 1462 1357 1500 sed
1376 1463 1492 1501 etiam
1512 1463 1590 1515 ipsa
1608 1463 1675 1501 illa
1694 1463 1824 1502 domi-

439 1543 488 1568 na
508 1543 649 1575 rerum,
666 1529 851 1583 stzpientia
865 1545 878 1567 .·
909 1528 953 1567 vi
963 1528 1111 1582 geritur
1129 1543 1198 1566 res.
1230 1528 1425 1580 Spernitur
1443 1538 1580 1574 orator,
1600 1542 1680 1567 non
1700 1529 1825 1567 solum

438 1596 589 1634 odiosus
621 1596 660 1634 in
695 1595 870 1640 dicendo,
906 1607 948 1632 ac
983 1594 1139 1647 loquax,
1173 1607 1307 1632 verum
1337 1595 1454 1632 etiam
1488 1595 1624 1634 bonus:
1660 1594 1827 1634 horridus

438 1661 532 1699 miles
561 1670 722 1700 amatur.
756 1659 933 1698 Vestrum
959 1672 1048 1698 vero
1074 1659 1243 1697 studium
1271 1668 1397 1699 totum
1419 1661 1536 1711 jacet.
1567 1661 1653 1698 Non
1683 1675 1725 1699 ex
1736 1660 1826 1711 jure

439 1743 545 1767 manu
571 1730 778 1782 c073sertu7n,
796 1727 868 1781 fid
885 1741 985 1780 mage
1000 1727 1126 1779 ferro,
1157 1727 1300 1778 inquit,
1331 1741 1405 1765 rem
1434 1735 1614 1779 repetunt.
1647 1728 1765 1777 Qod
1796 1727 1823 1764 fi

438 1794 490 1831 ita
524 1794 590 1839 est,
622 1794 742 1839 cedat,
774 1794 924 1846 opinor,
961 1792 1120 1845 Sulpici,
1157 1790 1284 1829 forum
1319 1791 1460 1836 castris,
1495 1792 1621 1829 otium
1657 1792 1819 1836 militiae,

439 1859 554 1910 stylus
572 1859 715 1910 gladio,
748 1858 883 1896 umbra
903 1856 999 1894 soli:
1032 1857 1076 1894 s1t
1096 1857 1262 1909 denique
1288 1857 1327 1894 in
1355 1857 1506 1895 civitate
1533 1870 1574 1894 ea
1599 1856 1723 1909 prima
1748 1871 1819 1903 res,

437 1932 591 1977 propter
611 1937 728 1976 quam
749 1923 825 1976 ipsa
845 1923 897 1960 est
915 1923 1048 1961 civitas
1068 1923 1246 1961 omnium
1267 1923 1457 1975 princeps.

494 1990 640 2027 Verum
674 1989 754 2027 haec
787 1991 884 2027 Cato
915 1989 1083 2026 nimium
1117 2001 1184 2026 nos
1215 1989 1348 2027 nostris
1381 1989 1503 2026 verbis
1531 2002 1669 2041 magna
1699 1988 1821 2028 facere

437 2054 694 2098 demonstran
726 2063 762 2092 et
783 2053 923 2091 oblitos
944 2052 1026 2097 effe,
1058 2052 1207 2090 bellum
1233 2054 1330 2091 illud
1360 2067 1475 2091 omne
1502 2054 1822 2092 Mithridaticum

435 2133 527 2158 cum
555 2119 794 2157 mulierculis
821 2120 891 2157 effe
920 2118 1083 2171 gestum.
1117 2118 1234 2170 Qod
1260 2133 1330 2172 ego
1357 2119 1470 2171 longe
1495 2119 1600 2158 secus
1627 2121 1818 2165 existimo,

435 2185 620 2235 Judices;
652 2185 774 2237 deque
805 2199 849 2223 eo
880 2197 998 2238 pauca
1029 2183 1229 2223 differam:
1261 2199 1385 2237 neque
1411 2186 1515 2224 enim
1543 2186 1653 2230 causa,
1676 2187 1714 2223 in
1744 2185 1819 2224 hoc

435 2251 663 2289 continetur.
697 2251 818 2296 Nam,
850 2251 874 2288 fi
907 2250 1037 2288 omnia
1067 2250 1178 2295 bella,
1210 2264 1294 2302 quae
1325 2264 1418 2288 cum
1451 2252 1595 2289 Graecis
1623 2251 1817 2304 geffimuS,

433 2317 715 2356 contemnenda
741 2317 855 2360 sunt;
887 2316 1099 2354 derideatur
1123 2316 1169 2353 de
1197 2330 1282 2368 rege
1310 2315 1456 2368 Pyrrho
1488 2316 1710 2370 triumphus
1738 2318 1814 2356 Μ’.

435 2384 542 2420 Curii
562 2397 570 2421 :
602 2383 647 2421 de
669 2382 866 2436 Philippo,
897 2384 950 2421 T.
973 2382 1211 2420 Flaminini:
1245 2384 1291 2420 de
1311 2384 1468 2429 AEtolis,
1500 2385 1562 2423 M.
1586 2384 1738 2422 Fulvii:
1770 2383 1817 2420 de

432 2461 516 2500 rege
555 2448 675 2493 Perse,
718 2450 764 2488 L.
806 2447 942 2487 Pauli:
983 2447 1028 2486 de
1067 2447 1407 2502 Pseudophilippo,
1449 2450 1516 2502 Q
1543 2448 1726 2488 Metelli:
1766 2446 1813 2486 de
