2212 2835
382 182 431 231 48
878 177 915 213 O
957 176 993 213 R
1035 176 1072 212 A
1102 174 1141 213 T
1181 175 1201 213 I
1242 175 1279 212 O

381 277 487 330 quod
508 274 705 328 repetistis,
723 272 828 325 quod
845 270 1002 309 eonfeffi
1023 270 1124 316 estis,
1145 271 1251 324 quod
1266 270 1483 309 abstulistis.
1507 271 1600 322 Qo
1617 272 1773 310 tandem
1800 279 1804 283 '

381 344 500 395 igitur
520 355 583 379 ore
604 341 842 378 mentionem
862 338 1033 391 corrupti
1059 338 1200 391 judicii
1221 337 1363 384 facitis,
1396 351 1489 377 cum
1509 337 1555 375 ab
1576 337 1643 376 ista
1668 347 1773 390 parte

376 409 500 461 judici
533 407 737 461 pecuniam
757 415 844 444 ante
869 405 1067 458 judicium
1094 405 1237 451 datam,
1272 405 1357 458 post
1370 404 1568 458 judicium
1588 413 1771 457 ereptam,

383 474 454 512 effe
474 473 670 512 fateamini
690 473 702 509 ?

429 541 614 592 Qonam
635 539 753 591 igitur
772 537 854 576 haec
877 537 995 576 modo
1015 537 1114 591 gesta
1134 537 1220 576 sunt
1238 538 1251 576 ,Ρ
1283 538 1474 590 Repetam
1493 537 1610 591 paulo
1630 536 1772 581 'altius,

382 607 555 659 Judices,
590 615 628 643 et
647 605 792 649 omnia,
827 617 912 656 quae
946 604 987 642 in
1021 604 1201 642 diuturna
1220 604 1448 642 obscuritate
1481 604 1688 648 latuerunt,
1724 603 1773 641 fic

382 673 564 726 aperiam,
597 681 639 709 ut
669 685 711 708 ea
741 684 892 709 cernere
911 670 1034 708 oculis
1055 670 1277 709 videamini.
1308 670 1388 709 Vos
1410 670 1549 723 quaeso,
1585 678 1629 708 ut
1648 667 1776 707 adhuc

382 753 447 778 me
466 747 609 777 attente
629 738 798 782 audistis,
830 738 939 783 item,
973 751 1058 789 quae
1082 737 1231 789 reliqua
1249 737 1350 783 sunt,
1382 737 1570 776 audiatis:
1602 735 1776 790 profecto

382 805 483 844 nihil
504 819 524 843 a
544 818 607 843 me
627 804 791 848 dicetur,
822 803 928 856 quod
959 816 1037 842 non
1058 803 1222 856 dignum
1241 803 1317 842 hoc
1337 812 1530 842 conventu
1549 811 1587 841 et
1608 802 1774 846 filentio,

383 874 547 926 dignum
567 871 696 910 vestris
713 870 845 909 studiis
865 880 980 923 atque
999 870 1169 916 auribus,
1190 871 1261 909 effe
1275 870 1461 909 videatur.
1483 871 1607 915 Nam,
1628 878 1673 908 ut
1691 869 1774 922 pri-

382 953 495 978 mum
518 937 771 991 OppianiCUS,
793 950 840 975 ex
858 950 917 982 e0‚
939 937 1046 988 quod
1067 937 1295 975 Scamander
1314 950 1399 975 reus
1423 945 1501 974 erat
1521 935 1658 980 faetus,
1678 933 1775 986 quid

381 1005 453 1043 fibi
472 1004 724 1056 impenderet,
757 1003 877 1054 coepit
906 1002 1108 1055 suspicari,
1140 1002 1269 1040 statim
1288 1002 1324 1040 se
1353 1002 1400 1039 ad
1419 1001 1590 1040 hominis
1611 1000 1775 1054 egentis,

382 1070 548 1114 audacis,
571 1070 610 1106 in
626 1068 787 1120 judiciis
808 1068 1102 1120 corrumpendis
1129 1068 1341 1112 exercitati,
1363 1076 1449 1105 tum
1469 1076 1598 1105 autem
1612 1066 1774 1119 judicis,

382 1136 523 1174 Staleni
544 1134 847 1172 familiaritatem
868 1133 1088 1185 applicavit.
1129 1134 1189 1171 Ac
1220 1133 1409 1186 primum,
1443 1133 1675 1172 Scamandro
1695 1145 1773 1178 reo,

381 1210 535 1239 tanturn
555 1200 665 1237 donis
686 1198 783 1236 datis
804 1198 1106 1250 muneribusque
1125 1197 1347 1252 perfecerat,
1379 1207 1422 1236 ut
1452 1211 1498 1236 eo
1517 1200 1668 1236 auctore
1687 1207 1775 1237 ute-

383 1276 486 1306 retur
505 1266 717 1318 cupidiore,
739 1278 858 1316 quam
878 1264 971 1303 fides
986 1265 1131 1317 judicis
1152 1265 1386 1322 postulabat3
1408 1264 1497 1302 Post
1516 1273 1660 1309 autem,
1681 1277 1775 1303 cum

381 1332 473 1372 effet
493 1332 720 1370 Scamander
740 1331 854 1369 unius
884 1331 1025 1369 Staleni
1051 1332 1235 1370 sententia
1253 1331 1463 1376 absolutus,
1491 1340 1672 1384 patronus
1703 1345 1773 1369 au-

383 1409 465 1437 tem
488 1398 708 1437 Scamandri
729 1410 775 1434 ne
795 1396 858 1435 sua
877 1397 1037 1449 quidem
1058 1397 1240 1435 sententia
1260 1398 1456 1443 liberatus,
1485 1398 1694 1435 acrioribus
1715 1396 1773 1435 sa-

383 1466 456 1504 luti
478 1465 549 1503 suae
563 1463 738 1502 remediis
759 1463 1063 1502 subveniendum
1085 1465 1248 1517 putavit.
1264 1465 1374 1502 Tum
1387 1478 1408 1502 a
1427 1465 1592 1510 Staleno‚
1609 1464 1705 1502 ficut
1724 1463 1773 1502 ab

384 1532 543 1570 homine
561 1530 607 1568 ad
627 1529 926 1582 excogitandum
946 1530 1176 1575 acutiffim0‚
1207 1530 1253 1568 ad
1274 1530 1494 1569 audendum
1514 1530 1773 1583 impudentis-

384 1600 493 1643 fimo,
515 1597 560 1634 ad
581 1596 830 1634 efficiendum
848 1596 1035 1634 acerrimo
1058 1595 1158 1648 (haec
1184 1596 1290 1635 enim
1310 1596 1376 1635 ille
1396 1605 1434 1635 et
1454 1597 1581 1649 aliqua
1603 1610 1650 1635 ex
1670 1605 1775 1650 parte

383 1664 560 1708 habebat,
583 1672 620 1700 et
641 1664 782 1715 majore
801 1675 849 1700 ex
869 1671 974 1714 parte
991 1662 1026 1700 se
1046 1661 1185 1701 habere
1204 1663 1423 1716 simulabat)
1445 1664 1636 1704 auxilium
1656 1663 1774 1717 capiti

382 1740 421 1768 et
440 1730 603 1767 fortunis
625 1729 699 1766 suis
722 1737 847 1781 petere
867 1728 1000 1781 coepit.

437 1795 568 1833 XXV.
601 1796 688 1845 Jam
713 1792 787 1832 hoc
808 1808 885 1831 non
905 1794 1103 1846 ignoratis,
1121 1793 1293 1845 Judices‚
1310 1802 1353 1832 ut
1373 1794 1489 1832 etiam
1510 1793 1650 1839 bestiae,
1671 1793 1774 1833 fame

383 1855 622 1905 dominante,
645 1861 872 1913 plerumque
892 1861 938 1898 ad
957 1874 1048 1898 eum
1069 1861 1216 1906 locum,
1238 1861 1306 1899 ubi
1325 1861 1435 1914 pastae
1460 1861 1666 1914 aliquando
1685 1862 1772 1907 fint,

385 1936 630 1965 revertantur.
665 1927 834 1964 Stalenus
866 1926 931 1964 ille
962 1927 1120 1965 biennio
1150 1936 1251 1972 ante,
1283 1940 1376 1965 cum
1397 1926 1548 1965 causam
1580 1927 1773 1966 bonorum

386 1994 515 2032 Safinii
543 1993 680 2031 Atellae
712 1993 918 2046 recepisset,
949 1993 1134 2032 sexcentis
1170 1994 1346 2032 millibus
1373 1993 1584 2033 nummum
1605 1994 1641 2032 se
1661 1994 1771 2046 judi-

385 2061 492 2098 cium
515 2069 787 2111 corrupturum
809 2058 879 2096 effe
910 2060 1055 2098 dixerat
1074 2075 1082 2098 :
1115 2074 1200 2112 quae
1220 2074 1310 2098 curn
1332 2060 1530 2113 accepisset
1556 2074 1576 2097 a
1605 2060 1772 2113 pupillo,

386 2125 608 2178 suppreslit;
635 2125 863 2176 judicioque
883 2124 997 2171 facto,
1028 2139 1097 2164 nec
1118 2126 1272 2171 Safinio,
1304 2140 1374 2164 nec
1404 2126 1598 2164 bonorum
1617 2135 1772 2179 empto-

386 2192 505 2235 ribus,
525 2190 705 2229 reddidit.
737 2191 866 2239 Qam
887 2205 980 2229 cum
1013 2193 1218 2245 pecuniam
1238 2191 1475 2245 profudisset,
1507 2202 1545 2230 et
1574 2193 1643 2230 fibi
1673 2191 1773 2230 nihil

386 2271 464 2296 non
495 2258 612 2295 modo
643 2257 688 2295 ad
709 2258 936 2309 cupiditates
958 2258 1053 2304 suas,
1088 2259 1150 2297 sed
1180 2273 1228 2297 ne
1247 2260 1293 2297 ad
1314 2259 1568 2297 neceffitatem
1596 2259 1771 2312 quidem,

386 2323 608 2376 reliquisset,
632 2324 761 2362 statuit
781 2324 826 2362 ad
846 2325 993 2363 easdem
1015 2325 1083 2363 fibi
1103 2326 1245 2379 praedas
1265 2340 1307 2364 ac
1321 2326 1773 2379 suppressionesjudicia-

385 2389 438 2426 les
472 2389 751 2428 revertendum.
785 2390 933 2442 Itaque,
968 2404 1060 2429 cum
1083 2391 1348 2445 Oppianicum
1373 2394 1457 2446 jam
1490 2391 1701 2445 perditum,
1734 2399 1774 2429 et

385 2456 537 2495 duobus
566 2457 792 2510 jugulatum
825 2458 1085 2512 praejudiciis,
1131 2459 1302 2506 videret,
1338 2459 1527 2513 promiffis
1565 2471 1655 2498 eum
1698 2458 1774 2498 suis
