2212 2835
505 184 585 224 430
996 164 1408 203 ORATIO

503 285 627 310 unum
661 268 866 308 hominem
902 267 1158 306 deterrimum
1193 274 1305 319 poeta
1338 264 1529 319 praestanti
1564 265 1703 319 aliquis
1732 267 1905 320 ingenio,

503 339 601 377 fietis
623 335 922 389 conquisitisque
943 335 1046 373 vitiis
1068 333 1344 378 deformatum,
1371 332 1488 371 vellet
1508 333 1716 379 inducere5
1751 335 1908 373 nullum

501 404 677 458 profecto
697 403 860 441 dedecus
881 402 1044 455 reperire
1064 401 1198 455 poffet,
1229 400 1335 453 quod
1364 400 1403 438 in
1425 398 1501 438 hoc
1522 414 1600 438 non
1620 401 1766 446 inesset,
1798 401 1906 439 mul-

503 481 632 524 taque,
664 471 705 508 in
725 483 770 508 eo
791 470 944 522 penitus
965 468 1091 507 defixa
1110 477 1226 520 atque
1245 466 1441 511 haerentia,
1474 467 1694 519 praeteriret.

559 538 734 576 XXVII.
767 536 995 575 Parentibus
1013 565 1024 581 ,
1055 544 1093 573 et
1122 535 1210 572 Diis
1238 533 1528 572 immortalibus
1546 563 1557 579 ‚
1592 543 1631 572 et
1650 534 1809 587 patriae‚
1841 547 1911 573 nos

503 606 677 659 primum
698 613 830 642 natura
850 603 1046 641 conciliat.
1065 601 1220 640 Eodem
1235 601 1340 639 enim
1363 609 1537 653 ternpore
1557 610 1595 640 et
1616 601 1852 654 suscipimur
1871 601 1912 639 in

502 673 647 716 lucem,
678 680 715 709 et
735 670 811 709 hoc
832 669 969 707 caelesti
989 669 1124 721 spiritu
1144 681 1345 720 augemur,
1377 680 1414 705 et
1434 676 1579 706 certam
1600 668 1640 706 in
1663 667 1790 706 sedem
1810 668 1909 706 civi-

503 740 592 778 tatis
610 752 651 776 ac
668 737 854 776 libertatis
873 735 1114 773 ascribimur.
1135 734 1207 772 Iste
1224 743 1429 786 parentum
1446 748 1604 780 nomen,
1622 734 1734 780 sacra,
1753 749 1907 774 memo-

504 806 616 849 riam,
647 813 819 857 gentem,
852 802 1066 841 Fonteiano
1093 800 1254 839 nomine
1280 799 1439 837 obruit:
1473 800 1649 838 Deorum
1675 801 1800 853 ignes,
1831 801 1907 839 sol-

505 872 653 910 lemnes
682 869 843 914 mensas,
874 868 1024 906 abditos
1050 880 1093 905 ac
1120 864 1333 920 penetrales
1353 863 1477 910 focos,
1507 865 1662 903 occulta
1681 875 1720 903 et
1740 867 1910 905 maribus

506 951 585 977 non
607 936 726 975 invisa
751 936 876 974 solum
895 964 906 980 ‚
938 934 1001 972 sed
1019 934 1137 972 etiam
1165 931 1358 976 inaudita,
1389 931 1503 977 sacra,
1529 931 1756 984 inexpiabili
1776 931 1912 970 scelere

506 1004 688 1058 pervertit
704 1022 715 1049 3
748 1003 933 1055 idemque
953 1015 1082 1040 earum
1104 999 1302 1052 templum
1322 997 1582 1037 inflammavit
1604 1000 1792 1044 Dearum,
1813 1012 1910 1052 qua-

504 1085 594 1110 rum
614 1084 687 1124 ope
706 1071 823 1108 etiam
841 1069 925 1107 aliis
948 1067 1136 1107 incendiis
1157 1066 1395 1105 subvenitur.

563 1138 673 1190 Qid
704 1137 751 1176 de
783 1137 904 1190 patria
933 1135 1100 1188 loquar?
1132 1134 1202 1187 qui
1233 1133 1407 1186 primum
1435 1146 1526 1171 eum
1553 1134 1679 1172 civem
1710 1134 1763 1178 vi,
1793 1131 1911 1177 ferro,

506 1206 706 1259 periculo,
739 1204 833 1242 urbe
851 1232 860 1248 ‚
892 1203 1076 1241 omnibus
1098 1201 1228 1254 patriae
1249 1199 1430 1253 praefidiis
1448 1229 1458 1245 ‚
1490 1200 1641 1252 depulit
1658 1230 1668 1245 ‚
1700 1213 1820 1252 quem
1841 1212 1908 1237 vos

507 1272 638 1325 patriae
658 1270 959 1309 conservatorem
980 1267 1051 1306 effe
1071 1266 1270 1319 saepiffime
1284 1265 1555 1317 judicaveratis
1572 1281 1581 1304 :
1614 1266 1764 1310 deinde,
1786 1263 1914 1302 everso

509 1338 673 1382 senatus,
705 1346 748 1374 ut
781 1349 853 1388 ego
885 1334 1033 1386 semper
1067 1333 1164 1377 dixi,
1196 1332 1368 1375 comite;
1407 1332 1518 1376 duce,
1555 1340 1598 1370 ut
1629 1331 1695 1369 ille
1729 1330 1909 1375 dicebat;

509 1404 682 1442 senatum
706 1402 848 1456 ipsum,
880 1400 1097 1454 principem
1118 1398 1248 1436 salutis
1270 1398 1490 1450 mentisque
1509 1398 1692 1451 publicae,
1723 1398 1774 1442 vi,
1795 1396 1913 1441 caede,

507 1469 774 1522 incendiisque
804 1466 1011 1521 pervertit:
1045 1464 1195 1503 sustulit
1227 1464 1319 1502 duas
1351 1464 1469 1516 leges,
1501 1464 1648 1502 AEliam
1673 1473 1713 1502 et
1742 1463 1912 1508 Fufiam,

508 1536 681 1575 maxime
715 1533 936 1587 reipublicae
970 1531 1175 1570 salutares:
1207 1529 1408 1568 censuram
1441 1530 1638 1568 extinxit:
1676 1528 1914 1568 interceffio-

509 1617 601 1641 nem
637 1602 828 1640 removit:
870 1598 1036 1652 auspicia
1069 1597 1239 1636 delevit:
1274 1596 1464 1642 consules,
1504 1595 1654 1635 sceleris
1687 1595 1745 1634 sui
1778 1595 1914 1640 socios,

509 1669 659 1714 aerari0‚
691 1666 926 1721 provinciis,
957 1664 1149 1709 exercitu,
1179 1663 1368 1702 armavit:
1401 1674 1532 1715 reges,
1564 1663 1633 1715 qui
1653 1670 1785 1707 erant,
1817 1674 1912 1700 ven-

509 1736 637 1779 didit;
670 1735 738 1788 qui
759 1747 835 1772 non
856 1741 976 1776 erant,
1007 1729 1213 1784 appellavit
1233 1744 1241 1767 :
1274 1730 1350 1767 Cn.
1374 1729 1609 1781 Pompeium
1632 1729 1682 1773 vi,
1703 1727 1818 1772 ferro,
1840 1726 1913 1764 do-

511 1817 626 1841 mum
647 1800 864 1853 compulit:
898 1800 1175 1851 imperatorum
1197 1804 1452 1835 monumenta
1472 1795 1608 1833 evertit
1628 1810 1636 1833 :
1660 1794 1915 1833 inimicorum

512 1859 649 1907 domos
670 1866 896 1906 disturbavit
916 1879 925 1903 :
958 1864 1088 1902 vestris
1109 1862 1374 1902 monumentis
1397 1875 1541 1900 nomen
1566 1861 1681 1899 suum
1709 1860 1910 1913 inscripsit.

514 1935 672 1974 Infinita
698 1934 786 1972 sunt
811 1931 945 1971 scelera
962 1961 972 1976 ,
1005 1945 1089 1984 quae
1109 1931 1156 1969 ab
1178 1929 1247 1968 illo
1268 1929 1308 1968 in
1330 1929 1493 1982 patriam
1521 1928 1608 1967 sunt
1627 1928 1742 1966 edita.
1777 1927 1884 1979 Qid
1902 1955 1914 1973 ‚

515 2017 600 2055 quae
620 2003 660 2039 in
682 1999 849 2053 singulos
870 2000 988 2044 cives,
1011 2011 1109 2051 quos
1131 1997 1280 2036 necavit
1300 1997 1312 2033 ?
1344 1996 1478 2041 socios,
1502 2010 1597 2049 quos
1620 1995 1782 2049 diripuit
1801 1996 1814 2033 ?
1837 1995 1917 2034 im-

515 2078 720 2123 peratores,
752 2080 848 2120 quos
869 2065 1069 2119 prodidit?
1101 2064 1305 2108 exercitus,
1336 2076 1432 2116 quos
1454 2064 1616 2101 tentavit
1636 2063 1648 2100 ?

571 2135 682 2187 Qid
712 2134 831 2172 vero?
864 2146 905 2170 ea
936 2140 1078 2185 quanta
1106 2131 1207 2175 sunt,
1240 2143 1324 2183 quae
1357 2129 1397 2167 in
1430 2129 1555 2182 ipsum
1584 2129 1619 2167 se
1649 2128 1798 2173 scelera,
1829 2139 1916 2179 quae

515 2204 555 2240 in
578 2202 661 2239 suos
678 2230 689 2246 ,
720 2199 841 2238 edidit
860 2199 872 2236 ?
905 2199 1005 2250 Qis
1027 2197 1156 2236 minus
1179 2209 1352 2249 unquam
1373 2197 1545 2248 pepercit
1568 2194 1738 2233 hostium
1758 2193 1885 2232 castris
1902 2222 1914 2238 ,

516 2282 634 2321 quam
656 2267 721 2305 ille
742 2266 925 2304 omnibus
946 2264 1117 2317 corporis
1139 2262 1195 2301 sui
1215 2262 1386 2316 partibus
1405 2262 1418 2300 ?
1450 2276 1534 2314 quae
1553 2263 1657 2300 navis
1681 2274 1854 2313 unquam
1875 2260 1916 2297 in

518 2336 679 2373 flumine
710 2333 869 2387 publico
896 2342 975 2370 tam
1004 2331 1158 2384 vulgata
1184 2329 1382 2374 omnibus,
1414 2342 1531 2382 quam
1559 2328 1663 2367 istius
1692 2338 1777 2366 aetas
1806 2326 1914 2365 fuit?

518 2402 605 2453 quis
628 2414 800 2454 unquam
822 2412 940 2453 nepos
963 2408 1042 2437 tam
1064 2398 1182 2436 libere
1204 2396 1257 2434 est
1277 2409 1368 2434 cum
1391 2396 1522 2434 scortis
1541 2425 1551 2441 ,
1583 2409 1701 2448 quam
1730 2393 1795 2432 hic
1823 2405 1915 2431 cum

519 2468 725 2513 sororibus,
757 2466 950 2506 volutatus
969 2465 981 2503 ?
1013 2479 1132 2519 quam
1151 2463 1319 2517 denique
1339 2472 1419 2503 tam
1439 2463 1654 2502 immanem
1676 2459 1915 2512 Charybdim
