2212 2835
402 211 474 250 166
857 203 1350 243 ORATIOI.

397 312 617 349 immanitas
638 318 702 347 aut
722 307 897 353 extitifl‘e,
919 316 984 346 aut
1002 321 1080 346 non
1100 307 1292 345 vindicata
1312 305 1397 351 effe,
1419 306 1604 346 videatur.
1627 309 1786 347 Praetet-

397 379 512 416 mitto
544 378 670 414 ruinas
702 376 944 414 fortunarum
976 384 1145 419 tuarum,
1176 387 1269 427 quas
1301 387 1435 411 omnes
1462 373 1686 427 impendere
1715 375 1789 413 tibi

397 444 586 497 proximis
618 443 745 480 idibus
778 442 926 479 senties.
959 441 1022 480 Ad
1049 441 1115 479 illa
1146 441 1271 486 venio,
1303 454 1388 493 quae
1419 454 1497 479 non
1528 441 1574 479 ad
1601 441 1790 494 privatam

396 510 654 563 ignominiam
674 509 857 547 vitiorum
873 516 1045 552 tuorum,
1067 521 1144 546 non
1160 508 1206 545 ad
1221 507 1469 545 domesticam
1490 516 1598 545 tuam
1617 505 1788 545 difficul-

397 587 517 616 tatem
548 591 590 614 ac
623 576 919 629 turpitudinem,
951 575 1013 612 sed
1044 574 1090 612 ad
1122 574 1314 613 summam
1346 574 1568 627 reipublicae
1599 582 1713 627 atque
1743 573 1788 612 ad

397 645 577 682 omnium
600 643 771 681 nostrum
791 642 911 680 vitam
932 641 1183 693 salutemque,
1215 641 1421 694 pertinent.

454 711 630 749 Potestne
661 710 734 748 tibi
761 708 877 761 hujus
907 709 995 747 vitae
1025 707 1107 746 haec
1137 708 1219 753 lux,
1252 708 1432 753 Catilina,
1464 716 1529 746 aut
1558 706 1675 759 hujus
1708 706 1791 746 caeli

398 778 552 830 spiritus
586 776 657 814 effe
684 775 895 828 jucundus,
927 788 1019 813 cum
1054 774 1159 819 scias,
1194 773 1337 812 horum
1372 774 1444 812 effe
1473 775 1685 819 neminem,
1722 773 1791 827 qui

398 843 552 887 nesciat,
585 851 621 880 te
643 842 765 894 pridie
786 841 975 880 Kalendas
997 840 1206 891 Jan'uarias,
1238 840 1389 892 Lepido
1409 849 1448 878 et
1473 840 1597 878 Tullo
1621 840 1791 878 consuli-

398 909 483 953 bus,
515 908 650 947 stetisse
669 909 709 946 in
732 908 896 946 comitio
922 920 1013 945 cum
1040 906 1149 944 telo?
1180 919 1354 950 manum,
1387 906 1590 944 consulum
1617 915 1655 943 et
1681 907 1790 958 prin-

398 976 533 1028 cipum
568 974 733 1012 civitatis
772 972 1129 1010 interficiendorum
1168 971 1289 1015 causa,
1330 970 1539 1024 paravisse?
1583 971 1712 1009 sceleri
1749 984 1791 1009 ac

396 1041 518 1079 furori
541 1050 607 1078 tuo
628 1054 704 1078 non
726 1047 898 1077 mentem
917 1038 1102 1090 aliquam,
1133 1046 1198 1076 aut
1218 1038 1402 1076 timorem
1424 1047 1552 1082 tuum,
1580 1037 1643 1076 sed
1662 1036 1791 1076 fortu-

396 1120 485 1146 nam
507 1107 642 1160 populi
664 1106 847 1150 Romani,
869 1104 1074 1142 obstitisse?
1097 1105 1156 1142 Ac
1171 1105 1254 1156 jam
1275 1104 1340 1141 illa
1359 1105 1521 1142 omitto:
1545 1104 1792 1157 nequeenim

397 1174 482 1212 sunt
513 1182 579 1211 aut
608 1172 780 1216 obscura,
811 1179 876 1209 aut
902 1184 980 1209 non
1006 1170 1132 1208 multa
1156 1171 1283 1223 postea
1308 1170 1520 1209 commiffa.
1554 1171 1717 1222 Qoties
1749 1178 1793 1208 tu

397 1254 461 1279 me
492 1239 745 1292 designatum,
777 1238 929 1290 quoties
955 1250 1019 1275 me
1044 1236 1256 1281 consulem,
1288 1235 1501 1274 interficere
1528 1246 1687 1275 conatus
1718 1236 1790 1274 es?

398 1307 508 1356 Qot
535 1319 606 1357 ego
631 1314 712 1343 tuas
739 1304 942 1357 petitiones
963 1303 1015 1340 ita
1032 1302 1234 1354 conjectas,
1267 1311 1310 1340 ut
1329 1303 1439 1340 vitari
1460 1302 1561 1355 poffe
1581 1316 1661 1340 non
1681 1302 1787 1341 vide-

397 1382 540 1417 rentur,
573 1385 685 1424 parva
715 1370 879 1423 quadam
911 1369 1181 1414 declinatione,
1212 1378 1264 1414 et,
1296 1377 1338 1407 ut
1374 1369 1495 1414 aiunt,
1527 1382 1700 1422 corpore,
1730 1367 1790 1406 ef-

396 1429 481 1490 fugi
501 1440 513 1475 ?
547 1436 663 1476 Nihil
683 1438 776 1490 agis,
807 1435 907 1474 nihil
925 1435 1139 1488 affequeris,
1171 1433 1272 1473 nihil
1292 1435 1455 1481 moliris,
1488 1435 1592 1488 quod
1612 1434 1714 1474 mihi
1733 1434 1790 1473 la-

396 1515 474 1543 tere
502 1505 622 1542 valeat
648 1504 688 1541 in
716 1514 916 1556 tempore:
948 1516 1073 1555 neque
1098 1511 1228 1540 tamen
1255 1502 1398 1548 conari,
1428 1515 1472 1540 ac
1493 1502 1604 1548 velle,
1635 1501 1790 1541 desistis.

397 1572 562 1624 Qoties
583 1571 666 1623 jam
696 1570 766 1608 tibi
793 1577 942 1608 extorta
966 1568 1018 1606 est
1044 1568 1116 1607 fica
1135 1568 1203 1606 ista
1222 1568 1269 1606 de
1289 1568 1500 1607 manibus?
1531 1568 1684 1621 quoties
1703 1581 1795 1607 vero

396 1639 540 1677 excidit
559 1637 645 1676 casu
665 1637 810 1689 aliquo,
841 1645 879 1674 et
905 1636 1028 1688 elapsa
1053 1635 1106 1674 est
1123 1637 1136 1673 ?
1169 1636 1321 1674 Tamen
1342 1649 1383 1673 ea
1403 1648 1530 1674 carere
1547 1635 1693 1674 diutius
1714 1648 1793 1674 non

397 1715 533 1758 potes:
566 1718 651 1756 quae
678 1704 837 1756 quidem
864 1702 1008 1754 quibus
1035 1702 1100 1740 abs
1129 1711 1166 1740 te
1186 1703 1335 1740 initiata
1355 1702 1481 1748 sacris,
1511 1716 1554 1740 ac
1575 1703 1712 1740 devota
1731 1702 1790 1746 fit,

399 1770 537 1814 nescio,
565 1769 670 1821 quod
692 1781 776 1806 eam
797 1766 940 1805 necesse
959 1777 1069 1819 putas
1088 1765 1255 1804 consulis
1276 1766 1315 1803 in
1337 1779 1496 1818 corpore
1516 1766 1695 1818 defigere.

452 1836 551 1873 v11.-
578 1835 699 1872 Nunc
719 1847 822 1878 vero,
844 1847 929 1884 quae
950 1842 1014 1870 tua
1032 1831 1085 1869 est
1110 1831 1178 1870 ista
1205 1832 1314 1869 vita?
1345 1831 1395 1870 fic
1423 1832 1529 1870 enim
1550 1833 1634 1884 jam
1660 1840 1791 1870 tecum

397 1902 545 1953 loquar,
577 1914 654 1938 non
686 1908 729 1938 ut
757 1900 846 1937 odio
876 1907 1075 1951 permotus
1106 1897 1176 1936 effe
1207 1897 1346 1942 videar,
1377 1911 1456 1950 quo
1485 1897 1619 1943 debeo,
1655 1898 1718 1936 sed
1749 1907 1792 1936 ut

398 1966 670 2011 misericordia,
691 1980 776 2018 quae
798 1965 869 2003 tibi
889 1964 995 2002 nulla
1015 1964 1188 2002 debetur.
1212 1963 1360 2002 Venisti
1381 1964 1497 2017 paulo
1516 1973 1603 2002 ante
1622 1964 1663 2002 in
1684 1963 1791 2003 sena-

399 2043 498 2072 tum.
532 2034 631 2084 Qis
654 2041 690 2070 te
710 2046 756 2070 ex
777 2031 848 2070 hac
870 2040 973 2069 tanta
991 2030 1220 2083 frequentia,
1251 2044 1298 2068 ex
1320 2039 1378 2068 tot
1406 2031 1481 2068 tuis
1501 2031 1636 2068 amicis
1657 2044 1700 2069 ac
1720 2044 1790 2069 ne-

399 2099 575 2143 ceffariis,
608 2098 811 2135 salutavit?
845 2098 883 2135 Si
913 2096 986 2135 hoc
1017 2096 1099 2149 post
1128 2095 1337 2135 hominum
1370 2097 1599 2134 memoriam
1625 2097 1793 2150 contigit

399 2166 561 2210 nemini,
590 2165 695 2202 vocis
716 2166 889 2217 expedias
912 2163 1206 2208 contumeliam,
1230 2177 1322 2201 cum
1344 2163 1387 2201 fis
1409 2163 1792 2216 graviffimojudicio

400 2232 669 2272 taciturnitatis
696 2231 922 2284 oppreffus?
954 2230 1076 2281 Qid,
1108 2230 1212 2283 quod
1239 2231 1402 2268 adventu
1430 2240 1498 2268 tuo
1523 2230 1590 2268 ista
1617 2230 1791 2268 subsellia

398 2312 516 2337 vacua
544 2297 641 2336 faeta
672 2297 788 2335 sunt?
820 2298 925 2350 quod
953 2310 1088 2335 omnes
1118 2297 1346 2342 consulares,
1377 2297 1444 2349 qui
1471 2298 1541 2335 tibi
1563 2297 1725 2350 persaepe
1744 2296 1790 2333 ad

399 2366 543 2404 caedem
578 2364 775 2402 constituti
810 2363 978 2409 fuerunt,
1011 2363 1123 2402 fimul
1156 2373 1271 2416 atque
1300 2363 1472 2409 affedisti,
1503 2373 1651 2417 partem
1680 2363 1790 2400 istam

400 2431 666 2469 subselliorum
702 2431 843 2469 nudam
874 2440 987 2483 atque
1016 2431 1171 2469 inanem
1202 2431 1468 2483 reliquerunt?
1511 2431 1603 2481 Qo
1633 2429 1789 2468 tandem

401 2498 530 2536 animo
551 2496 625 2536 hoc
648 2498 719 2536 tibi
740 2496 941 2536 ferendum
963 2506 1073 2550 putas
1093 2497 1106 2534 ?
1139 2497 1242 2536 Servi
1268 2497 1461 2536 mehercle
1488 2496 1565 2535 mei
1591 2496 1617 2534 fi
1638 2508 1700 2534 me
1720 2494 1791 2533 isto
