2212 2835
423 75 502 115 354
917 36 1319 100 ORATr'o

422 171 477 204 ea,
510 173 594 212 quae
615 172 685 212 ego
706 172 770 211 per
790 157 860 195 hos
881 158 960 195 dies
981 158 1019 194 in
1042 157 1171 195 senatu
1192 157 1238 195 de
1259 156 1458 210 republica
1477 155 1583 202 senfi,
1604 156 1812 210 vituperas·

424 225 474 262 set
492 255 502 270 ,
533 226 703 276 aliquem
727 224 760 261 se
780 224 930 261 aditum
950 223 995 260 ad
1016 236 1121 262 aures
1143 223 1278 262 vestras
1299 223 1370 261 effe
1390 222 1617 262 habiturum
1638 223 1786 276 putavit
1803 251 1814 266 ,

423 291 603 329 omittam
635 290 810 328 ordinem
843 289 997 327 dicendi
1028 303 1190 328 meum:
1223 289 1459 343 respondebo
1487 288 1658 328 hominis
1686 288 1816 326 furiofi

423 370 500 394 non
521 355 700 400 orationi,
731 369 806 407 qua
832 355 898 392 ille
924 355 982 393 uti
1008 369 1087 394 non
1107 356 1242 408 potest,
1274 355 1335 394 sed
1354 355 1547 400 convicio,
1578 355 1688 406 cujus
1709 367 1816 392 exer-

423 422 648 461 citationem
669 434 762 459 cum
783 421 1019 459 intolerabili
1039 422 1266 474 petulantia,
1294 430 1381 460 tum
1401 422 1519 460 etiam
1539 421 1720 460 diuturna
1740 420 1819 458 im-

424 488 611 539 punitate,
643 487 827 526 munivit.

480 554 534 592 ΙΙ.
566 556 626 592 Ac
647 553 821 606 primum
841 553 938 591 illud
959 566 979 590 a
1000 562 1050 598 te,
1078 552 1239 592 homine
1260 554 1393 592 vesano
1413 567 1454 592 ac
1474 553 1631 599 furioso,
1654 552 1822 605 requiro,

425 634 510 672 quae
541 630 578 658 te
610 630 714 658 tanta
738 634 852 672 poena
881 628 1040 658 tuorum
1066 619 1251 659 scelerum
1280 621 1595 673 flagitiorumque
1622 629 1746 664 vexet,
1778 626 1822 656 ut

424 686 496 725 hos
524 687 614 724 tales
642 686 758 729 viros,
790 686 858 738 qui
886 699 963 723 non
989 685 1114 723 solum
1147 687 1312 725 confiliis
1346 687 1437 732 suis,
1468 686 1530 725 sed
1555 687 1673 724 etiam
1697 685 1822 738 specie

425 752 517 806 ipsa,
549 752 778 804 dignitatem
800 751 1022 803 reipublicae
1042 751 1240 796 sustinent,
1271 753 1378 804 quod
1397 766 1471 805 ego
1490 754 1531 790 in
1558 752 1741 791 sententia
1760 751 1822 789 di-

427 819 547 856 cenda
566 817 726 855 salutem
747 816 895 854 civium
917 830 1010 854 cum
1035 815 1182 855 honore
1211 818 1287 856 Cn.
1317 818 1497 870 Pompeii
1523 817 1792 869 conjunxerim
1809 845 1823 862 ,

428 884 530 923 mihi
549 883 620 921 effe
640 883 752 920 iratos
771 911 783 927 ,
814 890 852 920 et
872 882 978 920 aliud
1004 882 1051 920 de
1070 882 1222 921 summa
1240 882 1316 921 hoc
1336 892 1512 937 tempore
1531 882 1718 936 religione
1738 882 1824 920 sen-

428 950 546 996 suros,
576 963 619 987 ac
641 962 704 987 me
723 948 876 987 absente
896 948 1090 994 senserint,
1121 949 1315 989 arbitrere.

482 1016 605 1056 Fuisti
627 1025 685 1061 tu,
714 1015 858 1068 inquit,
880 1015 983 1069 apud
1001 1016 1204 1068 pontifices
1226 1016 1394 1070 superior
1410 1035 1421 1063 ς
1445 1016 1506 1055 sed
1521 1017 1620 1070 jam,
1641 1015 1831 1070 quoniam

431 1093 468 1123 te
498 1083 544 1122 ad
574 1082 769 1137 populum
799 1081 1012 1127 contulisti,
1045 1082 1089 1122 fis
1116 1082 1277 1122 inferior
1303 1083 1447 1122 necesse
1473 1084 1540 1122 est.
1572 1084 1680 1122 Itane
1705 1081 1827 1121 vero?

430 1150 535 1203 quod
561 1150 603 1188 in
628 1149 808 1203 imperita
833 1148 1088 1187 multitudine
1114 1149 1167 1188 est
1189 1149 1486 1196 vitiofiffimum‚
1516 1149 1672 1188 varietas
1700 1157 1739 1186 et
1765 1149 1831 1186 in-

430 1216 665 1261 constantia,
695 1224 734 1253 et
753 1214 886 1253 crebra
903 1243 914 1260 ,
946 1224 1131 1269 tanquam
1151 1215 1424 1269 tempestatum
1442 1245 1453 1260 ‚
1484 1216 1534 1254 fic
1555 1215 1834 1254 sententiarum-

430 1281 716 1325 commutatio,
746 1279 823 1319 hoc
856 1289 899 1319 tu
929 1281 977 1319 ad
1005 1280 1076 1320 hos
1107 1281 1338 1327 transferas,
1369 1295 1466 1335 quos
1497 1282 1545 1320 ab
1575 1280 1832 1320 inconstantia.

432 1349 592 1403 gravitas
611 1377 624 1393 ,
655 1361 675 1385 a
700 1346 905 1385 libidinosa
930 1347 1117 1386 sententia
1139 1356 1290 1386 certum
1309 1357 1348 1387 et
1366 1347 1572 1387 definitum
1586 1349 1651 1400 jus
1673 1347 1831 1399 religio-

432 1430 531 1456 num
548 1444 560 1460 ,
590 1413 752 1453 vetustas
773 1413 1045 1467 exemplorum
1062 1442 1074 1459 ‚
1105 1415 1307 1452 auctoritas
1329 1414 1528 1453 literarum
1549 1423 1831 1453 monumento-

434 1496 627 1536 rumque,
659 1481 852 1519 deterret?
885 1482 1000 1518 Tune
1031 1493 1069 1518 es
1101 1480 1195 1527 ille,
1225 1481 1384 1534 inquit,
1415 1495 1495 1534 quo
1525 1481 1674 1520 senatus
1707 1493 1833 1518 carere

434 1564 511 1588 non
532 1548 675 1603 potuit,
706 1560 825 1600 quem
845 1546 938 1586 boni
965 1546 1162 1593 luxerunt,
1192 1561 1313 1600 quem
1338 1547 1553 1601 respublica
1578 1546 1833 1586 desideravit?

434 1630 513 1670 quo
533 1615 721 1660 restituto,
752 1613 900 1652 senatus
921 1614 1188 1653 auetoritatem
1209 1615 1423 1654 restitutam
1444 1615 1691 1668 putabamus,
1713 1627 1836 1666 quam

435 1674 610 1737 primum
630 1681 833 1719 adveniens
854 1680 1055 1734 prodidisti
1073 1681 1086 1718 ?
1117 1680 1312 1720 Nondum
1333 1681 1379 1720 de
1399 1695 1484 1720 mea
1504 1681 1690 1719 sententia
1715 1681 1803 1718 dico
1821 1694 1835 1718 :⁷

436 1749 687 1803 impudentiae
708 1749 883 1802 primum
902 1747 1138 1800 respondebo
1159 1755 1247 1785 tuae.

493 1817 568 1855 III.
601 1817 722 1854 Hunc
752 1815 886 1867 igitur,
917 1813 1064 1852 funesta
1091 1813 1312 1866 reipublicae
1340 1813 1469 1867 pestis,
1498 1811 1605 1851 hunc
1633 1821 1676 1850 tu
1707 1812 1837 1850 civem

438 1882 537 1921 ferro
557 1890 595 1920 et
615 1871 746 1925 armis,
776 1888 815 1918 et
834 1879 1025 1918 exercitus
1046 1888 1200 1925 terrore,
1231 1889 1269 1918 et
1289 1879 1493 1918 consulum
1519 1878 1670 1924 scelere,
1700 1888 1740 1917 et
1765 1891 1835 1917 au-

439 1949 726 1990 daciffimorum
759 1945 970 1985 hominurn
1004 1947 1155 1993 minis,
1187 1946 1382 1986 servorum
1417 1946 1597 1992 delectu,
1629 1945 1839 1984 obseffione

440 2015 693 2069 templorum,
714 2014 969 2067 occupatione
988 2013 1076 2060 fori,
1098 2013 1334 2067 oppreffione
1354 2014 1484 2060 curiae,
1506 2013 1624 2052 domo
1644 2022 1682 2052 et
1702 2014 1836 2066 patria,

442 2097 490 2122 ne
509 2095 603 2120 cum
627 2080 819 2134 improbis
848 2080 941 2119 boni
962 2079 1062 2119 ferro
1083 2080 1338 2127 dimicarent,
1369 2080 1502 2119 cedere
1522 2079 1688 2125 curasti,
1717 2092 1841 2131 quem.

442 2165 463 2189 a
484 2150 627 2194 senatu,
659 2161 776 2201 quem
798 2161 819 2185 a
837 2148 950 2186 bonis
970 2147 1167 2194 omnibus,
1199 2162 1318 2201 quern
1340 2162 1359 2186 a
1379 2150 1518 2187 cuncta
1537 2147 1660 2193 Italia,
1691 2146 1838 2185 defide-

442 2226 595 2260 ratum,
625 2214 866 2260 arceffitum,
896 2224 1140 2261 revocatum,
1171 2215 1434 2255 conservandae
1461 2214 1682 2269 reipublicae
1707 2212 1841 2259 causa,

444 2282 636 2320 confiteris
657 2281 670 2318 ?

503 2350 554 2386 At
574 2348 680 2386 enim
701 2348 740 2386 in
761 2347 933 2387 senatum
954 2347 1094 2394 venire,
1117 2348 1157 2387 in
1180 2347 1421 2401 Capitolium
1442 2348 1596 2394 intrare,
1617 2345 1840 2387 turbulento
